4658 6132
391 637 489 698 lunio.
505 631 549 716 3.]
847 625 1043 690 HISTORIA
1068 621 1359 688 birbolttlrtcl.
1744 625 1801 688 l'l'l

438 765 646 854 Fridericus,
660 773 744 852 ete,
756 762 946 836 venerabili
958 760 1075 836 abbati
1089 757 1284 832 Cassinensi
1297 766 1333 830 et
1345 757 1533 831 conventui
1544 757 1714 850 ejusdem,
1730 768 1798 832 etc.

390 894 479 966 licce
491 889 588 986 quod
606 888 654 963 ad
671 886 957 982 supplicationem
977 885 1093 962 dilecti
1107 881 1273 979 principis
1286 881 1393 954 nostri
1414 881 1515 954 ducis
1529 880 1667 954 Austris
1681 891 1716 954 et
1728 883 1802 956 Sti-

391 1017 442 1090 rie
454 1036 496 1090 aa
513 1011 722 1088 venerabilis
737 1011 891 1106 magistri
910 1009 1036 1082 domus
1058 1008 1325 1080 Alemannorum
1346 1005 1463 1080 devoti
1487 1006 1594 1080 nostri
1612 1007 1804 1102 recepimus

392 1161 456 1214 voe
477 1137 523 1212 de
545 1135 760 1210 abundantia
776 1133 913 1228 pietatis
937 1142 1052 1206 nostre
1071 1132 1104 1204 in
1129 1130 1275 1224 gratiam
1299 1128 1487 1222 majestatis
1509 1139 1640 1218 nostre,
1666 1151 1804 1204 omnem

391 1261 557 1334 offensam
577 1279 682 1352 quam
704 1263 823 1330 contra
840 1263 991 1328 nostram
1014 1251 1253 1327 excellentiam
1274 1271 1337 1346 pro
1353 1250 1504 1346 presenti
1522 1249 1695 1324 discordia
1718 1252 1806 1326 iuter

393 1405 457 1458 nos
474 1391 510 1455 et
523 1380 703 1456 dominnm
722 1401 848 1475 papam
862 1378 993 1470 habita,
1010 1400 1032 1450 u
1047 1376 1218 1472 principio
1238 1375 1463 1448 dissensionis
1479 1376 1642 1469 usquein
1659 1375 1805 1450 hodier-

394 1530 478 1580 num
494 1506 587 1580 diem
604 1505 778 1578 decimum
794 1513 957 1576 octavum
973 1503 1104 1598 aprilis,
1123 1501 1222 1574 tertia
1244 1499 1450 1590 indictione,
1469 1499 1535 1572 visi
1559 1499 1640 1572 estis
1662 1501 1805 1572 commi-

393 1632 493 1723 sisse,
510 1630 649 1726 peuitus
661 1625 968 1722 relinquentes(l).
983 1625 1140 1698 Ceterum
1151 1645 1194 1698 eu
1207 1644 1278 1718 quo
1290 1623 1392 1696 vobis
1404 1623 1580 1720 predictus
1594 1623 1671 1696 dux
1683 1632 1807 1696 etma-

394 1755 500 1850 gister
525 1752 814 1826 Tbeutonicorum
839 1749 1017 1823 retulerint
1041 1771 1088 1821 ex
1113 1756 1211 1843 parte
1236 1746 1396 1820 culminis
1421 1747 1548 1836 nostri,
1573 1745 1808 1820 indubitanter

394 1876 552 1952 credatis.
574 1878 697 1948 Datum
712 1874 830 1966 Fugio,
846 1883 913 1947 eta.

477 2059 593 2139 (Edidit
605 2059 754 2121 chmnn.
770 2077 810 2120 nn
822 2059 856 2122 S.
874 2058 988 2136 llum,
1005 2054 1134 2118 Gltrooic
1149 2051 1269 2116 adaco.
1287 2055 1389 2131 12³0.)

450 2577 685 2684 FridericuS,
706 2575 966 2660 Rornanorum
984 2575 1206 2684 imperator,
1221 2573 1451 2656 monasterio
1469 2572 1652 2657 buorensi
1667 2571 1809 2684 (Bene-
1884 2577 1898 2659 i
1916 2619 1933 2660 a
1950 2575 1974 2656 .⁸'

397 2707 618 2820 dictbemn)
636 2707 879 2818 privilegium
901 2707 961 2789 avi
989 2708 1048 2790 sni
1075 2705 1289 2789 Fridericil
1311 2706 1549 2814 imperatoris
1572 2707 1663 2788 anni
1689 2706 1807 2810 1155,

402 2843 451 2924 15
465 2842 572 2948 mcii,
587 2841 789 2924 inserendo
806 2850 965 2924 renovat
981 2850 1019 2923 et
1035 2839 1249 2924 confirmat.

479 3051 572 3132 (Edit.
583 3069 632 3131 ap.
645 3052 875 3125 llmcnuneucu,
888 3051 1019 3114 Circum.
1030 3050 1323 3124 dimitto-Barac„
1332 3069 1363 3129 p.
1378 3061 1447 3131 ttt,
1457 3051 1607 3131 ubisigllli
1617 3051 1715 3131 figura
1727 3051 1811 3113 exhi·

518 3159 618 3234 betur3
633 3161 841 3220 cttnltonom.
852 3158 943 3228 Boia..
957 3157 1106 3232 tomllll,
1118 3175 1148 3235 p.
1163 3159 1287 3220 ituci.
1302 3161 1426 3218 Monam
1441 3158 1534 3235 Boia,
1544 3165 1568 3218 t.
1579 3158 1675 3231 XXX,
1686 3175 1754 3236 pars
1770 3167 1809 3231 ι’,

517 3281 550 3341 p.
569 3273 637 3343 tto,
650 3265 704 3324 ubl
716 3265 846 3344 sigillum
858 3279 977 3342 quoque
988 3263 1163 3326 describitur
1174 3263 1344 3341 appendas
1356 3279 1394 3324 ex
1408 3263 1466 3326 ntis
1480 3265 1582 3324 rerlels
1594 3263 1685 3336 robrl,
1698 3263 1770 3325 flavi
1782 3271 1812 3324 et

518 3371 579 3430 albl
592 3369 723 3448 colons.)

449 3529 489 3601 ln
517 3528 657 3602 nomine
680 3535 797 3601 sancte
817 3536 852 3600 et
871 3525 1054 3601 individue
1076 3527 1262 3599 Trinitatis.
1285 3527 1478 3600 Fridericus
1496 3527 1671 3601 moundus
1692 3527 1811 3599 divina

402 3654 538 3726 invente
554 3651 736 3725 clementia
751 3652 981 3724 Romanorum
997 3651 1193 3746 imperator,
1211 3673 1347 3746 semper
1364 3662 1550 3744 ungurstns,
1573 3653 1760 3724 Jerusalem
1778 3660 1813 3723 et

403 3773 517 3848 Sicilie
534 3797 609 3847 rex.
632 3774 731 3847 Siad
748 3775 911 3848 eeclesias
929 3783 965 3848 et
979 3775 1054 3847 loca
1075 3775 1285 3847 venerabilia
1301 3777 1373 3847 Deo
1387 3776 1501 3848 dicata
1516 3775 1666 3868 benigne
1687 3773 1814 3868 dirigi-

402 3919 482 3970 mus
494 3898 604 3971 aciem
617 3897 742 3970 mentis
758 3907 873 3970 nostre
890 3919 932 3971 ao
945 3919 1065 3971 eorum
1079 3899 1290 3993 profectibus
1306 3899 1518 3971 intendimus
1532 3897 1733 3990 diligenter,
1751 3920 1812 3970 ue·

439 4149 475 4223 (t)
493 4151 552 4207 tam
566 4165 638 4208 anno
650 4149 841 4224 praecedente,
854 4165 949 4207 manse
963 4149 1116 4220 decembri,
1132 4157 1163 4206 ut
1178 4149 1236 4223 ipae
1249 4149 1395 4206 lticcurdus
1409 4149 1443 4206 de
1457 4147 1485 4205 S.
1499 4149 1591 4206 Germ.
1604 4149 1698 4228 reicrt,
1714 4151 1816 4208 litteras

402 4247 438 4304 de
445 4247 603 4306 remissione
611 4247 728 4305 offensae
737 4247 828 4306 abbati
842 4254 871 4304 et
884 4246 1023 4305 monacbis
1033 4245 1237 4304 Cresimnsibus
1246 4246 1356 4304 dederat
1364 4247 1519 4320 imperator,
1529 4245 1684 4304 bominibus
1693 4245 1816 4306 abbatiae

403 4343 571 4417 praecipiens
584 4351 616 4400 ut
628 4345 701 4402 sicut
715 4345 791 4418 prins
806 4343 897 4402 abbati
911 4350 940 4402 et
950 4343 1090 4402 monacbis
1105 4343 1308 4418 responderent.
1328 4343 1403 4400 Tunc
1421 4344 1563 4417 episcopus
1577 4343 1737 4404 libanensis
1752 4361 1815 4403 cum

404 4440 537 4514 Aquinate
550 4445 578 4497 et
589 4441 694 4498 Alilano
707 4441 841 4514 episcopis
850 4441 1033 4514 militibusque
1044 4439 1186 4512 Campanis
1198 4441 1243 4513 qui
1256 4455 1286 4497 se
1298 4440 1326 4497 in
1337 4439 1446 4498 cassino
1458 4447 1616 4515 receperant
1629 4441 1719 4500 salvius
1732 4443 1813 4514 exiit;

404 4537 595 4594 monasterinm
604 4543 694 4596 antem
703 4553 736 4595 ac
746 4543 802 4594 tota
816 4543 887 4594 terra
896 4537 956 4610 ejus
969 4553 1049 4594 curae
1061 4535 1234 4593 commissum
1244 4543 1286 4594 cst
1299 4537 1418 4610 magistri
1428 4537 1653 4595 Tbeutonicorom
1667 4540 1712 4612 qui
1721 4557 1815 4614 quem·

406 4633 470 4690 dam
486 4633 520 4691 de
536 4633 617 4692 durno
629 4651 678 4694 sua
695 4634 805 4694 fratrem
817 4635 984 4694 beonardum
1000 4641 1200 4708 procuratorem
1217 4633 1356 4692 constitnit
1367 4634 1474 4692 nornine
1487 4649 1536 4694 suo
1548 4651 1635 4709 nsque
1647 4637 1683 4694 ud
1699 4637 1815 4695 reditum

408 4731 538 4788 suamab
552 4731 629 4790 urbe.

507 4831 562 4906 III,
1618 4844 1654 4895 23
