4702 6110
565 645 626 708 430
1094 651 1265 713 titutum
1290 653 1456 714 Slll’Tllll
1792 653 1870 736 [trs.
1891 653 1974 716 teau.

569 783 771 875 dinoscitur,
790 783 907 856 animo
921 805 984 858 nos
999 783 1099 858 decet
1110 785 1230 860 libenti
1246 788 1428 862 admittere
1440 797 1476 862 et
1491 787 1682 884 petentium
1696 785 1878 862 desideriis
1892 809 1977 862 con-

568 929 694 1000 gruum
720 907 922 1002 suffragium
948 907 1126 1005 impertiri.
1152 911 1201 984 lla
1224 921 1363 1010 propter
1385 913 1432 986 ad
1458 911 1613 986 notitiam
1641 912 1881 986 nniversomm
1907 935 1976 987 ou-

567 1031 683 1128 pimus
697 1031 879 1127 pervenire
896 1032 993 1127 quod
1012 1033 1160 1108 dilectos
1173 1033 1286 1108 fidelis
1304 1045 1419 1110 noster
1432 1057 1547 1109 comes
1566 1035 1645 1109 Otto
1655 1036 1772 1129 junior
1789 1037 1835 1110 de
1848 1038 1977 1111 Boun-

569 1156 669 1230 luben
687 1157 739 1252 (t)
756 1155 802 1229 ad
827 1166 977 1230 nostrum
1000 1157 1171 1232 accedens
1188 1161 1395 1256 presentiam
1417 1159 1552 1234 anobis
1571 1181 1651 1233 cum
1673 1183 1799 1254 magna
1817 1161 1977 1236 instantia

568 1282 754 1376 postulavit
770 1281 959 1375 quodcum
980 1281 1055 1377 ipse
1068 1292 1103 1356 et
1120 1305 1211 1356 uxor
1225 1307 1288 1358 sua
1305 1285 1350 1358 ad
1366 1285 1566 1380 religionem
1583 1285 1801 1358 intenderent
1815 1307 1854 1358 se
1869 1295 1979 1358 trans·

568 1405 678 1494 terre,
698 1407 848 1478 liberum
873 1407 1052 1478 arbitrium
1075 1407 1141 1503 ipsi
1160 1408 1244 1482 dare
1266 1409 1489 1502 dignaremur
1515 1408 1691 1484 vendendi
1711 1419 1861 1482 castrum
1875 1433 1977 1484 sunm

569 1529 796 1625 Licbtenberg
819 1551 897 1602 cum
923 1533 997 1603 suis
1020 1532 1208 1606 attinentiis
1227 1543 1360 1606 etcum
1381 1533 1543 1608 omnibus
1564 1533 1758 1632 quod(que)
1778 1556 1801 1608 a
1822 1535 1922 1608 uobis
1943 1545 1979 1607 et

569 1651 713 1748 imperio
736 1653 902 1748 possidet.
930 1655 1000 1728 Nos
1022 1677 1043 1728 e
1065 1655 1254 1730 deliberato
1278 1657 1420 1730 oonsilio
1446 1658 1641 1754 principum
1664 1679 1706 1730 ac
1727 1657 1873 1732 aliorum
1898 1679 1977 1732 nos·

569 1787 697 1852 trorum
709 1777 929 1852 familiarium
942 1779 1212 1875 subscriptorum
1224 1781 1402 1854 memorati
1413 1783 1547 1855 comitis
1560 1783 1782 1878 petitionibus
1793 1783 1978 1876 dignamur

568 1903 811 1990 annuendum,
829 1912 865 1974 et
882 1903 1085 1977 auctoritate
1105 1905 1200 2000 regia
1217 1905 1364 1978 liberum
1381 1906 1558 1978 arbitrium
1574 1905 1751 1980 vendendi
1761 1915 1976 2002 prenotatnm

570 2038 719 2100 castrum
736 2049 815 2098 eum
833 2027 996 2099 omnibus
1011 2051 1081 2122 que
1094 2052 1115 2102 a
1130 2029 1230 2102 nobis
1247 2039 1283 2103 et
1297 2031 1442 2126 imperio
1456 2029 1609 2126 possidet
1626 2031 1692 2126 ipsi
1708 2029 1929 2126 indulgemus
1943 2041 1979 2104 et

567 2161 685 2224 tenore
702 2150 915 2245 presentium
934 2161 1138 2246 prestamus.
1160 2155 1203 2226 lit
1215 2163 1255 2226 ut
1272 2155 1434 2228 omuibus
1451 2155 1586 2250 plenius
1603 2157 1774 2228 elucescat
1790 2164 1830 2228 ut
1844 2177 1978 2228 memo-

567 2283 641 2346 rato
658 2273 774 2346 comiti
793 2275 960 2370 premissa
976 2276 1066 2350 bona
1084 2300 1148 2351 sua
1166 2279 1319 2353 vendere
1337 2281 1438 2354 licoat
1455 2280 1512 2352 cui
1530 2280 1631 2372 velit,
1655 2301 1796 2376 presens
1813 2280 1977 2376 scripturn

568 2399 681 2494 sigillo
695 2409 810 2473 nostre
827 2401 1043 2475 celsitudinis
1061 2405 1310 2478 communitum
1327 2405 1394 2502 ipsi
1410 2405 1627 2502 precepimus
1642 2405 1813 2478 exhiberi.

615 2523 731 2596 Testes
750 2525 812 2618 qui
835 2525 1065 2600 interfuerunt
1087 2527 1136 2600 hii
1161 2539 1243 2600 sunt
1266 2531 1309 2601 H.
1334 2530 1543 2604 venerabilis
1562 2529 1818 2626 llarbipoleusis
1840 2529 1978 2625 episco-

567 2669 633 2743 pus
652 2647 726 2745 (2),
751 2649 791 2720 Ε.
817 2647 887 2748 (C.)
913 2653 1120 2726 venerabilis
1141 2654 1250 2726 abbas
1273 2653 1388 2726 Sancti
1410 2653 1568 2746 Galli,...
1597 2675 1712 2726 comas
1737 2653 1782 2728 do
1807 2653 1974 2742 tiamne,

568 2771 605 2841 L.
624 2762 738 2844 comes
753 2773 798 2846 de
811 2775 961 2865 Kastele‚
982 2774 1022 2847 G.
1040 2777 1086 2850 de
1099 2777 1284 2872 Butingen,
1306 2775 1347 2848 G.
1366 2777 1411 2852 de
1423 2777 1615 2868 llohenlob‚
1631 2780 1673 2850 H.
1691 2787 1727 2852 et
1740 2781 1782 2851 Η.
1799 2779 1920 2852 tratres
1933 2779 1978 2851 de

567 2893 658 2983 Nile,
679 2896 719 2967 Ε.
742 2895 787 2968 de
808 2897 981 2986 Eberstal‚
999 2901 1040 2972 Ε.
1066 2901 1198 2996 dapifer
1217 2901 1261 2974 de
1276 2901 1441 2996 Walpuro
1458 2911 1493 2974 et
1515 2900 1607 2974 lilius
1628 2925 1730 2993 snus,
1752 2902 1789 2975 C.
1814 2903 1978 3000 pincerna

570 3017 615 3090 de
628 3019 858 3110 Winterstete‚
875 3024 914 3094 L.
933 3025 970 3094 L.
989 3033 1023 3096 et
1036 3026 1077 3096 H.
1098 3027 1219 3098 iratres
1235 3026 1279 3098 de
1297 3025 1517 3118 Grindelahe,
1537 3027 1644 3100 etalii
1659 3028 1894 3123 quamplures.

616 3143 740 3214 Datum
763 3144 859 3240 apud
881 3147 1093 3238 Nuriuberc,
1122 3171 1213 3222 anuo
1241 3149 1414 3223 dominice
1441 3149 1685 3222 iucarnationis
1705 3151 1752 3222 Μ.
1777 3149 1839 3222 CC.
1860 3153 1976 3239 XXX,

570 3287 661 3340 nono
675 3267 839 3342 kalendas
858 3271 1026 3361 octobris,
1045 3271 1233 3346 indictione
1253 3273 1358 3347 tercia
1377 3273 1442 3368 (3).

605 3569 640 3644 (t)
658 3571 845 3630 verisimiliter
858 3574 894 3632 ita
912 3575 1114 3652 dictusjum'm
1128 3593 1213 3652 quum
1230 3585 1307 3654 pater
1329 3579 1423 3654 ipsius,
1439 3580 1556 3638 nominis
1576 3580 1707 3654 ejusdam,
1723 3595 1777 3638 non
1796 3585 1860 3638 ante
1878 3595 1978 3638 aunum

568 3671 638 3728 aaut
651 3669 759 3726 obierit.
773 3671 827 3728 late
837 3673 927 3731 senior
940 3673 1004 3732 Otto
1015 3675 1051 3732 de
1065 3675 1244 3734 Botenlaubeu
1256 3677 1337 3735 irater
1352 3683 1410 3734 erat
1423 3677 1528 3736 comitis
1537 3677 1669 3752 Poppouis
1683 3677 1717 3734 de
1730 3677 1889 3752 Henueberg
1902 3676 1978 3748 cruos

568 3765 705 3823 multoties
716 3767 744 3822 in
757 3768 927 3828 documentis
938 3771 1019 3844 hujus
1027 3773 1085 3830 aevi
1098 3774 1199 3832 mendo
1213 3773 1252 3830 lit.

604 3862 639 3936 (2)
659 3862 809 3939 Episcopus
820 3867 871 3924 iste
882 3867 933 3925 luit
945 3871 991 3942 qui
1002 3869 1037 3926 ab
1045 3870 1144 3928 Ottone
1153 3871 1292 3946 praedicto
1304 3877 1394 3929 casua
1405 3872 1439 3929 de
1450 3871 1646 3946 liechtenbrrg
1657 3879 1685 3931 et
1696 3873 1730 3930 de
1743 3871 1909 3945 llildenburg
1916 3887 1978 3927 cunr

567 3975 660 4018 eorum
674 3961 844 4036 pertinentiis
853 3981 903 4040 pro
916 3968 986 4026 lato
1001 3969 1099 4026 marcis
1112 3971 1214 4043 argenti
1225 3969 1400 4044 comparavit,
1411 3985 1461 4044 psr
1471 3971 1678 4028 instrumentum
1689 3971 1781 4029 daanu
1792 3971 1865 4046 apud
1877 3969 1979 4026 Wirtz·

569 4057 650 4132 burg,
667 4075 737 4118 anno
750 4062 855 4119 Domui
868 4068 947 4139 ⁴230,
960 4082 1053 4126 meuse
1064 4067 1210 4140 decembri,
1226 4069 1319 4125 indict.
1332 4069 1378 4140 tv,
1392 4069 1580 4143 praesentibus
1592 4069 1719 4144 magistro
1729 4068 1851 4126 waltero
1863 4067 1898 4124 da
1910 4069 1979 4124 lon·

570 4153 690 4228 ncnberg
706 4157 835 4216 canonico
853 4159 1054 4235 llcrbipoleusi,
1069 4163 1221 4223 Hermanno
1240 4165 1368 4238 magisuo
1381 4165 1478 4224 domus
1488 4167 1694 4226 Teutonicomm
1705 4168 1734 4226 S.
1746 4165 1848 4224 Marias
1859 4165 1886 4222 in
1903 4166 1977 4222 Jeru-

571 4251 664 4323 salem,
674 4253 758 4311 lratre
769 4255 910 4314 nortboldo
925 4257 960 4315 de
974 4260 1150 4318 Tannenrods
1160 4268 1188 4318 st
1199 4260 1258 4319 aliis
1268 4261 1400 4336 pluribus.
1413 4263 1566 4336 Samarra,
1581 4263 1661 4336 ibid,
1676 4267 1757 4339 pse,
1770 4275 1802 4320 n⁰
1812 4263 1886 4321 Xlll.

607 4349 642 4421 (a)
657 4349 740 4407 Recte
753 4359 845 4410 autem
859 4362 968 4428 quarto.
