4710 6076
386 1251 487 1302 Maltino,

402 1307 466 1358 lullo.

1054 679 1264 742 ralnunlcl
1289 682 1464 745 SECUNDl
1779 683 1856 769 [bus.
1875 685 1963 750 1231.

602 1253 838 1361 luduicus,
857 1257 1119 1342 Romanorum
1147 1261 1375 1370 imperator,
1402 1264 1625 1348 choeslao
1656 1267 1737 1375 regi
1763 1265 1966 1356 bohemiae

549 1397 809 1496 postmortem
827 1389 1000 1476 Ottokari
1016 1393 1134 1502 patris
1152 1394 1287 1504 ipsius,
1304 1397 1354 1478 ad
1370 1397 1710 1482 considerationem
1725 1425 1878 1509 quoque
1894 1400 1965 1482 Ca·
2039 1383 2040 1386 i

551 1521 722 1606 tharinae
736 1524 986 1609 consobrinae
1003 1552 1094 1610 suae
1107 1529 1237 1611 uxoris
1251 1527 1423 1639 ejusdem
1436 1529 1665 1638 Weuceslai,
1684 1557 1846 1642 reguum
1862 1531 1964 1614 istud

550 1658 886 1768 compertinentiis
906 1669 943 1742 et
956 1661 1061 1743 omni
1071 1660 1159 1771 jure
1178 1661 1229 1746 ub
1246 1663 1406 1772 imperio
1418 1665 1625 1748 tenendum
1640 1664 1854 1748 confirmat.

629 1869 722 1949 [Edlt.
746 1887 794 1948 ap.
817 1873 958 1946 Raram„
974 1871 1109 1948 Μίκκα,
1125 1883 1150 1937 t.
1163 1877 1253 1950 Vlll,
1269 1895 1299 1955 p.
1317 1887 1347 1938 a.
1360 1911 1399 1922 -
1409 1877 1568 1960 Gouunsr,
1582 1877 1617 1939 de
1631 1897 1709 1960 rapa
1726 1877 1800 1940 nol.
1815 1878 1961 1962 prtottaq„

667 1975 802 2055 Appcud.
811 1979 971 2040 docum.u⁰
980 1981 1090 2044 XV.—
1096 1982 1331 2063 Summanus,
1340 1982 1468 2064 Sci-ipa,
1480 1991 1503 2047 t.
1514 1987 1577 2063 l,p.
1586 1995 1699 2047 92⁵.-
1706 1987 1816 2062 Lumo,
1831 1985 1961 2048 Teneat.

667 2081 888 2162 decharchia,
904 2092 926 2147 t
944 2087 998 2162 Vl,
1013 2091 1178 2152 coutlnuat.
1193 2107 1224 2168 p.
1241 2087 1283 2170 5.)

597 2272 635 2342 ln
657 2271 796 2343 nomine
814 2281 931 2343 sancte
949 2282 985 2345 et
1008 2271 1195 2348 individue
1216 2275 1403 2349 Trinitatis.
1427 2277 1622 2352 Fridericus
1641 2279 1670 2350 ll
1690 2278 1809 2352 diviua
1828 2281 1965 2352 lavante

550 2393 729 2466 clementia
753 2393 984 2467 Romanorum
1009 2397 1209 2492 imperator,
1232 2419 1367 2494 semper
1384 2409 1575 2494 augustus,
1594 2403 1783 2474 Jerusalem
1799 2413 1834 2474 et
1851 2402 1964 2474 Sicilie

549 2540 624 2590 rex.
644 2520 739 2590 Tunc
754 2518 932 2614 imperiale
946 2520 1122 2614 fastigium
1138 2544 1202 2594 sua
1217 2522 1334 2594 rutilat
1349 2524 1518 2618 dignitate
1531 2547 1573 2598 ao
1589 2526 1741 2620 potentie
1751 2549 1816 2598 sua
1832 2539 1965 2622 sceptra

551 2643 725 2730 clarificat,
746 2667 825 2716 cum
841 2644 888 2718 ad
904 2668 1003 2740 reges
1017 2655 1053 2718 et
1068 2647 1241 2743 principes
1255 2670 1319 2720 suc
1334 2649 1507 2742 subjectos
1524 2649 1668 2744 imperio
1684 2672 1747 2724 suc
1763 2650 1878 2724 radios
1893 2651 1963 2722 cla·

550 2770 660 2841 citatis
678 2769 823 2842 effundit
840 2779 875 2842 et
892 2770 977 2866 ipsis
998 2781 1141 2866 paterna
1161 2795 1267 2868 regua
1286 2773 1451 2846 munifica
1470 2774 1651 2868 largitione
1667 2773 1856 2846 confirmat.
1877 2774 1964 2846 Hinc

550 2903 602 2965 est
617 2893 722 2988 igitur
739 2893 832 2989 quod
857 2917 919 2990 per
941 2904 1135 2991 presentem
1155 2898 1369 2990 augustalem
1388 2897 1550 2992 paginam
1572 2908 1692 2971 uotum
1710 2900 1965 2970 essevolumus

551 3027 620 3090 tam
641 3017 816 3090 modernis
843 3041 949 3113 quam
976 3020 1121 3113 posteris
1143 3021 1316 3094 universis
1337 3021 1433 3116 quod
1464 3043 1544 3094 cum
1570 3021 1653 3093 olim
1679 3022 1819 3093 vivente
1841 3021 1965 3094 dilecto

550 3141 705 3238 principe
719 3151 835 3216 nostro
853 3142 1016 3215 Ottokaro
1031 3143 1154 3215 illustri
1170 3145 1399 3218 Bohemorum
1417 3167 1517 3240 rege,
1537 3154 1674 3240 recepto
1692 3168 1714 3218 a
1732 3146 1857 3219 dilecto
1869 3145 1965 3240 prin-

550 3265 627 3361 cipe
640 3276 675 3338 et
688 3267 790 3339 affine
804 3275 921 3340 nostro
937 3267 1097 3340 Waczlao
1112 3268 1241 3360 juniori
1256 3292 1338 3364 rege
1352 3269 1422 3342 lilio
1440 3272 1517 3362 ejus
1530 3269 1692 3366 homagio
1703 3270 1805 3362 juxta
1819 3289 1962 3356 morem,

549 3391 818 3464 concesserimus
840 3392 873 3464 ei
898 3401 1061 3487 tanquam
1086 3393 1315 3488 primogenito
1343 3394 1389 3470 de
1410 3395 1529 3468 inuata
1547 3394 1750 3468 liberalitate
1774 3401 1890 3466 nostra
1912 3414 1965 3466 rc·

549 3537 656 3612 guum
685 3515 848 3588 Bohemie
875 3525 954 3611 post
981 3515 1138 3608 ejusdem
1169 3519 1277 3614 patris
1306 3518 1362 3590 sui
1385 3517 1519 3590 obitum
1547 3517 1593 3589 ab
1616 3516 1759 3612 imperio
1781 3513 1965 3612 possiden.

549 3639 634 3713 dnm
649 3637 715 3735 (l),
726 3639 942 3714 attendentes
957 3641 1002 3715 ad
1018 3662 1173 3736 presens,
1189 3663 1271 3736 rege
1283 3640 1440 3738 predicto
1451 3639 1614 3714 Ottolmrc
1625 3649 1722 3736 patre
1736 3641 1845 3736 ipsius
1861 3641 1966 3714 rebus
2100 3714 2104 3722 ,

548 3763 709 3838 humanis
724 3772 886 3860 exempto
902 3761 969 3862 (2),
991 3765 1138 3860 qualiter
1154 3766 1229 3861 ipse
1242 3767 1328 3840 dum
1350 3765 1442 3840 vixit
1463 3764 1580 3852 nobis,
1598 3763 1721 3836 illustri
1735 3765 1965 3838 Romanorum

548 3871 621 3982 regi
645 3888 793 3960 ilenrico
814 3888 1015 3961 charissimo
1041 3889 1113 3962 lilio
1136 3899 1253 3962 nostro
1276 3899 1310 3962 et
1327 3889 1472 3986 imperio
1491 3888 1640 3961 devotus
1660 3888 1811 3962 extiterit
1834 3897 1869 3960 et
1892 3910 1965 3960 me·

549 4021 701 4086 moratus
720 4012 812 4085 filius
827 4015 903 4106 ejus
919 4014 1102 4087 Waczlaus
1120 4035 1185 4116 rex
1199 4013 1318 4106 junior
1335 4022 1475 4108 paterne
1492 4011 1688 4086 dovotionis
1703 4034 1785 4106 erga
1800 4032 1882 4102 nos,
1904 4012 1964 4084 di-

548 4138 674 4210 lectum
698 4159 815 4230 regem
836 4137 944 4209 lilium
964 4147 1119 4209 nostrum
1144 4147 1179 4210 et
1202 4137 1386 4232 imperium
1404 4136 1554 4208 imitator
1581 4144 1616 4208 et
1641 4157 1817 4208 successor
1839 4134 1966 4208 existat

548 4271 653 4355 atque
665 4262 796 4354 jugiter
816 4271 914 4356 grata
936 4271 970 4332 et
993 4260 1102 4333 ardua
1121 4261 1262 4332 servitia
1280 4259 1446 4332 exhibeat
1466 4268 1501 4332 et
1519 4259 1673 4330 inantea
1696 4258 1846 4351 gratiora
1863 4258 1964 4330 exbi-

550 4385 630 4458 bcre
653 4385 796 4481 poterit,
818 4406 883 4456 nec
907 4405 976 4457 non
1001 4384 1105 4456 etiarn
1123 4384 1169 4456 ob
1188 4381 1328 4475 majoris
1346 4382 1542 4456 dilectionis
1562 4382 1706 4474 gratiam
1727 4405 1797 4476 qua
1822 4403 1887 4454 sno
1907 4381 1965 4454 in-

585 4693 621 4768 (t)
641 4691 681 4750 Cf.
696 4709 777 4767 supra
793 4690 961 4765 privilegium
972 4689 1026 4746 dat.
1040 4705 1085 4764 ap.
1095 4689 1216 4760 Ulmum,
1229 4691 1263 4746 26
1273 4686 1329 4761 julii
1341 4688 1422 4744 tito.

583 4790 618 4864 (Ξ)
637 4790 746 4848 Scilicet
758 4793 792 4846 lb
806 4787 944 4846 decembr.
961 4791 1041 4846 taso.
