4642 6106
357 611 514 695 nerea]
795 608 993 671 nrsnonrr
1018 605 1310 668 nurnouerrna.
1708 609 1769 672 225

404 748 603 848 Gregorius,
624 755 709 837 etc,
726 744 901 820 Friderioo
921 747 1152 820 Romanorum
1170 743 1381 839 imperatori,
1401 765 1538 841 semper
1554 754 1714 842 angusto,
1734 756 1769 820 et

357 875 431 970 regi
449 872 576 946 Sicilie.
600 869 636 944 Si
659 868 762 944 Anna
779 867 971 944 discessum
998 869 1105 943 Tobie
1129 867 1192 940 lilii
1213 867 1267 940 sni
1288 889 1358 941 non
1384 868 1558 942 sustinens
1580 869 1766 966 patienter,

356 1019 441 1071 mox
455 995 606 1068 lacrimis
618 995 801 1086 effluebat;
822 994 852 1068 si
872 1015 968 1068 more
984 994 1168 1090 impatiens
1181 993 1329 1066 exiliens
1342 993 1498 1088 quotidie
1512 993 1679 1068 circuibat
1694 995 1770 1070 vias

357 1141 478 1193 omnes
492 1141 554 1215 per
569 1139 658 1212 quas
671 1117 850 1191 remeandi
873 1117 1003 1192 fidncia
1018 1117 1220 1208 videbatur,
1237 1116 1387 1190 reditum
1403 1117 1509 1192 anxie
1526 1118 1767 1214 prestolando,

357 1251 393 1316 et
408 1242 548 1315 tandem
574 1241 609 1312 in
633 1241 817 1336 supercilio
830 1241 957 1314 montis
972 1239 1115 1331 sedens,
1132 1240 1208 1312 viso
1223 1239 1268 1313 de
1281 1240 1471 1335 longinquo
1494 1240 1566 1314 filio
1588 1242 1768 1335 redeunte,

358 1363 595 1460 inexplicabili
621 1361 753 1456 gaudio
781 1361 972 1454 exultavit;
1000 1371 1131 1456 quanto
1157 1383 1252 1438 nunc
1282 1361 1435 1458 tripudio
1456 1362 1637 1438 hilarescat
1663 1375 1772 1440 mater

357 1489 511 1562 Ecclesia
527 1507 598 1582 qne
610 1484 720 1558 lilium
737 1487 914 1558 excelsum
927 1506 989 1581 pro
1000 1485 1142 1580 regibus
1157 1495 1245 1558 terre
1259 1485 1304 1559 de
1321 1487 1465 1580 regione
1480 1486 1772 1566 dissimilitudinis

358 1613 405 1686 ad
427 1634 466 1686 se
488 1611 612 1707 recipit
635 1609 855 1701 redeuntem,
877 1610 957 1704 quis
979 1611 1094 1682 valeat
1116 1609 1233 1682 verbis
1256 1611 1313 1682 vel
1337 1610 1459 1684 litteris
1480 1613 1671 1708 explicare,
1691 1636 1771 1688 cum

359 1757 430 1810 uon
447 1737 492 1808 sit
507 1735 658 1810 hominis
672 1735 776 1808 etiarn
797 1733 939 1809 allectus
962 1735 1120 1830 proprios
1134 1736 1284 1830 perfecte
1298 1757 1400 1830 posse
1417 1735 1618 1834 depromere
1632 1761 1695 1834 per
1711 1741 1772 1812 al-

359 1860 473 1936 latus?
497 1859 696 1954 Magnificat
715 1859 890 1954 siqnidem
916 1858 1032 1932 anima
1055 1867 1171 1932 nostra
1195 1859 1380 1932 Dominum
1406 1869 1442 1933 et
1468 1863 1603 1934 exultat
1630 1863 1773 1959 spiritus

360 1993 475 2059 noster
502 1985 541 2056 in
565 1984 712 2076 Domino
738 1985 877 2058 salutari
900 1983 962 2078 qui
984 1981 1259 2078 deprecationem
1284 1993 1495 2058 nostramet
1520 1985 1773 2062 misericordias

360 2131 442 2182 suas
457 2131 478 2182 a
492 2109 673 2182 nobisnon
685 2129 863 2196 amovens,
877 2107 972 2182 cordi
989 2117 1048 2181 tuo
1061 2107 1328 2181 misericorditer
1342 2107 1524 2204 inspiravit
1536 2119 1576 2181 ut
1587 2111 1702 2186 anime
1714 2121 1773 2186 tue

358 2232 476 2325 saluti,
488 2231 666 2327 dignitatis
683 2232 805 2305 honori
823 2241 859 2305 et
873 2231 1061 2305 multorum
1077 2231 1186 2326 quieti
1200 2230 1347 2328 provide
1362 2233 1546 2306 consulens
1563 2235 1612 2312 ad,
1626 2236 1683 2330 pie
1694 2259 1773 2310 ma-

361 2357 422 2430 tris
439 2357 610 2452 gremium
631 2355 758 2430 devote
781 2354 925 2449 redires,
948 2377 1018 2450 que
1038 2356 1076 2428 in
1092 2356 1331 2452 expectatione
1344 2355 1395 2427 tui
1413 2359 1576 2430 maternis
1593 2359 1773 2440 affectibus

361 2481 571 2556 cruciatibus
585 2481 739 2566 cruciata
751 2501 835 2578 sepe
848 2502 912 2577 pro
930 2489 991 2554 tua
1007 2479 1231 2554 conversione
1250 2479 1331 2552 thus
1346 2481 1510 2554 orationis
1525 2483 1671 2557 Domino
1685 2507 1774 2581 sup-

360 2606 494 2702 pliciter
513 2605 676 2698 adolevit,
693 2614 729 2678 et
748 2604 941 2678 immolavit
956 2603 1224 2700 lacrymabiliter
1239 2603 1369 2677 vitulos
1386 2605 1570 2696 labiorum,
1586 2609 1773 2682 multorum

362 2729 512 2804 liliorum
528 2731 721 2826 pericnlum
738 2727 1012 2825 perhorrescens.
1033 2729 1132 2800 Nunc
1154 2737 1270 2801 autem
1294 2727 1378 2822 qnia
1397 2731 1510 2824 majus
1532 2730 1701 2823 gandium
1723 2741 1775 2808 est

361 2854 502 2949 Angelis
521 2855 584 2927 Dei
607 2876 712 2950 super
725 2875 798 2926 nno
814 2861 993 2950 peccatore
1014 2851 1237 2949 penitentiam
1260 2861 1385 2947 agente
1405 2875 1511 2948 qnam
1535 2875 1640 2950 supra
1662 2875 1777 2930 nona-

360 2979 457 3074 ginta
474 2999 600 3051 novem
610 2979 723 3072 justes
739 2977 800 3072 qni
816 2999 855 3050 se
868 2985 1050 3050 autumant
1064 2975 1254 3072 penitentia
1269 2997 1339 3048 non
1352 2997 1467 3072 egere,
1477 2978 1605 3071 jubilat
1622 2979 1774 3054 Ecclesia

362 3103 531 3197 generalis
551 3123 594 3174 eo
616 3103 713 3196 quod
733 3100 935 3174 tenebrosus
950 3101 1053 3174 turbo
1073 3100 1135 3196 qni
1159 3121 1249 3196 pene
1271 3100 1465 3174 involveret
1490 3123 1628 3176 omnem
1648 3113 1774 3178 tanam

362 3226 432 3298 lnci
449 3225 541 3300 cedit
556 3233 684 3321 optate,
705 3225 890 3320 fragorque
906 3224 1047 3298 horride
1062 3223 1273 3320 tempestatis
1292 3245 1363 3319 qne
1376 3225 1494 3298 multis
1509 3226 1686 3300 excidium
1701 3228 1775 3300 mi·-

363 3349 511 3423 nabatnr
528 3349 701 3423 arridente
726 3349 919 3423 serenitatis
942 3349 1051 3442 gratia
1070 3348 1277 3422 subsilescit.
1299 3349 1369 3422 Nos
1385 3349 1489 3423 etism
1510 3351 1630 3423 salutis
1652 3362 1687 3424 et
1707 3352 1776 3427 ho-

364 3473 458 3547 noris
479 3473 531 3545 tui
548 3475 738 3569 proiectum
759 3472 901 3547 sinceris
918 3472 1098 3546 affectibus
1112 3472 1304 3569 cupientes,
1326 3471 1490 3545 Altissimi
1506 3473 1776 3549 misericordiam

364 3597 538 3670 humiliter
554 3598 779 3694 imploramus
799 3607 839 3669 ut
855 3597 917 3692 qui
933 3605 967 3670 te
983 3597 1162 3672 revocavit
1180 3597 1227 3672 ad
1245 3598 1352 3670 vitum
1371 3597 1431 3672 det
1450 3597 1588 3671 virtutis
1609 3609 1776 3673 constan-

365 3720 447 3792 tiam
462 3731 642 3826 revoceto3
660 3731 833 3817 quatems
851 3722 912 3794 nbi
929 3720 1125 3796 abundavit
1142 3721 1306 3796 delictum
1321 3721 1370 3820 (a)
1385 3721 1541 3795 abundet
1557 3732 1592 3796 et
1606 3725 1728 3818 gratia,
1742 3735 1778 3798 et

366 3843 554 3939 precedens
567 3847 684 3941 lapsus
701 3855 735 3918 te
752 3845 875 3921 reddat
891 3847 928 3918 in
941 3847 1104 3919 omuibus
1119 3846 1324 3936 cautiorem,
1341 3845 1424 3942 qnia
1443 3849 1562 3943 procul
1579 3846 1689 3922 dubio
1707 3871 1777 3923 non

363 3975 417 4039 est
435 3989 531 4041 amor
553 3969 616 4064 qui
637 3969 746 4066 possit
769 3970 890 4064 equari
918 3979 1072 4044 materno
1094 3991 1159 4043 nec
1177 3971 1283 4042 ullius
1308 3969 1478 4043 efficacior
1501 3992 1584 4064 erga
1615 3980 1649 4045 te
1670 3995 1777 4068 qnam

363 4091 516 4166 Ecclesie
531 4093 675 4166 affectus
695 4094 804 4188 gratie
822 4095 937 4167 valeat
954 4094 1116 4169 inveniri.
1137 4096 1213 4190 lpse
1226 4115 1388 4190 qnoque,
1410 4093 1459 4166 lili
1477 4094 1669 4188 carissime,
1688 4099 1778 4192 parti

364 4225 424 4288 tue
441 4215 560 4290 adesto
573 4217 740 4292 sollicitus
754 4240 799 4291 ne
815 4217 861 4292 de
880 4228 993 4292 cetero
1007 4219 1151 4316 patiaris
1163 4230 1198 4292 te
1211 4218 1339 4294 abduci
1354 4219 1409 4292 vel
1429 4217 1549 4292 seduci
1562 4219 1681 4316 pravis
1696 4243 1779 4294 con·

364 4339 451 4412 siliis
469 4362 730 4436 perversorum,
750 4343 898 4438 quinon
914 4365 984 4439 quc
999 4353 1077 4433 tua,
1095 4344 1159 4418 sed
1176 4367 1247 4440 que
1264 4365 1328 4416 sua
1341 4351 1438 4436 sunt,
1460 4342 1578 4438 inique
1595 4355 1779 4440 querentes

365 4462 533 4539 fascinare
554 4475 588 4539 te
601 4467 755 4561 gestiunt
770 4477 809 4540 ut
825 4489 1010 4566 exasperes
1030 4478 1174 4543 matrem
1193 4479 1301 4544 tuam.
1321 4467 1478 4543 Ceterum
1497 4489 1578 4542 cnm
1594 4469 1632 4542 in
1649 4472 1778 4546 solem-

410 4726 450 4807 (ο)
473 4729 508 4789 ln
523 4729 673 4806 impressis
685 4727 813 4810 dikcts'o,
828 4733 917 4796 mulo.

467 4835 523 4896 111.
1582 4849 1621 4902 ²⁹
