4658 6132
547 571 604 633 loo
1043 574 1259 636 rnrcsutcr
1286 573 1460 636 secuntur
1712 651 1717 664 ι
1768 575 1847 654 [lan.
1866 577 1951 640 lm

545 709 640 802 ginta
655 707 684 802 (t
694 704 707 800 )
718 715 753 780 et
766 707 841 780 sine
855 708 1015 803 pecnnia,
1031 731 1174 806 sperans
1186 711 1281 804 quod
1297 711 1342 784 de
1355 711 1476 807 spoliis
1489 711 1718 784 habitatorum
1734 711 1830 805 Syrie
1839 721 1955 807 posset

544 825 644 901 suam
669 829 820 924 inopiam
841 839 1044 906 sustentare.
1070 833 1253 928 Primoque
1276 835 1311 906 in
1331 835 1482 930 Cyprum
1500 835 1645 908 veniens
1664 833 1816 908 nobilem
1838 835 1953 908 virum

544 954 574 1022 J.
593 951 638 1024 de
653 951 796 1024 lbellino
812 962 848 1024 et
865 951 954 1024 tilios
968 975 1049 1026 suos
1069 977 1159 1048 quos
1176 956 1306 1030 ibidem
1321 957 1501 1030 occasione
1521 957 1649 1052 negotii
1665 966 1754 1030 terre
1766 965 1884 1029 sancte
1898 957 1955 1030 le·

544 1083 637 1147 cerat
662 1075 867 1166 convenire,
897 1077 1015 1152 minus
1042 1081 1217 1154 curialiter
1244 1083 1335 1177 cepit
1361 1081 1407 1156 ad
1437 1105 1540 1154 suum
1567 1081 1752 1178 prandium
1775 1081 1950 1154 invitatos.

543 1199 765 1272 Postmodum
790 1223 906 1295 regem
928 1225 1033 1297 quem
1057 1205 1104 1278 ad
1124 1227 1162 1278 se
1174 1206 1293 1279 venire
1310 1207 1435 1280 lecerat
1450 1207 1590 1280 retinuit
1603 1205 1703 1300 qnasi
1717 1213 1869 1300 captum,
1888 1205 1953 1277 sic·

543 1345 613 1418 qne
626 1347 688 1419 per
701 1325 900 1398 violentiam
913 1335 949 1398 et
963 1327 1122 1402 fraudem
1136 1351 1282 1423 regnum
1298 1329 1437 1426 penitus
1462 1329 1658 1424 occupavit.
1675 1328 1821 1402 Transiit
1839 1328 1875 1399 in
1890 1329 1953 1424 Sy·

544 1450 630 1520 riam
649 1449 703 1520 his
720 1450 889 1544 peractis,
914 1473 1064 1546 cumque
1084 1453 1121 1524 in
1139 1453 1310 1550 principio
1335 1453 1451 1526 verbis
1477 1453 1645 1526 mirabilia
1676 1473 1715 1524 se
1745 1452 1955 1549 promitteret

545 1573 714 1644 iacturum
727 1581 762 1644 et
776 1595 814 1645 se
828 1595 933 1668 super
943 1573 999 1646 his
1019 1597 1134 1648 rorum
1145 1575 1359 1671 simplicibus
1370 1576 1553 1669 jactitaret,
1569 1574 1684 1648 statim
1701 1575 1749 1649 ad
1764 1575 1952 1648 Soldanum

545 1695 733 1792 Babylonio
750 1697 845 1790 pacis
856 1697 1002 1769 nuncios
1014 1697 1217 1790 destinavit3
1236 1697 1482 1794 propterquod
1497 1697 1533 1768 in
1552 1705 1735 1792 conspectu
1756 1696 1897 1770 Soldani
1918 1707 1955 1770 et

545 1843 686 1892 suorum
702 1841 915 1914 paganorum
931 1821 1042 1894 tactus
1056 1831 1109 1894 est
1122 1823 1405 1918 contemptibilis,
1422 1822 1585 1918 precipue
1603 1843 1684 1893 cum
1700 1821 1815 1916 ipsum
1830 1819 1953 1894 intelli-

546 1953 666 2037 gerent
679 1965 795 2015 secum
807 1965 876 2015 non
889 1951 1019 2018 tantum
1032 1956 1240 2018 armatorum
1252 1947 1508 2020 multitudinem
1521 1945 1713 2019 adduxisse
1727 1943 1823 2040 quod
1837 1945 1954 2040 aliquo

547 2067 651 2140 modo
672 2075 813 2162 possent
835 2087 897 2162 per
922 2067 1084 2140 eumdem
1109 2070 1321 2164 pregravari.
1351 2071 1484 2142 Interea
1511 2069 1691 2143 occasione
1711 2067 1954 2166 premuniendi

548 2197 679 2287 ioppen
695 2190 869 2285 adportes
886 2189 962 2262 illas
980 2191 1165 2266 declinavit
1182 2215 1263 2266 eum
1282 2195 1437 2266 exercitu
1451 2193 1636 2266 christiano
1650 2201 1689 2266 ut
1705 2193 1815 2288 magis
1830 2213 1955 2289 appro-

547 2317 730 2412 pinquaret
745 2313 895 2387 Scldano
912 2323 948 2386 et
969 2323 1008 2386 ut
1027 2315 1161 2388 facilius
1184 2327 1324 2412 possent
1349 2317 1542 2391 discurrere
1561 2337 1624 2413 pro
1651 2337 1736 2412 pace
1756 2317 1813 2388 vel
1835 2325 1955 2412 treuga

545 2437 745 2512 obtinenda.
763 2437 856 2523 Quid
874 2439 973 2534 plura
995 2465 1003 2509 ε
1028 2448 1105 2534 post
1128 2441 1271 2534 longum
1293 2450 1329 2514 et
1350 2442 1511 2514 intentam
1533 2449 1731 2531 tractatum,
1759 2439 1888 2511 nullius
1909 2438 1955 2512 do

547 2575 634 2638 terra
645 2562 786 2635 consilio
801 2561 977 2656 requisito,
997 2563 1238 2658 pronunciavit
1251 2563 1403 2658 quadam
1416 2564 1474 2638 die
1488 2565 1602 2636 subito
1617 2565 1713 2659 quod
1727 2585 1847 2660 pacem
1864 2565 1954 2636 lece-

545 2697 596 2762 rat
614 2710 691 2760 oum
711 2685 879 2770 Scldano;
905 2687 1049 2759 lormam
1076 2687 1172 2782 pacis
1196 2688 1251 2760 vel
1270 2695 1390 2782 treuge
1407 2689 1524 2762 nullos
1541 2687 1631 2761 vidit
1647 2687 1787 2782 qnando
1811 2687 1856 2760 do
1881 2708 1954 2759 ser·

544 2810 670 2884 randis
687 2809 941 2883 conditionibus
955 2808 1048 2883 idem
1063 2809 1247 2906 imperator
1255 2811 1401 2906 prestitit
1415 2819 1678 2884 sacramentnm.
1694 2811 1829 2896 Quanta
1838 2819 1953 2884 nutem

546 2934 797 3025 lueritmalitia,
811 2955 917 3027 quam
923 2933 1163 3006 fraudulentus
1170 2945 1348 3022 tractatus,
1359 2933 1592 3029 quorumdum
1602 2935 1830 3031 capitulorum
1838 2943 1954 3007 tenore

544 3081 615 3154 que
634 3057 733 3130 vobis
751 3057 938 3152 inscriptis
956 3057 1123 3129 duximus
1142 3057 1400 3131 transmittenda
1420 3079 1625 3152 cognoscere
1642 3057 1795 3154 poteritis
1811 3055 1956 3130 eviden-

547 3194 614 3271 ter;
629 3181 712 3276 quia
728 3181 910 3275 imperator
928 3181 974 3252 ad
990 3180 1283 3275 magnificandum
1295 3203 1417 3254 vocem
1431 3203 1531 3254 suam
1545 3203 1666 3254 vocem
1679 3190 1813 3254 tuntum
1828 3181 1955 3254 habere

546 3307 656 3380 voluit
670 3315 705 3378 et
718 3326 839 3376 vocem
855 3304 1004 3376 obtinuit
1017 3328 1038 3377 a
1052 3303 1215 3378 Soldano.
1232 3305 1328 3377 ltixit
1345 3305 1438 3378 enim
1454 3305 1542 3377 inter
1563 3315 1676 3378 cetera
1690 3305 1787 3400 quod
1799 3305 1866 3377 sibi
1881 3314 1956 3378 erat
2043 3305 2048 3316 '

546 3439 663 3504 sancta
683 3428 805 3502 civitas
822 3429 977 3502 restituta
997 3457 1005 3500 :
1026 3428 1071 3502 ad
1090 3451 1196 3524 quam
1213 3451 1292 3500 curn
1316 3429 1353 3500 in
1368 3428 1489 3523 vigilia
1507 3429 1685 3502 Dominice
1700 3450 1771 3522 qua
1795 3437 1953 3502 cantatur

548 3553 646 3630 Oculi
657 3557 722 3625 me
735 3552 786 3651 (2)
797 3575 876 3625 cum
894 3554 1049 3625 exercitu
1066 3553 1251 3627 christiano
1268 3553 1414 3641 veniret,
1434 3551 1492 3626 die
1508 3554 1666 3648 sequenti
1680 3553 1858 3624 Dominica
1871 3550 1954 3624 satis

545 3681 738 3755 inordinate
755 3678 907 3772 satisque
928 3679 1070 3750 contuse
1083 3676 1404 3750 excommunicatus
1421 3676 1458 3747 in
1476 3676 1619 3749 ecclesia
1642 3675 1806 3750 dominici
1832 3673 1954 3770 Sepul-

544 3804 617 3877 chri
632 3804 667 3874 in
684 3801 915 3898 prejudicium
931 3801 1071 3873 honoris
1086 3823 1127 3873 ac
1143 3800 1346 3874 excellentie
1367 3799 1555 3894 imperialis
1576 3799 1796 3871 manifestum
1815 3818 1880 3870 suo
1897 3818 1955 3870 ca·

545 3929 606 4025 piti
622 3927 784 4023 imposuit
806 3925 979 4015 diadema,
997 3923 1174 3996 Saracenis
1194 3923 1359 4018 templum
1374 3922 1511 3996 Domini
1526 3945 1567 3994 ac
1581 3923 1748 4019 templum
1763 3919 1954 3994 Solomonis

544 4054 579 4124 in
595 4074 700 4124 manu
714 4073 778 4124 sua
792 4049 1018 4124 retinentibus
1031 4071 1073 4120 ac
1091 4049 1203 4142 legem
1217 4046 1422 4120 Machomcti
1440 4047 1579 4142 publice
1596 4047 1685 4118 sient
1707 4046 1804 4141 prius
1818 4045 1951 4140 procla·

546 4175 731 4266 mantibus,
747 4195 816 4246 non
830 4174 905 4246 sinc
917 4173 1175 4268 peregrinorum
1189 4171 1391 4242 contusione
1407 4171 1563 4242 maxima
1574 4179 1609 4242 et
1624 4169 1754 4242 dolore.
1767 4167 1955 4241 ldemvero

582 4504 618 4574 tt)
636 4502 749 4560 Centum
762 4509 862 4572 autem,
878 4519 912 4558 ex
924 4502 1004 4560 variis
1014 4518 1082 4575 quaa
1096 4517 1177 4575 supra
1192 4499 1329 4558 attulimus
1349 4497 1518 4557 testimoniis.
1532 4497 1585 4556 Vid
1599 4511 1690 4571 supra,
1703 4512 1732 4570 p.
1747 4498 1793 4567 75,
1808 4499 1871 4552 nota
1882 4495 1907 4551 l.
1919 4493 1957 4550 lt

547 4617 581 4659 ex
597 4600 727 4656 industria
741 4598 873 4656 Geroldus
883 4615 1025 4657 numerum
1034 4599 1173 4656 decurtare
1183 4597 1296 4655 videtur.

583 4697 620 4772 (θ)
643 4695 752 4755 Scilicet
761 4698 795 4753 tr
806 4696 910 4754 martii:
924 4695 960 4754 ct.
973 4696 1139 4770 stupratoris
1153 4695 1323 4766 documenta,
1337 4709 1366 4768 p.
1385 4695 1431 4766 98,
1443 4695 1506 4764 tto,
1521 4693 1582 4750 tos.
