4642 6106
1052 567 1264 630 rutouutct
1289 567 1462 632 SECUNDl
1776 573 1855 656 [An.
1875 575 1961 638 1230.

378 1173 492 1282 Ψ
603 1177 834 1284 Friderieus,
863 1177 1123 1261 Romanorum
1141 1175 1362 1286 imperator,
1386 1177 1680 1264 infeudationem
1693 1179 1800 1264 urbis
1814 1181 1964 1267 Frisiu-

369 1293 500 1406 erepii?
549 1313 676 1424 gensis
691 1339 714 1394 e
731 1312 893 1398 Geroldo
907 1311 1103 1422 quondam
1121 1311 1296 1422 episcopo
1313 1312 1401 1396 duci
1416 1311 1598 1397 bavariae
1612 1313 1752 1398 laetam
1765 1313 1910 1426 judicio
1924 1328 1964 1401 et

548 1445 707 1530 oonsilio
719 1445 935 1556 principum
948 1453 1122 1552 revocet,
1139 1445 1230 1555 quie
1244 1446 1378 1528 eedem
1391 1445 1542 1554 civitas,
1562 1473 1630 1530 rau
1656 1448 1781 1558 prima
1807 1459 1846 1532 et
1866 1450 1963 1562 legi-

547 1581 641 1662 tima
654 1581 724 1664 dos
741 1579 841 1662 sedis
854 1577 1097 1688 episcopalis,
1113 1577 1293 1688 cuiquam
1307 1578 1419 1662 titulo
1432 1579 1698 1664 infeudationis
1716 1580 1878 1665 oonlerri
1891 1608 1962 1667 neo

548 1714 671 1822 potuit
684 1739 754 1796 nec
769 1712 913 1796 debuit.

629 1953 721 2034 (lldlt.
738 1969 788 2030 ap.
806 1952 913 2025 lluun,
929 1948 1094 2030 Metropol,
1109 1951 1135 2026 1,
1157 1959 1275 2012 tte-
1286 1951 1401 2028 Lumo,
1417 1947 1553 2034 sptttq.
1568 1949 1674 2028 ecto,
1691 1955 1723 2016 ll
1735 1954 1823 2030 tbell,
1839 1963 1961 2020 28⁵.-

666 2057 1014 2132 transumuntur.
1026 2057 1169 2138 filicioq„
1178 2059 1219 2132 11,
1235 2061 1439 2120 u-llouom.
1448 2059 1545 2134 Botea,
1555 2066 1579 2121 t.
1589 2061 1702 2136 XXXI,
1715 2079 1784 2140 pars
1794 2071 1834 2138 1⁸,
1847 2073 1958 2140 pud,

667 2168 779 2230 ellbrla
794 2183 860 2245 cop.
876 2169 1004 2247 Frlslng.
1016 2167 1072 2243 lll,
1091 2175 1159 2229 1³3.
1169 2199 1210 2212 -
1221 2167 1337 2242 sz,
1352 2166 1483 2228 Μοιιιιιιι.
1498 2168 1573 2230 eet.
1595 2167 1808 2245 earm.,c1v,
1823 2170 1908 2252 tlt.)

597 2381 790 2456 Fridericus
803 2381 865 2454 Dei
879 2381 992 2472 gretia
1002 2381 1232 2454 Romanorum
1247 2381 1442 2478 imperator,
1461 2402 1597 2477 semper
1618 2390 1800 2476 augustus,
1817 2383 1960 2458 Jerusa-

547 2508 613 2580 lem
627 2515 662 2580 et
675 2506 790 2578 Sicilie
801 2526 877 2596 rex,
889 2505 1024 2578 dilectis
1037 2503 1197 2577 fidelibus
1215 2503 1289 2578 suis
1306 2505 1492 2602 preposito,
1510 2505 1642 2579 deceno
1658 2515 1693 2579 et
1707 2505 1879 2580 uniuersis
1895 2509 1959 2582 mi·

546 2627 779 2702 nisterialibns
803 2625 945 2700 ecclesie
968 2625 1195 2720 Frisingensis
1220 2635 1290 2698 tam
1311 2626 1529 2722 presentibus
1550 2648 1656 2722 quem
1678 2628 1804 2702 lutaris
1828 2627 1864 2700 in
1881 2650 1958 2726 per-

547 2761 704 2847 petuum.
726 2749 783 2823 Ad
806 2750 874 2822 hoc
894 2751 969 2822 llex
991 2771 1114 2842 regum
1138 2760 1174 2823 et
1192 2749 1360 2823 Dominus
1384 2749 1636 2824 dominantium
1661 2749 1707 2824 ed
1730 2751 1958 2826 obtinendum

548 2874 709 2949 diadema
723 2874 858 2968 imperii
876 2873 1079 2946 sublimavit
1095 2881 1134 2946 ut
1149 2873 1320 2946 universis
1334 2881 1369 2946 et
1383 2873 1529 2969 singulis
1542 2873 1694 2969 equitate
1711 2883 1863 2968 servata,
1888 2897 1959 2970 que

547 3001 582 3072 in
600 2998 833 3096 prejudicium
863 2997 1086 3070 ecclesiarum
1114 3006 1150 3070 et
1167 3018 1389 3094 personarum
1410 2997 1634 3070 existentium
1654 2997 1690 3069 in
1714 2997 1846 3071 eisdem
1869 3021 1958 3094 quas

545 3132 767 3196 manutenere
790 3144 832 3194 ac
854 3121 942 3193 tueri
958 3129 1117 3194 tenemur
1137 3121 1182 3194 ab
1200 3120 1374 3215 aliquibus
1391 3129 1518 3194 temere
1533 3131 1792 3218 attemptentur,
1810 3121 1958 3218 provide

544 3247 589 3320 ed
610 3268 730 3319 earum
754 3245 975 3318 commodum
991 3266 1208 3338 revocemus,
1225 3254 1264 3318 ut
1282 3245 1424 3319 feliciter
1447 3246 1548 3319 nobis
1571 3245 1797 3342 regnantibus
1821 3249 1956 3320 nullum

544 3371 766 3468 dispendium
786 3372 843 3444 vel
861 3369 1126 3443 diminutionem
1146 3391 1262 3442 rerum
1279 3369 1518 3466 temporalium
1539 3369 1733 3460 incurrent,
1757 3369 1820 3444 sed
1840 3371 1956 3466 potius

544 3495 729 3590 imperialis
744 3494 936 3566 sublimitas
948 3504 983 3566 et
996 3494 1181 3566 clementia
1195 3493 1232 3564 in
1245 3493 1462 3566 libertatibus
1486 3493 1560 3566 snis
1574 3503 1610 3566 et
1620 3493 1758 3586 juribus
1771 3493 1956 3568 salubriter

542 3628 577 3691 et
593 3619 668 3691 sine
685 3619 813 3691 lesione
828 3618 945 3712 aliqua
961 3619 1208 3711 gubernentur.
1230 3616 1316 3689 Cum
1336 3617 1455 3710 igitur,
1476 3617 1566 3690 sicut
1581 3615 1707 3690 dilecto
1722 3615 1818 3690 fideli
1838 3626 1955 3690 nostro

543 3743 580 3814 C.
599 3743 772 3838 preposito
788 3741 948 3814 luticensi
970 3739 1021 3837 (t)
1042 3742 1229 3816 didicimus
1245 3743 1425 3830 referente,
1448 3739 1488 3812 G.
1506 3739 1557 3837 (2)
1577 3741 1755 3836 quondam
1772 3741 1954 3836 episeopus

540 3865 767 3960 Frisingensis
791 3865 966 3938 civitatem
985 3866 1236 3959 Frisingensem
1259 3865 1375 3959 adjus
1399 3873 1435 3937 et
1455 3864 1699 3962 proprietatem
1724 3863 1953 3958 Frisingensis

541 3989 682 4062 ecclesie
708 3986 799 4063 dotis
813 3988 911 4061 titulo
924 3989 1151 4084 pertinentem
1171 3987 1253 4060 duci
1271 3988 1430 4062 Bewerie
1453 3988 1489 4060 in
1509 3988 1651 4062 lendum
1668 3987 1810 4063 duxerit
1830 4009 1953 4061 conoe-

541 4112 691 4187 dendam
709 4113 746 4184 in
768 4133 876 4207 gram
897 4111 1125 4205 Friaingensis
1142 4110 1286 4184 ecclesie
1309 4110 1573 4206 detrimentum,
1594 4121 1630 4186 et
1648 4111 1742 4188 idem
1758 4111 1953 4209 prepositus

540 4257 644 4332 super
659 4234 726 4308 hoc
745 4257 860 4310 coram
876 4235 977 4308 nobis
1003 4234 1271 4331 etprincipibus
1297 4235 1446 4310 incuria
1469 4244 1585 4310 nostra
1609 4234 1826 4331 presentibus
1847 4255 1954 4328 qnes-

577 4595 613 4667 [ι]
630 4595 684 4653 lste
696 4600 795 4666 autem
812 4595 888 4670 prius
902 4595 1047 4656 canonieus
1059 4595 1245 4672 Frisingensis,
1259 4601 1351 4670 postea
1362 4595 1389 4653 in
1404 4594 1468 4654 sede
1480 4595 1574 4654 eedem
1587 4593 1731 4669 episeopus
1742 4591 1842 4652 evenit.

577 4691 609 4766 (2)
627 4691 734 4752 Scilicet
749 4691 891 4752 Geroldns.
