4710 6076
417 647 579 736 rmum]
865 647 1064 712 HISTORIA
1090 649 1386 714 ntruotrtrtcn
1775 650 1835 716 tet

417 787 479 880 sit,
495 788 566 861 ulta
580 785 637 860 vel
654 785 813 877 humilis,
826 785 1058 860 ecclesiastica
1073 787 1130 860 vel
1148 789 1330 882 secutoris,
1348 809 1419 884 qna
1429 787 1624 884 predictum
1636 787 1832 886 archiepis-

417 934 562 1010 copum,
584 931 801 986 soccessores
823 931 906 984 suos
924 913 1217 985 autBremensem
1234 913 1415 987 ecclesium
1435 933 1541 1010 super
1564 913 1666 986 bonis
1690 913 1832 1008 pretatis

417 1046 536 1110 contra
554 1045 749 1133 presentem
768 1034 1062 1110 confirmationem
1081 1046 1234 1110 nostram
1254 1039 1326 1110 ullo
1345 1058 1499 1132 unquam
1524 1047 1677 1134 tempore
1697 1045 1832 1134 pertur-

417 1161 500 1234 bare
516 1183 579 1234 sou
600 1160 793 1255 inquietare
816 1169 1003 1256 presumat.
1032 1159 1135 1246 Quod
1154 1160 1216 1256 qui
1238 1160 1504 1258 presumpserit,
1525 1168 1639 1256 proter
1662 1160 1833 1258 indigna-

417 1285 544 1358 tionem
561 1283 722 1358 culminis
735 1284 842 1358 nostri
860 1293 998 1357 centnm
1012 1281 1270 1382 librarumssuuri
1286 1305 1349 1380 pro
1366 1305 1455 1380 pena
1471 1293 1673 1380 componat,
1693 1284 1835 1360 medie-

419 1417 488 1482 tate
520 1407 605 1483 fisco
629 1417 744 1483 nostro
768 1417 803 1480 ct
828 1407 962 1504 reliqua
985 1407 1170 1482 medietate
1196 1409 1284 1506 parti
1310 1407 1501 1504 supradicti
1525 1408 1774 1506 archiepiscopi
1799 1419 1835 1484 et

417 1533 561 1608 ecclesie
581 1555 644 1607 sus
659 1531 847 1625 solvenda,
867 1534 1017 1630 presenti
1040 1533 1300 1608 confirmatione
1326 1544 1441 1608 nostra
1466 1533 1690 1608 nihilominus
1709 1535 1746 1608 iu
1769 1557 1835 1610 suo

417 1658 541 1732 robore
567 1656 745 1732 duratura.
775 1657 831 1732 Ad
858 1657 964 1753 hujus
993 1668 1108 1731 autem
1136 1657 1403 1732 confirmationis
1429 1667 1546 1732 nostre
1570 1660 1771 1734 memoriam
1799 1669 1836 1734 et

416 1783 524 1856 robur
538 1793 705 1880 perpetuo
719 1782 906 1856 valiturum
924 1804 1064 1880 presens
1081 1783 1305 1879 privilegium
1324 1781 1397 1856 fieri
1415 1793 1451 1856 et
1463 1783 1559 1856 bulla
1574 1803 1679 1858 aurea
1697 1784 1834 1882 typario

418 1916 534 1982 nostra
548 1907 736 2000 maiestatis
748 1907 915 2004 impressa
925 1908 1092 2002 jussimus
1106 1909 1276 2004 insigniri.

466 2033 579 2126 Hujus
595 2031 646 2106 rei
665 2040 769 2106 testes
783 2039 866 2104 suut
887 2033 905 2104 J
910 2085 918 2100 .
941 2032 1149 2106 venerabilis
1164 2031 1349 2129 Capuanns
1370 2031 1665 2130 archiepiscopus,
1687 2032 1728 2104 R.
1748 2033 1833 2106 Mol·

418 2156 535 2232 fiansis
554 2157 752 2254 episcopus,
773 2157 813 2230 P.
830 2157 1042 2230 Itavetlensis
1057 2158 1200 2250 electus,
1217 2157 1366 2231 Thomas
1381 2157 1427 2232 dc
1439 2155 1580 2254 Aquino
1594 2178 1711 2230 onmes
1727 2155 1833 2230 Acer·

417 2304 555 2376 rarum,
583 2276 771 2356 Riooardus
801 2281 960 2376 Filanger
988 2282 1177 2378 imperialis
1200 2283 1281 2356 aule
1308 2283 1560 2374 marescalcus,
1590 2281 1759 2355 lionricus
1787 2281 1834 2356 do

417 2408 529 2482 Morru
551 2429 677 2502 magne
697 2405 885 2502 imperialis
901 2405 997 2480 curie
1014 2407 1176 2502 magister
1191 2406 1419 2500 justitiarios,
1435 2405 1626 2482 Riccuudus
1646 2405 1834 2503 imperialis

418 2533 498 2606 aule
511 2531 721 2606 camerarius
734 2539 769 2604 et
781 2530 841 2604 alii
854 2531 985 2626 plures.

466 2657 613 2752 Signum
636 2655 768 2729 domini
786 2653 951 2730 Friderici
971 2653 1116 2728 secundi
1137 2654 1201 2728 Dei
1226 2655 1338 2750 gratia
1359 2653 1577 2728 invictissimi
1600 2655 1833 2730 Romanorum

418 2782 651 2880 imperatoris,
670 2801 807 2877 sempor
823 2779 981 2876 augusti,
1003 2781 1193 2854 Jerusalem
1206 2789 1242 2854 et
1261 2779 1377 2854 Sicilie
1391 2778 1495 2876 regis.

467 2907 554 2982 Acta
573 2915 655 2980 sunt
672 2905 738 2978 hec
754 2927 848 2978 anno
868 2905 1038 2980 dominice
1055 2903 1300 2978 incarnationis
1318 2903 1501 2978 millesimo
1515 2901 1752 2978 ducentesimo
1768 2905 1835 2978 tri·

419 3031 547 3106 casimo
568 3031 693 3128 primo,
719 3049 838 3104 mense
853 3028 949 3122 julii,
968 3039 1089 3124 quarte
1112 3029 1332 3124 indictionis,
1349 3029 1539 3127 imperante
1555 3027 1698 3104 domino
1718 3039 1835 3104 nostro

418 3153 592 3230 Friderioo
605 3153 668 3228 Dei
685 3152 795 3248 mutia
808 3151 1036 3226 invictissimo
1046 3153 1279 3228 Romanorum
1293 3155 1511 3252 imperatore,
1523 3173 1659 3250 sempor
1669 3163 1832 3250 augusto,

419 3280 607 3354 lcmsalem
626 3287 661 3352 ot
679 3277 795 3352 Sicilie
816 3299 916 3374 rege,
940 3300 1032 3352 anno
1048 3279 1184 3376 imperii
1202 3282 1280 3373 ejus
1301 3279 1505 3368 undecimo,
1529 3279 1627 3374 regni
1646 3280 1834 3354 Jerusalem

419 3413 531 3496 sexto,
548 3404 647 3500 regni
661 3424 746 3478 vero
760 3403 876 3476 Sicilie
894 3403 1065 3476 tricesimo
1082 3413 1218 3498 quarto,
1240 3403 1394 3477 feliciter.
1413 3403 1537 3477 Amen.

465 3530 593 3602 Datum
609 3526 736 3622 Mallio,
754 3548 863 3622 auno,
880 3549 1000 3602 menso
1013 3539 1048 3602 et
1063 3527 1252 3602 indictione
1268 3527 1478 3624 prescriptis.

475 4223 680 4336 Gregorius
691 4245 791 4332 papa
804 4220 960 4304 titulum
974 4219 1419 4332 regisflierosolymitani
1435 4243 1550 4330 quem
1564 4219 1738 4304 nondum
1754 4219 1836 4302 Fri·
1921 4255 1989 4328 η·

421 4359 546 4444 derioo
564 4357 824 4441 Romanorum
842 4353 1060 4462 imperatori
1078 4352 1119 4434 in
1139 4351 1340 4436 scribendo
1356 4351 1513 4435 dederat
1532 4377 1636 4434 nunc
1663 4353 1833 4463 primum

422 4489 609 4598 attribuit,
618 4488 795 4573 hortatur
809 4512 885 4597 qua
899 4495 942 4570 ut
952 4483 1063 4596 juxta
1075 4483 1181 4570 hunc
1197 4485 1352 4568 titulum
1362 4483 1499 4569 Terras
1512 4485 1675 4570 Sanctae
1697 4485 1835 4572 subue-

422 4623 522 4730 niat,
544 4621 710 4705 laudans
739 4619 844 4732 quod
874 4619 1102 4704 Riccsrdum
1131 4618 1388 4732 Filnugerium
1415 4617 1689 4704 marescalcum
1713 4620 1833 4731 ipsius

422 4753 524 4838 ultra
538 4778 645 4838 mare
661 4751 929 4837 transmiserit.

521 4889 578 4952 111.
1637 4895 1675 4950 rr
