4702 6110
387 637 485 698 rore.
500 631 544 717 e]
832 624 1031 688 ursnoara
1054 625 1350 690 ornnonnrrcn.
1739 626 1803 690 eea

389 777 456 850 ant
472 763 627 848 ulterius
640 755 845 869 cujuslibet
856 783 1040 867 personae
1052 759 1161 844 nullo
1176 761 1293 845 modo
1307 757 1545 844 damnificari
1564 767 1632 843 aut
1652 759 1803 869 gravam

387 899 487 982 cives
505 897 619 1036 iidem
635 892 812 976 debeant.

470 1101 608 1182 (Edlder.
622 1100 748 1171 Imm,
767 1093 864 1157 dard.
883 1113 938 1157 oon
961 1094 1152 1178 memorre,
1170 1115 1198 1177 p.
1216 1107 1266 1162 to.
1280 1129 1322 1146 -
1334 1100 1532 1177 anormnnn,
1551 1094 1732 1160 llrlutcdeub.
1743 1096 1804 1178 [ἄν

508 1205 554 1268 die
570 1201 667 1268 caet.
682 1205 731 1266 dcc
744 1199 912 1282 Nicderrlt„
926 1217 982 1262 ew.
995 1201 1089 1279 Bend,
1105 1220 1136 1281 p.
1152 1213 1261 1280 87-88,
1276 1215 1311 1266 n⁰
1329 1214 1399 1282 1693
1414 1223 1454 1268 ex
1466 1206 1573 1284 orlgln.
1585 1207 1618 1266 ln
1631 1205 1742 1268 molitu
1754 1207 1803 1268 cl-

509 1315 566 1374 vlt.
579 1313 694 1387 colon.)

439 1501 607 1575 Henricus
618 1499 683 1573 Dei
695 1498 806 1593 gratia
819 1498 1051 1572 Romanorum
1069 1519 1134 1570 mx
1151 1507 1187 1570 et
1199 1518 1335 1593 semper
1348 1505 1532 1590 angustus,
1549 1496 1721 1570 universis
1738 1498 1804 1570 im·

392 1625 479 1722 perii
496 1623 658 1698 fidelibus
673 1623 803 1718 quibus
816 1641 959 1718 presens
975 1620 1143 1716 scriptum
1157 1621 1353 1694 exhibitum
1371 1621 1475 1694 luerit
1491 1621 1637 1715 gratiam
1654 1629 1806 1694 suamet

392 1769 495 1822 omne
522 1749 667 1822 bonurn.
695 1745 789 1818 Licet
814 1766 950 1840 semper
971 1766 1019 1818 ex
1042 1755 1205 1818 consueta
1228 1745 1408 1819 clementia
1438 1744 1558 1818 fideles
1582 1745 1719 1840 imperii
1742 1745 1806 1820 de-

391 1871 537 1946 beamus
553 1873 588 1944 in
600 1873 679 1965 jure
689 1891 754 1943 sno
768 1870 953 1944 confovere
964 1877 1000 1943 et
1011 1867 1057 1942 ad
1071 1869 1251 1941 utilitatem
1265 1889 1385 1942 eornm
1398 1868 1592 1959 intendere,
1608 1867 1656 1940 ad
1668 1869 1804 1942 illorum

391 2005 506 2070 tamen
521 1996 610 2088 juris
633 1993 928 2068 conservationem
947 2003 983 2066 et
1003 1994 1193 2088 profectum
1216 1991 1400 2087 benignius
1418 1991 1625 2064 inclinamur
1647 1991 1710 2086 qui
1726 2013 1805 2088 gre·

392 2119 474 2193 tiam
494 2125 646 2192 nostram
667 2129 702 2192 et
720 2119 873 2192 savorem
897 2139 960 2213 pre
981 2117 1102 2190 ceteris
1125 2115 1289 2190 fidelibus
1316 2124 1566 2211 promerentur.
1588 2115 1640 2188 Ea
1665 2125 1805 2211 propter

392 2243 552 2317 noverint
571 2243 725 2316 universi
741 2242 838 2337 quod
859 2241 1003 2316 dilectos
1019 2249 1054 2314 et
1068 2240 1188 2314 fideles
1209 2247 1342 2313 nostros
1357 2239 1517 2312 scabinos
1530 2247 1565 2312 et
1582 2239 1676 2312 cives
1695 2239 1804 2313 Colo-

392 2367 531 2439 nienses
555 2385 644 2460 quos
669 2365 811 2460 speciali
829 2364 1012 2438 dilectione
1034 2362 1275 2458 amplectimur
1302 2363 1348 2435 ob
1373 2383 1493 2436 eorum
1515 2361 1642 2436 devota
1666 2369 1702 2434 et
1724 2383 1804 2458 pre·

392 2490 485 2564 clera
503 2485 670 2583 obsequia
685 2487 787 2560 nobis
803 2495 838 2561 et
854 2487 998 2582 imperio
1011 2507 1147 2582 semper
1161 2485 1330 2577 exhibita,
1349 2507 1371 2558 a
1390 2485 1486 2558 nullo
1501 2485 1628 2579 injuste
1641 2485 1804 2558 volumus

392 2613 611 2710 pregravari,
630 2611 694 2685 scd
711 2611 804 2707 ipsos
822 2611 858 2683 in
873 2612 952 2704 jure
966 2631 1031 2684 sno
1049 2620 1085 2686 et
1100 2611 1256 2686 liberate
1272 2610 1434 2705 cupimus
1449 2627 1667 2706 promovere,
1686 2609 1807 2682 dolen*

393 2735 477 2810 dere
492 2743 527 2808 ct
539 2735 597 2831 pie
608 2755 825 2808 conservare.
838 2735 882 2806 Et
895 2756 940 2807 ne
953 2735 1132 2809 occasione
1142 2735 1259 2829 aliqua
1271 2734 1398 2826 injuste
1411 2735 1646 2826 molestentur,
1657 2754 1807 2828 persen-

394 2859 537 2933 tentiam
557 2859 593 2930 in
607 2859 780 2954 presentia
796 2867 913 2931 nostre
925 2859 1113 2954 maJestatis
1126 2861 1231 2932 latam
1243 2881 1264 2932 a
1278 2857 1493 2956 principibus
1506 2867 1542 2930 et
1555 2857 1632 2930 aliis
1646 2856 1809 2930 fidelibus

394 2983 530 3080 imperii
550 2983 741 3056 astantibus
758 2983 983 3078 approbatam
1000 2993 1052 3058 est
1070 2985 1180 3058 taliter
1201 2982 1388 3057 diffinitum
1406 2981 1502 3078 quod
1523 2979 1668 3078 predicti
1690 2981 1806 3054 dilecti

393 3130 435 3182 ac
448 3107 568 3182 fideles
585 3107 693 3182 nostri
709 3107 843 3180 scabini
857 3117 893 3182 ct
910 3109 1006 3182 cives
1019 3109 1237 3182 Colonienses
1251 3129 1317 3182 nec
1332 3107 1378 3182 ob
1392 3107 1510 3180 debita
1522 3127 1588 3180 nec
1600 3105 1647 3179 ob
1662 3107 1808 3202 promis·

394 3231 509 3306 aiones
531 3231 781 3328 archiepiscopi
799 3233 1050 3328 cujuscumque
1067 3241 1185 3306 sancte
1205 3232 1418 3306 Coloniensis
1438 3229 1582 3306 ecclesie
1598 3251 1665 3326 pro
1683 3230 1759 3304 loco
1774 3237 1810 3302 et

394 3364 548 3450 tempore
568 3355 749 3430 existentis
771 3365 834 3428 ant
859 3357 1001 3429 alteriue
1028 3357 1213 3449 cujuslibet
1238 3377 1383 3451 perenm
1399 3356 1436 3427 in
1451 3353 1607 3450 persoms
1624 3353 1681 3426 vel
1704 3351 1810 3426 rebus

395 3475 545 3550 debeant
557 3477 811 3574 dampnilieari,
825 3477 971 3554 detineri
982 3489 1043 3553 ant
1056 3481 1162 3554 modo
1176 3501 1397 3574 quocumque
1408 3478 1557 3574 paveri.
1567 3477 1603 3551 Si
1612 3476 1692 3572 quis
1706 3475 1814 3570 igitur

396 3619 485 3672 ausu
500 3601 681 3675 temerario
700 3612 820 3680 contre
843 3603 1035 3698 predictam
1058 3605 1263 3677 sententiam
1288 3603 1382 3700 ipsos
1402 3603 1439 3676 in
1455 3601 1561 3676 mbne
1576 3601 1634 3674 uel
1653 3599 1811 3696 personis

396 3722 590 3817 molestare,
607 3725 761 3799 detinere
774 3735 835 3800 aut
851 3727 968 3822 aliquo
984 3728 1090 3802 modo
1103 3727 1353 3824 dampnificare
1369 3725 1628 3823 presumpserit,
1644 3724 1812 3820 indigna-

398 3845 525 3920 tionem
541 3859 576 3921 et
589 3847 756 3922 offensam
771 3857 924 3924 nostram
940 3871 978 3924 ee
995 3852 1131 3925 noverit
1147 3851 1344 3925 incurrisse.

445 3971 564 4044 Testes
586 3971 692 4064 hujus
713 3973 764 4045 rei
785 3982 869 4046 sunt
892 3973 1039 4048 Silridue
1064 3975 1288 4071 Mogontinus
1314 3973 1560 4064 archiclectus,
1580 3969 1812 4048 Theodericus

396 4091 679 4190 archiepiscopus
692 4096 925 4185 Treverensis,
943 4098 1112 4172 Henricus
1128 4100 1408 4196 archiepiscopus
1425 4095 1649 4184 coloniensis,
1665 4094 1814 4170 Sifiidus

396 4215 580 4312 episcopus
603 4217 860 4314 liutisponene'n
882 4221 1071 4318 imperialis
1091 4224 1171 4296 aule
1196 4223 1438 4310 cancellarius,
1464 4219 1633 4294 Henricus
1654 4217 1812 4294 Wormu·

398 4339 522 4412 ciensis
547 4341 752 4437 episcopus,
778 4343 955 4418 Connadue
981 4346 1091 4420 abbas
1115 4348 1231 4420 Sancti
1257 4345 1363 4438 Galli,
1387 4347 1466 4419 Otto
1493 4343 1668 4440 palatinus
1695 4363 1812 4418 comcs

397 4463 496 4554 lieni,
513 4463 673 4539 Mathens
685 4466 762 4539 dux
779 4467 1012 4564 lotharingie,
1029 4471 1197 4544 ilenricus
1214 4471 1290 4544 dux
1307 4470 1352 4544 dc
1366 4468 1564 4560 Limbnrch,
1580 4467 1810 4542 Herimannus

397 4585 550 4696 marchio
573 4587 619 4662 de
640 4590 796 4684 Bedene,
814 4592 982 4666 llenricus
998 4614 1113 4670 comes
1129 4595 1174 4668 de
1192 4593 1313 4686 Seine,
1330 4589 1500 4666 Lutherne
1517 4611 1631 4665 comes
1649 4590 1695 4664 de
1714 4592 1809 4666 llon·

397 4709 532 4800 stadin,
551 4712 769 4789 Walerumns
790 4715 836 4790 de
853 4717 1059 4815 lllnntyoge,
1084 4719 1251 4792 ilenrieus
1269 4738 1385 4792 comcs
1405 4716 1451 4792 de
1467 4715 1713 4810 Waldinlrorg,
1730 4715 1809 4792 Otto
