4702 6110
377 672 476 736 lrnrcr.
491 671 537 758 2]
831 671 1028 735 HISTORIA
1053 670 1346 734 DIPLOMATICA.
1736 667 1792 730 391

376 807 553 882 Keisheim
579 806 687 903 regati
714 805 896 882 clementia
920 809 1105 882 clementer
1131 806 1356 897 exaudimus,
1380 812 1414 878 et
1439 803 1678 878 concambium
1706 802 1793 876 iliud

376 939 481 1026 atqrm
508 929 829 1020 commutationem,
859 952 930 1025 qua
949 931 1164 1004 WuIcuonus
1191 930 1361 1028 plebanus
1390 929 1426 1001 in
1454 929 1611 1002 Herburc
1637 928 1794 1024 predicto

377 1055 495 1130 abbati
509 1055 547 1128 C.
567 1063 602 1128 et
620 1076 685 1128 suo
706 1056 894 1128 couventui
918 1055 1042 1130 silvam
1061 1077 1132 1152 que
1150 1057 1259 1149 volgo
1273 1053 1339 1128 Ger
1364 1053 1491 1128 dicitur
1511 1075 1590 1126 cum
1610 1052 1690 1126 dote
1711 1075 1795 1148 par-

377 1181 462 1254 vula
486 1179 630 1254 ecclesie
651 1179 807 1253 Herburc
831 1178 1014 1272 attinente,
1040 1179 1277 1254 mediantibus
1301 1187 1336 1252 et
1362 1178 1615 1252 adtestantibus
1636 1178 1794 1252 ministe-

377 1303 524 1378 rialibus
549 1303 693 1394 nostris,
714 1304 957 1396 commutavit,
979 1307 1059 1400 jore
1082 1305 1244 1380 advocati
1269 1303 1503 1400 adprobamus
1530 1312 1565 1376 et
1588 1312 1698 1376 ratam
1723 1304 1792 1376 ha-

379 1428 525 1521 bemus,
542 1428 638 1502 etad
653 1427 873 1501 subruendos
888 1427 926 1499 in
939 1437 1115 1522 posterum
1127 1427 1364 1524 calumpniose
1382 1427 1606 1524 impetitionis
1621 1427 1795 1500 molestias

378 1553 561 1629 universas
579 1560 772 1650 presentem
794 1552 845 1624 eis
865 1551 1029 1648 peginam
1053 1574 1117 1649 pro
1141 1553 1325 1628 securitate
1340 1561 1375 1626 et
1390 1553 1508 1648 quiete
1529 1552 1699 1626 conscribi
1714 1547 1796 1644 jus-

377 1677 507 1768 simus,
528 1698 634 1774 quam
659 1677 763 1751 etiam
789 1676 897 1750 nostri
923 1677 1139 1774 appositione
1162 1677 1267 1772 sigilli
1295 1685 1462 1774 perpetuo
1486 1677 1670 1750 valituram
1697 1697 1795 1752 com-

376 1802 566 1875 munimus.

424 1923 513 1999 Acta
529 1934 610 1999 sunt
623 1925 690 2000 hec
706 1925 880 2001 dominice
898 1925 1143 1999 incarnationis
1160 1947 1254 2000 annu
1268 1926 1526 2000 M.cc.xxv111
1543 1924 1559 2024 (
1583 1926 1610 2024 ).

425 2049 542 2122 Testes
573 2049 679 2144 hujus
705 2051 755 2124 rei
778 2059 861 2122 sunt
890 2050 1122 2122 Hartmannus
1150 2071 1266 2124 comes
1292 2050 1338 2124 de
1362 2049 1558 2146 Dillingen,
1587 2049 1793 2124 Berhtoidus

377 2193 493 2247 comes
508 2173 554 2249 de
577 2173 881 2268 iechesgemnnde
898 2181 933 2248 et
954 2173 1047 2248 fitius
1066 2176 1142 2268 ejus
1154 2175 1341 2268 Henricus,
1358 2174 1553 2248 Fridericus
1568 2175 1614 2248 de
1633 2175 1793 2250 Truhen-

377 2296 500 2392 dingin
514 2307 550 2370 et
567 2295 660 2372 filius
677 2300 767 2393 ejus,
785 2297 1007 2372 Eberhardus
1022 2297 1068 2373 de
1082 2299 1249 2372 Walburo
1264 2298 1413 2396 dapifer,
1431 2298 1613 2373 Conradus
1629 2299 1793 2395 pincerna

378 2421 423 2495 de
439 2421 695 2514 Winterstetin,
716 2419 948 2517 Marquardus
969 2421 1125 2494 notarius
1142 2421 1291 2518 imperii,
1313 2422 1448 2496 Utricus
1471 2430 1506 2494 et
1520 2421 1702 2496 cunradus
1721 2425 1794 2495 sra-

376 2555 447 2620 tros
463 2545 509 2620 de
531 2547 677 2640 Werde,
700 2546 849 2622 Sitridus
873 2545 1041 2638 Custeiin,
1061 2547 1230 2622 Henricus
1248 2547 1293 2620 de
1309 2548 1505 2641 Brunuese,
1531 2547 1723 2621 Ruodolius
1749 2547 1793 2622 de

377 2667 623 2766 Clinginstene,
639 2671 759 2768 Regilo
777 2671 823 2746 de
838 2671 1098 2762 Attoluesheim,
1117 2672 1228 2746 etalii
1245 2673 1481 2768 quamplures.

613 2991 1097 3002 ——ffl.
1103 2995 1156 3002 ....--
1163 2995 1399 3004 ..-..—------—

429 3275 613 3362 Henricus
633 3278 895 3364 Romanorum
917 3305 987 3364 rex
1005 3281 1288 3366 concessionem
1310 3281 1462 3394 pedagii
1481 3281 1521 3364 in
1543 3282 1643 3368 ualle
1664 3283 1791 3367 Ama·
1817 3311 1984 3412 mitit

376 3407 450 3490 rini
471 3409 521 3494 ub
538 3411 766 3523 imperatore
783 3423 891 3524 patre
909 3438 980 3498 suo
997 3413 1129 3499 abbati
1146 3414 1385 3500 Murbacensi
1407 3415 1549 3500 iactum
1575 3417 1787 3502 confirmat.

457 3621 592 3706 (lidider.
606 3627 719 3710 Lumo,
732 3625 931 3691 licicdrcrcdio
938 3672 950 3704 ,
965 3631 1128 3692 oonnnmt.
1143 3629 1173 3703 Ι,
1189 3607 1323 3712 Spicilcp.
1338 3625 1466 3706 reta„
1480 3649 1512 3710 p.
1528 3631 1790 3694 orn-smon-

495 3749 577 3812 nm,
592 3732 686 3799 Atat.
701 3733 870 3818 diplomat,
884 3740 914 3814 1,
931 3747 1000 3801 tot.
1016 3738 1107 3818 Apud
1119 3742 1248 3819 priorum
1261 3740 1344 3802 deest
1356 3742 1471 3802 notatio
1484 3740 1615 3822 mensis.)

422 3919 592 3994 chricus
616 3922 679 3996 Dei
709 3924 819 4018 gratia
845 3925 1077 4000 Romanorum
1104 3949 1169 4002 rex
1193 3927 1368 4023 [semper]
1396 3937 1587 4022 augustus,
1614 3929 1789 4004 universis

375 4041 512 4140 imperii
530 4043 692 4120 fidelibus
704 4047 835 4141 quibus
851 4070 994 4146 presens
1007 4052 1173 4147 scriptum
1187 4051 1384 4126 exhibitum
1400 4053 1503 4126 fuerit
1525 4055 1670 4149 gratiam
1688 4077 1787 4128 suam

373 4173 409 4242 et
420 4187 524 4242 omne
536 4169 681 4243 bonum.
697 4171 782 4244 Cum
797 4173 1039 4248 serenissimus
1051 4175 1215 4249 dominus
1227 4177 1412 4273 imperator
1426 4187 1522 4274 pater
1535 4189 1650 4254 noster
1663 4181 1789 4255 dilecto

373 4292 522 4390 principi
545 4315 610 4368 suo
635 4303 670 4368 et
694 4303 811 4370 nostro
837 4297 1027 4396 pedagium
1044 4299 1081 4372 in
1097 4301 1189 4374 valle
1202 4299 1358 4374 Amerini
1381 4305 1589 4378 concesserit
1606 4326 1789 4402 quousque

409 4599 446 4678 (t)
464 4600 532 4660 cum
544 4600 595 4660 loci
610 4607 639 4660 et
651 4601 705 4661 diei
716 4601 824 4663 deficiat
835 4605 945 4664 omnino
956 4606 1073 4680 notatio,
1086 4608 1121 4666 ad
1134 4607 1208 4668 hunc
1221 4625 1358 4684 mensem,
1377 4628 1441 4688 rege
1457 4613 1515 4672 sive
1535 4614 1606 4690 apud
1626 4615 1788 4690 Nordtingen

371 4698 431 4758 sire
444 4699 472 4758 in
490 4700 663 4760 conterminis
674 4701 740 4760 lucis
752 4701 841 4761 adhuc
854 4710 988 4778 morante,
1000 4720 1034 4764 cx
1043 4705 1184 4768 vicinitate
1192 4708 1314 4768 coenobii
1324 4710 1594 4788 Kayscmheimjuxta
1606 4713 1790 4772 Douanwerth

372 4796 565 4858 documentum
578 4800 763 4878 reponendum
779 4801 914 4862 duximus.
