4702 6110
396 608 552 693 laureata]
840 600 1036 662 HISTORIA
1062 600 1354 665 olrloltllrtca
1742 595 1804 660 465

397 743 626 838 Sinderingcn
642 749 677 812 ct
695 747 881 830 utrumque
900 735 1155 830 Zwivelingen,
1179 737 1521 827 wolmrotashusen,
1544 732 1800 824 Tbieffensalle,

397 865 647 942 Sebalbanberc
668 872 703 936 et
724 861 924 948 llolzwiler,
950 871 1136 938 memorate
1159 861 1396 956 Herbipolensi
1422 858 1567 934 ecclesie
1587 857 1624 930 in
1646 878 1805 930 concam·

396 993 495 1066 bium
526 987 671 1066 contulit
695 994 730 1060 et
762 994 967 1060 restaurum.
1000 985 1086 1058 Cum
1114 994 1230 1058 autem
1258 993 1467 1058 memoratus
1489 983 1526 1056 C.
1555 981 1600 1056 de
1626 981 1807 1077 Winsperc

398 1125 514 1190 noster
534 1113 579 1188 sit
594 1109 828 1184 ministerialis
848 1131 913 1182 nac
925 1109 1169 1204 patrimonium
1183 1130 1286 1182 suum
1301 1107 1369 1182 uisi
1383 1107 1429 1182 de
1448 1116 1564 1182 nostra
1583 1105 1808 1202 permissione

400 1239 508 1334 possit
523 1238 578 1324 vel
592 1236 717 1310 debeat
731 1234 894 1324 alienare,
911 1255 974 1306 nos
988 1256 1034 1306 ex
1048 1233 1263 1329 plenitudine
1276 1233 1382 1306 nostri
1395 1231 1528 1304 consilii
1545 1231 1681 1326 plenam
1694 1228 1808 1304 eidem

401 1382 442 1434 ac
460 1360 603 1434 liberam
626 1356 788 1430 dedimus
811 1355 1007 1428 facultatem
1025 1365 1229 1428 memoratas
1251 1355 1350 1430 villas
1372 1353 1547 1450 sepedicta
1564 1353 1707 1428 ecclesia
1727 1373 1810 1428 cou-

403 1483 550 1575 tereudi,
568 1481 625 1554 cui
639 1479 812 1554 collationi
829 1501 969 1554 manum
988 1491 1139 1553 nostram
1156 1479 1363 1554 adhibentes
1384 1487 1420 1552 at
1437 1499 1614 1552 assensum
1637 1499 1701 1550 noa
1721 1499 1813 1552 ean-

405 1608 487 1684 dem
504 1605 721 1704 presencium
736 1603 930 1678 testimonio
946 1603 1203 1678 confirmamus.
1219 1606 1270 1678 Na
1285 1613 1400 1678 antem
1418 1626 1481 1702 per
1498 1603 1690 1698 aliquomm
1706 1625 1813 1676 emu-

404 1735 517 1806 lorum
535 1729 678 1805 insidias
695 1729 841 1802 ecclesia¹
859 1727 926 1802 sibi
951 1727 1063 1800 collati
1086 1729 1281 1824 patrimonii
1299 1730 1379 1820 jure
1398 1749 1552 1822 unquam
1574 1726 1810 1818 defraudetur,

405 1857 511 1928 immo
529 1865 564 1930 et
580 1877 623 1928 ne
636 1877 741 1950 super
755 1855 830 1949 ipso
843 1853 1045 1926 concambio
1064 1853 1211 1926 dubium
1224 1853 1328 1926 alicui
1345 1853 1557 1948 inposterum
1570 1853 1712 1942 oriatur,
1728 1874 1814 1948 pre-

405 2001 484 2054 sens
501 1979 667 2074 scriptum
688 1976 858 2050 conscribi
877 1976 1114 2074 disposuimus
1134 1986 1170 2050 et
1189 1977 1293 2070 sigilli
1311 1977 1416 2050 nostri
1433 1976 1624 2049 munimine
1644 1976 1810 2050 roborari.

453 2104 569 2176 Testes
585 2101 691 2196 hujus
711 2101 763 2174 rei
783 2111 895 2174 suut.
927 2153 935 2171 .
969 2153 978 2174 .
1006 2101 1189 2197 episcopus
1213 2100 1499 2192 wormaciensis,
1523 2099 1728 2196 pradictus.
1761 2154 1769 2169 .
1800 2155 1809 2171 .

407 2227 559 2300 marchio
573 2227 618 2300 de
633 2225 764 2319 Badeo,
787 2281 796 2296 .
821 2280 829 2297 .
853 2280 862 2297 .
884 2247 999 2298 comes
1015 2226 1060 2299 de
1074 2227 1303 2319 lewenstein,
1319 2225 1500 2299 Cunradus
1517 2225 1562 2300 de
1575 2225 1810 2320 Mageuheim,

407 2349 616 2424 Ludewicus
640 2349 686 2424 de
705 2350 871 2445 Scbipbe,
892 2349 1132 2442 Engelhardus
1154 2349 1199 2424 de
1216 2349 1386 2444 Nidccga,
1404 2348 1613 2424 Ludawicus
1636 2348 1682 2423 de
1703 2351 1815 2424 Lune-

405 2477 510 2564 burc,
525 2475 664 2550 Rabeno
681 2473 726 2547 de
742 2474 982 2569 Rabenspurc,
999 2472 1181 2549 bietberus
1196 2475 1299 2548 irater
1316 2497 1415 2566 suus,
1433 2482 1468 2548 et
1484 2473 1543 2548 alii
1557 2495 1663 2568 quam
1680 2475 1813 2570 pluras,

408 2609 478 2674 tam
495 2599 608 2672 clerici
621 2620 727 2693 quam
742 2597 834 2670 laici.

456 2722 542 2796 Acta
556 2732 637 2794 sunt
653 2722 717 2794 hec
735 2743 827 2808 anno
842 2721 1015 2795 dominice
1035 2721 1280 2796 incarnationis
1295 2723 1344 2797 lll⁰
1358 2723 1421 2796 CC⁰
1434 2723 1606 2796 tricesimo
1622 2724 1731 2820 primo
1749 2723 1762 2818 l
1788 2723 1814 2820 ),

408 2856 574 2942 regnante
597 2846 778 2918 nobiscnm
801 2845 950 2940 glorioso
962 2855 1066 2940 patro
1085 2855 1201 2919 nostro
1223 2847 1453 2920 Romanorum
1472 2847 1676 2944 imperatore
1696 2847 1818 2920 Fride·

409 2971 493 3063 rico,
512 2967 702 3044 indictione
714 2969 799 3041 llll'.

655 3219 817 3231 ..σι-ου.

465 3445 649 3529 Henricus
661 3447 921 3532 Romanorum
939 3475 1007 3532 rex
1020 3450 1246 3532 sententiam
1263 3449 1312 3533 ab
1328 3448 1465 3532 abbate
1482 3451 1602 3533 sancti
1620 3449 1718 3534 Galli
1740 3453 1821 3535 edi-
1855 3473 2005 3582 ww·

413 3588 493 3660 tam
509 3579 746 3690 promulgat,
763 3607 841 3690 qua
858 3581 1037 3665 haeredes
1051 3582 1228 3666 haeretici
1245 3584 1294 3665 ad
1312 3591 1474 3666 mortem
1488 3585 1728 3668 condemnati
1742 3585 1821 3668 bo-

415 3709 475 3792 nis
492 3710 574 3821 ejus
589 3711 849 3796 haereditariis
863 3714 1029 3824 gaudere
1042 3713 1200 3822 debent,
1217 3713 1408 3798 beneficiis
1427 3717 1476 3800 ad
1492 3717 1557 3828 jus
1578 3717 1822 3802 dominorum

416 3843 596 3952 aquibus
611 3843 851 3928 habebantur
863 3845 1129 3954 redeuntibus,
1145 3858 1182 3931 et
1194 3847 1306 3932 bonis
1327 3849 1535 3935 mobilibus
1558 3852 1608 3934 ad
1622 3851 1821 3935 dominum

415 3975 582 4060 bominis
596 3977 851 4060 condemnati.

494 4163 624 4236 (Edldsr.
640 4163 773 4238 llloarrr,
792 4163 854 4225 Voa
875 4165 996 4242 Worrur,
1011 4185 1039 4246 p.
1056 4177 1121 4232 loo.
1132 4171 1347 4234 -Gorrcctlus
1359 4176 1459 4233 tamen
1470 4173 1640 4250 pracsertlm
1653 4174 1684 4234 lu
1698 4173 1823 4234 chrono-

536 4269 638 4348 loglels
648 4272 728 4332 uotls
740 4271 851 4348 Panna,
866 4275 992 4334 Monam.
1010 4276 1101 4335 Geras
1115 4276 1205 4352 not,
1220 4281 1241 4338 t.
1256 4277 1309 4352 lv,
1324 4294 1355 4355 p.
1372 4287 1483 4341 aaa·
1494 4277 1537 4340 (11.
1552 4275 1663 4341 namt.
1681 4279 1820 4342 Wormat.

535 4389 581 4452 ap.
596 4375 756 4451 Bonum,
772 4375 887 4450 Fontes,
904 4381 944 4452 ll,
963 4383 1045 4456 175.)

455 4611 489 4685 (t)
508 4613 596 4683 Quum
610 4629 643 4672 cx
657 4615 765 4674 nomine
779 4617 859 4690 primi
870 4618 946 4676 tastis
959 4619 1149 4680 documentum
1165 4621 1331 4683 Wormatiac
1348 4623 1441 4682 datum
1460 4625 1638 4700 suspicemur,
1658 4626 1704 4684 bic
1718 4627 1824 4702 danaus,

419 4707 514 4768 incerti
525 4725 580 4784 quo
592 4710 688 4771 molius
698 4713 883 4788 reponendum
896 4715 942 4774 sit.

518 4809 575 4873 111.
1628 4834 1666 4886 59
