4642 6106
1092 663 1304 726 struantur
1329 665 1501 728 saturat
1813 665 1995 751 [1111231.

430 1222 532 1280 runnu,

404 1281 431 1322 a
444 1275 574 1325 1111
648 1237 676 1320 F
678 1237 885 1348 riderious,
909 1242 1169 1328 Romanorum
1201 1245 1424 1354 imperator,
1450 1272 1473 1329 a
1500 1246 1680 1356 Gregorio
1706 1269 1804 1354 papa
1831 1245 1996 1328 monitus

593 1373 698 1482 quod
712 1373 900 1456 haeretica
913 1376 1079 1484 pravitas
1092 1377 1131 1457 in
1151 1403 1269 1488 regno
1292 1405 1362 1462 suo
1380 1377 1528 1460 Siciliae
1541 1378 1738 1487 praecipue
1759 1377 1858 1460 circa
1872 1385 1996 1485 partes

592 1502 768 1613 Neapolis
781 1517 819 1590 et
834 1507 997 1590 Aversae
1015 1509 1225 1620 irrepserit,
1241 1511 1363 1594 eidem
1382 1509 1582 1620 respondet
1597 1535 1637 1591 se
1650 1533 1802 1592 omnem
1817 1507 2014 1590 sollicito-¹

589 1637 719 1720 dinem
735 1637 999 1748 impensumm
1017 1643 1066 1723 nd
1089 1641 1355 1725 eradicandam
1375 1653 1521 1724 tantam
1547 1651 1689 1750 pestem
1716 1642 1763 1723 de
1785 1639 1995 1722 civitatibus

590 1771 806 1880 praedictis.

673 1985 776 2058 (Edld.
789 1986 965 2065 Roranam,
977 1986 1089 2048 droul.
1100 1985 1194 2050 coclea
1209 1989 1433 2062 1111111111,
1450 1985 1474 2070 S
1486 1988 1572 2060 xlx,
1585 1989 1636 2048 sed
1650 2005 1710 2048 non
1723 1989 1851 2066 lntegre3
1867 1987 1992 2062 eomple-

713 2097 846 2152 mcntum
859 2107 930 2152 vero
940 2093 1077 2154 addimus
1088 2111 1126 2155 ex
1140 2095 1297 2168 11111111,
1312 2093 1416 2153 Kaisar
1427 2089 1539 2152 111111.
1555 2093 1596 2166 11,
1610 2093 1737 2170 append.
1752 2101 1785 2152 n·
1796 2100 1830 2164 6,
1847 2108 1865 2151 1
1878 2091 1990 2167 Regest.

712 2196 836 2276 Gregor.
852 2197 904 2258 llb.
917 2197 969 2270 tv,
984 2209 1018 2259 1ο
1030 2208 1102 2272 1813
1117 2200 1185 2260 1111.
1202 2215 1270 2260 cum
1284 2201 1368 2276 ooplu
1380 2201 1412 2258 11
1425 2199 1546 2260 collect.
1561 2199 1604 2258 Lu
1617 2199 1705 2259 Porta
1716 2198 1759 2258 du
1772 2195 1879 2272 Tbelld

597 2483 599 2488 Ι
638 2383 860 2455 Sanctissimo
883 2383 1066 2458 inebriato
1083 2387 1168 2480 patri
1187 2383 1350 2479 Gregorio
1367 2385 1428 2456 Dei
1452 2385 1560 2478 gratia
1577 2404 1712 2456 summo
1730 2381 1902 2479 pontifici,
1917 2382 1991 2453 Fre·

588 2505 726 2578 dericus
737 2507 859 2580 eadem
876 2507 985 2600 gratia
994 2510 1224 2581 Romanorum
1240 2510 1435 2604 imperator,
1448 2529 1581 2602 semper
1589 2517 1770 2598 augustus,
1785 2505 1988 2576 Hierusalem

587 2639 622 2701 et
637 2629 752 2700 Sicilie
766 2652 830 2702 rex
848 2631 1040 2701 salutemet
1054 2630 1281 2702 reverentiam
1297 2628 1446 2702 filialem.
1463 2627 1602 2702 Celestis
1620 2627 1765 2700 altitudo
1779 2625 1911 2698 consilii
1925 2646 1991 2718 que

587 2752 788 2824 mirabiliter
807 2754 842 2823 in
860 2775 924 2824 sua
946 2752 1113 2847 sapientia
1134 2763 1257 2824 cuncta
1275 2753 1446 2848 disposuit
1466 2773 1535 2824 non
1555 2751 1724 2822 immerito
1741 2747 1920 2822 sacerdotii
1939 2747 1989 2818 di-

586 2875 752 2968 gnitatem
768 2885 802 2948 ct
817 2876 914 2968 regni
932 2875 1108 2969 fastigium
1122 2875 1168 2948 ad
1185 2875 1307 2948 mundi
1323 2876 1476 2970 regimen
1491 2874 1708 2958 sublimavit,
1729 2874 1789 2944 uui
1808 2871 1988 2968 spiritualis

586 3010 621 3070 et
641 3000 738 3072 alteri
760 2999 947 3071 materialis
969 3001 1148 3072 conserens
1166 2999 1273 3094 gladii
1295 3009 1511 3096 potestatem,
1532 3009 1572 3071 ut
1591 2997 1770 3072 hominum
1793 3019 1835 3070 11
1860 2994 1987 3068 dierum

587 3133 809 3198 excrescente
833 3123 963 3196 malitia
983 3133 1019 3196 et
1038 3125 1198 3196 humanis
1219 3126 1391 3198 mentibus
1411 3125 1624 3199 diversarum
1641 3123 1919 3218 superstitionum
1937 3141 1987 3190 er·

588 3246 725 3318 roribus
749 3247 939 3340 inquinatis
961 3255 1108 3340 uterque
1128 3248 1262 3338 justitie
1283 3248 1420 3341 gladius
1442 3247 1488 3320 ad
1511 3247 1753 3319 correctionem
1781 3265 1932 3316 errorum
1954 3241 1986 3310 in

588 3367 705 3441 medio
725 3380 880 3461 surgeret
901 3379 936 3440 et
952 3369 1093 3461 dignam
1113 3392 1174 3463 pro
1190 3369 1320 3442 meritis
1337 3369 1372 3440 in
1391 3379 1547 3442 auctores
1565 3371 1730 3442 scelerum
1750 3375 1923 3439 exerceret
1939 3364 1987 3434 cl·

588 3492 728 3564 tionem.
747 3493 838 3564 Saue
859 3514 938 3562 curn
962 3493 1055 3563 omni
1080 3491 1336 3565 honorificentia
1354 3493 1560 3565 venerandis
1576 3491 1734 3587 apicibus
1753 3499 1867 3560 vestre
1883 3495 1987 3582 pater-

588 3614 705 3685 nitatis
722 3613 874 3709 acccptis
889 3623 924 3685 et
939 3637 1058 3686 earum
1078 3625 1195 3686 tenore
1214 3616 1350 3708 cognito
1363 3617 1455 3707 juste
1471 3637 1540 3688 non
1556 3615 1731 3710 potuimus
1753 3634 1821 3684 non
1843 3609 1984 3694 moveri,

587 3738 683 3808 velut
697 3737 759 3830 qui
773 3736 819 3808 ad
836 3735 974 3808 laudem
990 3739 1177 3828 bonorum,
1195 3739 1240 3810 ad
1255 3737 1445 3810 vindictam
1463 3759 1546 3810 vero
1565 3738 1821 3808 malefactorum
1835 3734 1986 3806 collatum

589 3859 690 3930 nobis
708 3881 729 3930 a
747 3857 893 3929 Domino
915 3879 1033 3930 ensem
1050 3859 1183 3948 justitie
1204 3860 1415 3951 bajulamus,
1437 3859 1522 3931 dum
1547 3861 1671 3931 nostris
1693 3869 1746 3930 est
1767 3857 1910 3929 auribus
1934 3875 1989 3948 per

589 3980 728 4052 easdem
753 4001 867 4051 sacras
892 3981 1020 4051 litteras
1042 3981 1236 4051 intimatum
1259 3981 1353 4073 quod
1381 3981 1529 4054 heretice
1555 3981 1643 4054 labis
1665 3981 1807 4052 morbus
1832 3976 1988 4074 paulatim

590 4123 731 4196 serpens
752 4113 791 4172 ut
809 4124 931 4174 cancer
946 4125 1008 4196 pro
1026 4124 1151 4194 magna
1172 4111 1268 4196 parte
1291 4103 1420 4174 ltaliam
1439 4115 1472 4174 et
1489 4105 1695 4198 specialiter,
1719 4101 1815 4196 quod
1843 4099 1990 4173 dolentes

591 4224 790 4310 referimus,
806 4224 842 4294 in
858 4245 965 4317 reguo
979 4235 1094 4296 nostro
1113 4223 1227 4295 Sicilie
1244 4225 1418 4320 Neapolim
1436 4237 1470 4298 et
1487 4227 1651 4299 Aversam
1668 4237 1853 4322 partesque
1866 4225 1991 4296 vicinas

591 4343 719 4415 dicitur
739 4345 917 4426 infecisse,
940 4347 1030 4416 sicut
1052 4368 1114 4440 per
1134 4347 1320 4439 quemdam
1344 4348 1390 4418 ab
1411 4349 1532 4421 eodem
1556 4371 1670 4421 errore
1692 4345 1833 4422 tandem
1853 4345 1992 4419 Domino

592 4466 779 4558 inspirante
800 4487 998 4538 conversum
1017 4469 1201 4562 apostolice
1223 4461 1427 4542 beatitudini
1451 4471 1647 4566 accepimus
1666 4472 1874 4543 revelatum.
1891 4471 1993 4562 Super

592 4606 663 4678 quo
684 4595 777 4658 tanto
797 4587 1033 4660 vehementius
1049 4590 1234 4662 anxiamur
1249 4600 1379 4685 quanto
1396 4591 1540 4666 vicinior
1561 4593 1746 4688 apostolice
1769 4615 1812 4664 ac
1828 4587 1993 4689 imperiali

593 4704 674 4775 Sedi
688 4707 772 4776 tanti
784 4709 978 4800 superstitio
991 4710 1166 4781 iuvenitur
1178 4711 1313 4801 erroris,
1328 4722 1366 4784 ut
1379 4713 1414 4783 11
1430 4714 1574 4786 circuitu
1590 4716 1708 4788 matris
1720 4714 1890 4786 insultent
1903 4709 1994 4805 impii
