4642 6106
349 631 448 691 lunrcn.
463 628 507 713 4.]
799 624 996 688 HISTORIA
1019 621 1315 686 utrnouavrcn
1704 625 1762 690 231

349 764 443 838 tione
458 761 615 859 deposita
629 783 710 835 cum
725 761 886 836 instantia
903 761 1109 858 postulasset
1122 757 1292 855 imperiali
1308 757 1476 830 sententia
1492 756 1635 832 diffiniri
1649 769 1765 836 utrum

350 886 417 961 hoc
434 890 547 962 lacere
566 885 719 959 licuisset
733 885 895 982 episcopo
910 883 1129 982 supradicto,
1147 902 1211 955 nos
1229 880 1369 955 undem
1385 881 1542 976 petitioni
1561 905 1625 956 sue
1642 885 1765 982 benig-

350 1034 436 1085 num
462 1011 645 1108 prebentes
674 1009 832 1084 auditum
858 1032 939 1082 cum
966 1005 1202 1104 Aquilegicnsi
1226 1006 1420 1101 patriarcha
1448 1016 1483 1079 et
1507 1007 1765 1106 archiepiscopo

350 1135 592 1230 Salzburgensi
606 1143 642 1208 et
657 1134 820 1229 episeopo
833 1133 1073 1228 Ratisponensi
1090 1141 1126 1206 et
1138 1129 1276 1203 Austris
1293 1138 1397 1224 atque
1415 1131 1567 1204 Meranie
1579 1153 1714 1206 necnon
1732 1143 1767 1207 et

351 1257 530 1332 Kerinthie
552 1256 703 1332 ducibus
725 1267 759 1332 et
778 1279 858 1330 eum
875 1257 953 1330 aliis
971 1256 1096 1330 nostris
1117 1255 1279 1328 fidelihus
1301 1275 1405 1349 super
1421 1253 1488 1326 hoc
1506 1263 1686 1329 tractatum
1703 1259 1766 1332 ha·

352 1382 493 1455 buimus
511 1381 723 1477 diligentem,
742 1383 787 1455 ab
809 1381 983 1454 universis
999 1390 1035 1454 et
1057 1379 1204 1475 singulis
1220 1377 1308 1474 quid
1322 1378 1412 1471 juris
1433 1387 1524 1452 esset
1543 1381 1690 1461 sollicite
1711 1383 1766 1455 in·

350 1505 539 1600 quirentes.
556 1507 599 1579 Et
614 1505 697 1600 quia
711 1505 812 1578 nobis
834 1505 951 1578 visum
975 1505 1042 1576 fuit
1063 1503 1159 1600 quod
1181 1503 1370 1576 infeodatio
1386 1502 1587 1595 hujusmodi
1605 1504 1679 1578 fieri
1695 1529 1764 1582 non

350 1629 555 1725 potuitquia
572 1629 707 1724 dejure
720 1649 790 1702 non
805 1629 938 1716 debuit,
953 1629 1135 1702 statuimus
1149 1649 1225 1701 eam
1239 1649 1315 1700 esse
1330 1627 1468 1723 penitus
1484 1628 1710 1728 irritandam(
1736 1633 1762 1728 ).

351 1751 441 1838 Quia
459 1775 544 1828 vero
559 1753 682 1826 civitas
697 1753 923 1849 Frisingensis
942 1763 995 1828 est
1012 1754 1112 1828 sedes
1129 1753 1334 1849 episcopalis
1359 1760 1393 1826 et
1416 1753 1528 1848 prima
1544 1753 1766 1851 legitimaque

351 1876 415 1952 dos
430 1877 574 1951 ecclesie
589 1877 827 1973 Frisingensis,
840 1887 921 1953 unte
936 1879 1045 1975 ipsius
1056 1877 1308 1952 dedicationem
1325 1877 1371 1950 ad
1390 1897 1479 1973 opus
1498 1877 1765 1952 ministeriorum

350 2009 385 2074 et
395 2002 616 2076 luminarium
627 2003 784 2098 ejusdem
793 2003 937 2076 ecclesie
951 2002 1101 2098 legitime
1111 2023 1192 2074 cum
1203 1999 1298 2073 omni
1306 2000 1386 2093 jure
1395 2021 1435 2073 ac
1444 2001 1598 2096 plenaria
1610 2003 1765 2078 libertme

350 2125 490 2219 collata,
511 2136 546 2200 et
564 2135 745 2224 propterea
762 2127 928 2200 nonlicet
946 2149 1023 2200 eam
1035 2126 1198 2220 cuiquam
1213 2145 1390 2220 quoquam
1403 2125 1503 2197 titulo
1523 2123 1765 2200 infeudationis

351 2249 514 2340 conferri,
531 2271 595 2324 nos
613 2249 709 2346 apud
724 2249 919 2344 Anagniam
936 2249 1111 2323 constituti
1127 2256 1315 2322 memorate
1330 2248 1480 2322 civitatis
1496 2249 1762 2325 infeudationem

350 2372 417 2446 sub
437 2394 658 2470 quocumque
684 2372 783 2447 titulo
807 2373 1051 2448 infeudationis
1076 2374 1201 2446 factam
1228 2370 1274 2447 de
1305 2372 1502 2468 principum
1529 2373 1762 2468 predictorum

350 2497 493 2571 consilio
512 2497 701 2592 imperialis
722 2505 837 2572 nostre
859 2497 1047 2590 majestatis
1071 2496 1273 2570 auctoritate
1298 2519 1474 2570 cassamus
1492 2506 1526 2570 et
1545 2496 1762 2571 decernimus

349 2640 427 2694 esse
443 2621 591 2714 nnllam,
609 2621 769 2695 eamdem
787 2621 961 2696 civitatem
983 2645 1064 2695 cum
1082 2622 1177 2694 omui
1199 2643 1241 2695 ea
1258 2621 1416 2694 libertate
1432 2644 1538 2716 quam
1556 2644 1603 2695 cx
1619 2624 1762 2718 antiquo

350 2741 513 2818 habuisse
537 2745 729 2819 dinoscitur
756 2745 802 2818 ad
827 2746 886 2837 jus
909 2757 942 2818 et
962 2745 1205 2842 proprietatem
1228 2753 1263 2818 ct
1280 2768 1365 2817 usus
1384 2745 1519 2819 debitos
1535 2747 1762 2842 Frisingensis

349 2867 492 2941 ecclesie
507 2869 659 2964 legitime
673 2877 886 2944 revocantes.
901 2869 994 2942 Nulli
1009 2891 1091 2964 ergo
1108 2868 1288 2942 hominum
1302 2867 1403 2942 liceat
1419 2869 1559 2943 omniuo
1577 2869 1668 2942 hanc
1684 2893 1761 2944 nos·

350 3001 437 3064 tram
449 2993 654 3068 sententiam
670 2993 856 3088 intringere
867 2994 923 3066 vel
941 2992 1078 3066 clausu
1095 2993 1275 3066 temerario
1291 2995 1472 3067 contraire.
1487 2995 1523 3067 Si
1543 2994 1622 3091 quis
1644 3005 1759 3074 autem

349 3115 415 3191 hoc
424 3126 626 3214 attemptare
639 3117 897 3213 presumpserit,
915 3118 1151 3192 millemarcas
1162 3119 1238 3191 auri
1250 3128 1446 3215 componat,
1465 3119 1684 3194 medietatem
1698 3143 1760 3195 no·

349 3239 416 3330 bis,
432 3241 612 3316 residuum
623 3241 767 3314 ecclesie
778 3241 989 3336 supradicte,
1001 3243 1171 3316 sententia
1185 3241 1306 3316 eadem
1318 3241 1561 3316 nichilominus
1577 3244 1613 3315 in
1626 3267 1691 3318 suo
1705 3267 1759 3318 ro·

350 3363 433 3438 hore
450 3365 486 3438 in
504 3373 709 3462 perpetuum
727 3365 906 3437 duratura.
919 3362 975 3438 Ad
992 3365 1097 3458 hujus
1113 3374 1229 3439 autem
1246 3366 1413 3438 sententia
1431 3376 1546 3439 nostre
1559 3367 1759 3441 memoriam

349 3497 384 3596 et
401 3488 558 3562 stabilem
584 3487 778 3562 firmitatem
800 3497 993 3583 presentem
1017 3489 1169 3562 divalem
1196 3489 1360 3585 paginam
1378 3488 1452 3562 lieri
1477 3499 1512 3563 et
1536 3490 1632 3564 bulla
1655 3513 1759 3564 aurea

349 3612 486 3709 typario
500 3622 617 3686 nostre
633 3613 821 3707 majestatis
837 3613 1003 3709 impressa
1015 3612 1183 3707 jussimus
1201 3613 1417 3686 communiri.
1476 3679 1478 3684 ,

397 3738 508 3832 llujus
529 3759 669 3833 qnoque
697 3739 745 3810 rei
767 3747 870 3811 testes
894 3746 975 3810 sunt
991 3736 1041 3808 hii
1062 3735 1284 3810 Eberhardus
1302 3736 1583 3834 archiepiscopus
1600 3738 1760 3810 Salzbur·

384 4078 419 4152 (t)
436 4079 516 4137 Extat
528 4079 563 4136 de
575 4079 627 4137 hac
640 4081 772 4138 sententia
786 4080 992 4138 instrumentum
1003 4077 1099 4136 dotum
1111 4077 1185 4154 opud
1195 4079 1328 4138 Sanctum
1340 4079 1515 4148 Germanum,
1527 4078 1659 4136 secludis
1674 4085 1761 4138 stuata

348 4189 435 4232 menso
444 4177 523 4249 junii
536 4175 587 4250 (25
595 4177 669 4251 Just.)
681 4182 728 4233 aut
738 4177 829 4250 potius
840 4177 864 4234 si
872 4175 943 4249 julii
956 4177 1084 4249 legamus,
1093 4179 1128 4234 26
1138 4177 1209 4251 julii
1222 4179 1301 4246 taso,
1312 4191 1365 4249 quo
1378 4175 1549 4232 Eberhardus
1561 4175 1762 4250 Salzburgensis

347 4272 565 4348 archiepiscopus
573 4279 601 4331 et
608 4273 721 4332 sifridus
733 4273 936 4348 ltntispcnensis
946 4273 1089 4347 episcopus
1101 4289 1195 4348 upupa
1206 4271 1319 4344 delegati
1331 4273 1365 4329 de
1376 4271 1484 4345 querela
1495 4271 1604 4346 capituli
1612 4257 1761 4348 Frisingen·
1807 4337 1808 4342 γ

347 4367 387 4426 sis
397 4370 538 4442 audienda,
551 4371 759 4430 infeudationem
772 4369 850 4430 urbis
863 4370 1067 4444 Frisiugeusisa
1083 4370 1200 4428 Geroldo
1219 4369 1316 4428 tactam
1329 4369 1486 4428 cassandam
1500 4370 1644 4444 declarant,
1659 4371 1702 4429 his
1714 4375 1760 4430 ad-

348 4463 412 4523 ditis
423 4466 529 4523 verbis:
542 4487 555 4520 a
566 4467 711 4524 Presertim
725 4483 787 4526 cum
805 4467 833 4523 in
851 4471 944 4524 nostra
964 4471 992 4522 et
1011 4465 1123 4523 aliorum
1142 4465 1293 4540 principum
1318 4466 1451 4540 presentie
1469 4465 1594 4524 dominus
1615 4467 1761 4541 imperatur

348 4579 363 4616 ι
378 4561 424 4635 qui
438 4569 481 4620 est
493 4563 610 4622 animata
624 4565 667 4622 lex
681 4565 710 4622 in
721 4564 800 4622 terris
811 4566 840 4620 in
852 4563 932 4638 plano
944 4563 1101 4620 consistorio
1111 4563 1303 4620 sententialiter
1312 4563 1494 4635 declaraverit,
1504 4571 1533 4621 et
1547 4565 1624 4640 quasi
1638 4582 1688 4640 pro
1702 4565 1759 4639 lega

349 4661 584 4736 »promulgaverit
598 4663 677 4722 sedes
693 4637 860 4738 episcopales
878 4662 1031 4722 nullatenus
1049 4661 1176 4721 infeodari
1188 4677 1280 4738 posse.
1293 4682 1306 4716 a
1317 4663 1357 4721 Cf.
1374 4663 1585 4732 narcuauaaca,
1604 4665 1677 4722 lltst.
1697 4665 1759 4722 Fri·

346 4758 432 4834 stup,
448 4759 486 4832 11,
503 4761 532 4817 7.
