4642 6106
340 647 499 733 burm]
793 649 991 714 HISTORIA
1016 649 1306 712 tttt’tottttrtctt.
1693 641 1755 704 265

339 785 516 872 consulas,
533 783 744 879 imperialem
757 783 999 858 celsitudinem
1013 805 1193 878 rogamus,
1207 803 1387 856 monemus
1399 789 1435 854 et
1445 779 1623 852 hortamur
1635 777 1672 850 in
1683 777 1752 850 Do

339 909 434 983 mino
449 917 623 1002 quatenus
636 907 770 1002 eligens
783 907 901 1003 potins
914 907 1008 982 vinci
1022 905 1258 982 misericordie
1268 905 1396 1002 pietate
1410 903 1467 978 oui
1482 912 1593 976 cetere
1605 901 1751 974 virtutes

339 1030 461 1105 cedere
475 1031 617 1106 minime
632 1029 867 1125 dedignantur
882 1051 988 1126 quam
999 1031 1134 1124 justitia
1149 1037 1353 1126 exasperata
1365 1027 1494 1118 notari,
1511 1025 1614 1100 dictis
1627 1024 1749 1120 Hospi-

339 1152 469 1226 talan'is
496 1164 531 1228 et
556 1153 758 1250 templariis
782 1153 898 1228 ablata
926 1153 1060 1228 restitui
1087 1153 1193 1228 ladas
1214 1154 1379 1226 universa
1401 1152 1449 1224 ita
1471 1148 1568 1244 quod
1593 1147 1750 1224 divinam

340 1276 449 1349 evites
467 1275 630 1350 offensam
656 1284 691 1350 et
713 1297 776 1350 nos
798 1259 1099 1352 mansuetudinem
1123 1287 1218 1350 tuam
1245 1275 1417 1373 possimus
1437 1273 1558 1348 merito
1576 1292 1749 1362 commen·

341 1398 442 1490 dare,
462 1421 543 1472 cum
565 1400 650 1474 alias
667 1399 866 1496 patientiam
890 1409 1040 1474 nostram
1058 1401 1164 1473 variis
1186 1399 1487 1475 detrectationibus
1505 1417 1680 1493 exponere
1695 1394 1750 1467 vi·

341 1520 482 1595 dereris.
497 1523 539 1594 Ut
552 1531 668 1596 autem
682 1545 786 1618 super
799 1523 866 1597 boc
881 1524 1017 1620 plenius
1036 1524 1099 1596 tibi
1114 1533 1268 1597 nostrum
1286 1523 1502 1596 insinuemus
1514 1520 1691 1603 allectum,
1712 1519 1748 1590 iu

340 1665 400 1718 ore
421 1643 537 1718 dilecti
558 1643 665 1718 lilii...
693 1645 828 1720 abbatis
855 1645 1038 1720 casemarii
1065 1647 1245 1742 posuimus
1273 1647 1381 1720 verba
1411 1655 1527 1718 nostra
1555 1643 1684 1739 quibus
1715 1651 1748 1714 te

341 1768 480 1842 credere
497 1769 660 1844 volumus
677 1769 926 1843 incunctanter.

388 1893 514 1964 Datum
531 1893 699 1985 laterani,
721 1894 778 1965 tv⁰
793 1891 959 1967 kalendas
972 1893 1100 1983 martii,
1119 1892 1338 1990 pontificatus
1349 1893 1456 1966 nostri
1470 1912 1562 1965 anno
1575 1899 1711 1986 quarte.

354 2137 359 2145 ·
390 2138 524 2214 mecm.
556 2141 745 2236 tmpertatis
769 2102 983 2216 elstannus
1017 2143 1145 2216 ritum
1175 2143 1275 2216 noun
1304 2165 1366 2238 per
1399 2143 1563 2216 circeum
1588 2137 1743 2210 rtrum...

342 2264 502 2336 abbatem
527 2263 712 2338 Casemarii
732 2275 943 2360 presentatus
965 2276 1139 2360 minutor
1155 2269 1350 2362 recepimus
1365 2276 1401 2340 et
1418 2263 1651 2338 intelleximus
1666 2261 1746 2334 dili·

341 2397 473 2479 genter,
494 2385 686 2480 gaudentes
703 2387 739 2459 in
756 2388 902 2462 Domino
918 2389 1015 2484 quod
1033 2412 1116 2484 erga
1136 2411 1200 2462 nos
1215 2400 1251 2462 et
1271 2391 1459 2462 Romanam
1477 2385 1664 2459 Ecclesiam
1683 2384 1746 2458 de-

341 2511 452 2582 bitum
466 2509 611 2583 exhibes
625 2510 829 2584 sinceritatis
843 2511 1002 2585 affectum
1017 2533 1087 2607 quo
1102 2513 1165 2586 tibi
1179 2513 1240 2586 Dei
1254 2521 1289 2586 et
1302 2512 1479 2585 hominum
1493 2509 1637 2604 gratiam
1649 2530 1748 2581 com-

341 2655 442 2728 paras
461 2643 497 2706 et
511 2635 665 2708 levorem
682 2643 717 2706 et
734 2655 798 2708 uos
815 2633 862 2707 ad
882 2637 1057 2732 proiectus
1075 2647 1152 2710 tuos
1164 2635 1348 2710 efficaciter
1365 2633 1568 2708 exhortaris.
1589 2631 1747 2706 Ceterum

342 2755 608 2852 intellectisque
627 2756 720 2831 idem
740 2757 849 2832 abbas
863 2758 963 2832 nobis
979 2781 1025 2832 ex
1043 2769 1139 2856 parte
1154 2770 1213 2832 tua
1232 2759 1315 2832 viva
1335 2779 1422 2830 voce
1437 2756 1636 2854 proposuit,
1658 2755 1748 2828 circa

341 2879 489 2974 plurima
504 2880 663 2976 occupati
680 2890 716 2954 et
730 2881 925 2976 specialiter
941 2904 1003 2978 pro
1021 2883 1159 2978 negotio
1181 2881 1263 2956 fidei
1278 2903 1498 2977 nequaquam
1514 2901 1620 2976 super
1633 2879 1675 2952 iis
1692 2879 1748 2952 vel

341 3002 418 3076 aliis
436 3003 472 3074 in
490 3003 578 3076 urbe
599 3003 881 3080 deliberationem
901 3006 1030 3080 habere
1050 3007 1228 3102 potuimus
1242 3015 1464 3104 oportunam;
1485 3003 1643 3078 sedeam
1660 3002 1750 3076 sicut

341 3125 492 3198 creditur
506 3136 621 3198 noster
635 3127 717 3202 inde
728 3148 797 3202 nun
813 3128 849 3200 in
860 3129 1005 3224 longum
1018 3129 1196 3204 differatur
1208 3151 1381 3226 egressum,
1394 3139 1477 3202 tuno
1487 3127 1616 3225 poteris
1627 3126 1673 3201 ad
1686 3148 1749 3202 nos

341 3259 439 3322 tuum
456 3249 617 3322 nuntium
640 3249 813 3326 destinare
833 3251 895 3348 qui
919 3264 1015 3326 tuam
1043 3253 1143 3328 nobis
1161 3253 1382 3328 intentionem
1401 3273 1579 3350 exponens
1596 3261 1751 3326 nostrum

342 3393 543 3468 responsum
558 3373 620 3446 tibi
637 3375 774 3470 plenius
787 3377 985 3472 reportabit.
1003 3377 1141 3450 lnterim
1157 3388 1273 3452 autem
1287 3378 1436 3471 hiisque
1448 3375 1624 3473 predictus
1641 3375 1749 3448 abbas

340 3506 497 3592 exparte
513 3507 628 3570 nostm
641 3498 900 3572 mansuetudini
913 3511 972 3574 tue
986 3502 1068 3576 viva
1085 3521 1172 3574 voce
1185 3509 1352 3598 pmpouet
1365 3499 1571 3574 fiducialiter
1585 3498 1748 3592 acquies-

341 3641 418 3708 cas,
439 3629 553 3694 certns
571 3621 667 3716 quod
692 3621 783 3694 votis
798 3622 868 3696 tuis
891 3625 1035 3700 libenter
1056 3625 1243 3698 annuimus
1264 3635 1433 3721 quantum
1449 3646 1529 3696 cum
1548 3623 1644 3696 salva
1662 3643 1746 3718 pos-

342 3763 463 3813 sumus
479 3743 668 3816 honestate.

391 3867 514 3938 Datum
530 3867 706 3960 laterani,
727 3880 765 3939 ut
782 3892 896 3966 supra

389 4112 522 4186 Eidem.
539 4113 675 4201 Quanto
687 4117 839 4190 malivoli
852 4125 888 4189 et
898 4096 1074 4213 maliloqui
1086 4117 1205 4211 majori
1218 4125 1356 4189 estuant
1370 4114 1514 4188 libidine
1526 4112 1742 4204 detrahendi,

342 4243 433 4308 recta
451 4235 554 4308 etiarn
571 4237 606 4309 iu
626 4239 879 4333 sugillationem
893 4249 1041 4314 nostram
1056 4249 1091 4313 et
1107 4251 1201 4314 tuam
1217 4239 1374 4334 nequiter
1390 4237 1631 4334 depravando,
1652 4246 1746 4311 nnn

342 4359 525 4431 sinceritati
550 4369 608 4434 tue
632 4362 827 4436 accuratius
850 4375 903 4438 cst
925 4362 1120 4437 cavendnm
1145 4385 1190 4437 nc
1214 4363 1427 4437 occasionem
1453 4361 1515 4436 des
1536 4361 1606 4433 illis
1627 4371 1745 4435 oontm

343 4490 527 4575 utrumque
543 4482 680 4578 linguas
694 4483 882 4560 maledicas
899 4485 1098 4578 relaxandi,
1117 4507 1222 4580 quem
1242 4485 1423 4580 utriusque
1444 4485 1534 4558 lame
1552 4483 1652 4558 decet
1668 4504 1743 4558 esse

344 4603 528 4676 sollicitum
541 4607 734 4682 zelatorum.
750 4610 985 4684 Intelleximus
998 4609 1027 4682 si
1043 4609 1186 4704 quidem
1203 4609 1299 4705 quod
1315 4610 1392 4683 illos
1409 4608 1454 4683 de
1471 4630 1577 4704 regno
1594 4608 1656 4704 qni
1674 4607 1757 4681 Εσ-Ι

342 4725 446 4798 clesie
463 4727 674 4803 adheserunt
694 4731 845 4808 intendis
860 4733 1063 4830 compellere
1084 4733 1402 4827 transfretandum
1424 4743 1476 4808 est
1497 4753 1557 4808 eos
1574 4732 1664 4806 sicut
1677 4731 1744 4806 sibi

442 4851 494 4911 ΙΙΙ.
1552 4865 1588 4918 at
