4642 6106
601 641 663 702 ato
745 635 751 654 '
1104 637 1317 702 luluuolcr
1342 641 1515 704 stcollol
1824 629 1904 714 [aar.
1924 629 2010 690 12³1.

604 775 767 848 redessui
782 775 817 848 in
830 775 931 848 bonis
942 775 1028 872 ipsis
1039 773 1085 848 de
1100 783 1216 848 nostm
1230 777 1451 850 concessione
1466 772 1665 848 succedant.
1681 769 1731 840 lle
1744 764 2014 840 habundantiori

602 921 742 995 quoque
753 899 862 994 gratia
874 907 908 972 et
916 897 1150 970 munificentia
1162 900 1385 973 concedimus
1393 909 1428 972 et
1438 900 1600 972 volumus
1612 903 1650 965 ut
1660 889 1833 988 predictus
1841 889 2016 962 lohannes

603 1024 757 1097 notarius
775 1033 902 1112 noster,
923 1023 1071 1096 lacobus
1085 1024 1188 1096 irater
1201 1023 1277 1116 cjus
1294 1033 1459 1096 eteorum
1476 1020 1620 1094 heredes
1636 1024 1800 1112 perpetuo
1815 1011 2015 1107 supradicta

603 1149 696 1222 bona
708 1149 745 1220 in
761 1148 873 1244 capite
893 1157 1031 1220 teneant
1052 1157 1087 1220 et
1102 1148 1188 1220 nulli
1208 1149 1266 1220 alii
1289 1149 1354 1222 nisi
1375 1148 1470 1220 curie
1488 1155 1602 1218 nostre
1621 1149 1752 1214 tantum
1769 1145 1949 1210 teneantur
1970 1135 2016 1208 de

602 1283 715 1346 cetero
730 1273 950 1368 respondere.
970 1273 1027 1346 Ad
1048 1274 1153 1366 hujus
1168 1283 1285 1346 aulem
1300 1271 1530 1346 concessionis
1547 1279 1582 1342 et
1599 1264 1794 1340 donationis
1812 1271 1928 1334 nostre
1943 1282 2017 1338 me.-

603 1397 746 1470 moriam
759 1407 794 1470 et
806 1397 913 1470 mbnr
927 1406 1094 1493 perpetuo
1108 1397 1311 1488 valiturum,
1328 1419 1470 1492 presens
1485 1392 1705 1492 privilegium
1720 1411 1781 1484 per
1794 1407 1919 1458 manue
1931 1385 2019 1456 Pm-

603 1521 694 1618 copii
718 1520 764 1594 de
787 1521 917 1594 Matera
939 1521 1063 1594 notarii
1083 1531 1118 1594 et
1140 1521 1252 1594 fidelis
1274 1521 1380 1592 nostri
1401 1518 1475 1592 lieri
1499 1527 1534 1592 et
1557 1515 1670 1609 sigillo
1694 1509 1880 1604 majestatis
1903 1515 2019 1580 nostre

599 1647 767 1738 jussimus
781 1647 1005 1738 communiri,
1024 1667 1135 1734 anno,
1153 1667 1273 1718 mense
1288 1657 1324 1718 at
1338 1643 1526 1718 indictione
1540 1637 1755 1732 subscriptis.

651 1773 777 1846 Datum
805 1773 964 1862 Lucerie,
995 1792 1088 1844 anno
1114 1771 1288 1844 dominice
1312 1767 1559 1844 incarnationis
1583 1762 1763 1836 millesimo
1782 1756 2021 1833 ducentesimo

604 1897 776 1970 tricesimo
805 1896 937 1992 primo,
961 1917 1079 1968 mense
1105 1897 1245 1992 aprilis,
1271 1905 1395 1990 quarte
1418 1891 1636 1982 indictionis,
1662 1889 1854 1983 imperante
1877 1879 2022 1954 domino

604 2029 722 2094 nostro
738 2019 920 2092 Frederico
939 2019 1000 2092 Dei
1021 2019 1133 2112 gratia
1151 2017 1380 2092 invictissimo
1396 2017 1627 2090 Romanorum
1644 2012 1866 2106 imperatore,
1884 2021 2024 2097 semper

604 2151 775 2236 angusto,
792 2143 978 2216 lernsalem
1001 2151 1037 2214 et
1060 2143 1175 2214 Sicilie
1198 2163 1296 2236 rege,
1321 2161 1414 2214 anno
1437 2137 1573 2235 imperii
1597 2137 1674 2228 ejus
1692 2131 1897 2216 undecimo,
1922 2125 2023 2219 regni

604 2269 788 2342 leruselem
802 2277 915 2358 sexto,
932 2269 1030 2362 regni
1045 2289 1129 2340 vero
1143 2266 1259 2340 Sicilie
1271 2265 1443 2340 tricesimo
1458 2263 1577 2355 tercio,
1598 2257 1754 2334 feliciter.
1770 2255 1896 2328 Arnen.

659 2941 807 3026 Foedus
821 2941 960 3023 initum
973 2939 1072 3020 inter
1082 2935 1295 3020 Abbuissac
1307 2931 1517 3042 principem
1532 2925 1809 3008 Saracenorum
1824 2913 1975 2996 Africae
1989 2921 2030 2992 et

604 3075 839 3160 Friderieum
852 3073 1114 3157 Romanorum
1131 3069 1400 3178 imperatorem
1412 3051 1480 3174 per
1492 3056 1700 3142 Vibaldum
1713 3049 1885 3162 ejusdem
1903 3045 2031 3152 impe-

606 3209 743 3293 ratoris
759 3209 929 3318 legatum
946 3205 995 3288 de
1007 3203 1165 3312 captivis
1182 3201 1345 3284 invicem
1362 3191 1625 3296 restituendis,
1640 3189 1689 3270 dc
1705 3184 1880 3267 libertate
1894 3201 2029 3285 nego-

605 3341 773 3426 tiationis
795 3349 833 3423 et
854 3337 996 3448 naugii
1021 3337 1120 3418 inter
1134 3333 1332 3417 Africanos
1354 3340 1392 3414 et
1418 3325 1674 3427 Christianos,
1695 3318 1743 3400 de
1761 3310 2032 3426 jurisdictione

512 3551 515 3560 .
604 3503 720 3586 super
738 3473 947 3558 Saracenos
960 3469 1110 3552 insulae
1129 3465 1324 3570 Corsicae,
1339 3463 1388 3545 de
1403 3453 1678 3544 restauratione
1697 3457 1833 3532 mutua
1851 3442 2033 3528 omnium

603 3611 856 3712 damnorum,
871 3630 971 3716 quae
986 3603 1143 3713 quidem
1156 3626 1232 3710 pax
1245 3598 1430 3680 indecem
1444 3589 1554 3674 anuis
1568 3613 1592 3670 a
1607 3581 1852 3670 conclusione
1864 3572 2034 3659 foederis
2082 3555 2086 3562 ’

606 3742 779 3852 ejusdem
794 3741 935 3822 durare
952 3735 1078 3820 debet.

687 3982 784 4055 (lidlt.
799 3996 849 4058 ep.
866 3979 1028 4052 Lammina,
1045 3973 1117 4037 Ccd.
1132 3975 1197 4056 jur.
1216 3977 1304 4054 pent.
1315 3963 1479 4048 diplomat„
1493 3971 1518 4026 t.
1537 3965 1569 4038 1,
1583 3979 1616 4040 p.
1633 3968 1689 4032 ης
1705 3961 1737 4016 et
1748 3970 1799 4032 up.
1821 3951 1940 4020 Lumo,
1958 3943 2034 4006 Ccd.

732 4083 803 4148 ltul.
818 4083 982 4166 diplomat,
993 4089 1067 4145 tcm.
1077 4081 1119 4154 ΙΙ,
1132 4097 1161 4156 p.
1174 4087 1246 4150 eta,
1260 4091 1330 4137 cum
1344 4073 1401 4136 hcc
1414 4073 1501 4132 titulo
1512 4090 1521 4131 ε
1531 4065 1667 4148 Diplonta
1680 4054 1940 4140 etcopitulutioca
1948 4052 2039 4132 pacis

731 4191 811 4252 tntu
831 4187 988 4252 Abdum
1009 4195 1037 4248 et
1062 4181 1216 4246 Vidnldum
1243 4177 1369 4261 &pulum
1389 4175 1572 4255 imperatoria
1592 4167 1740 4232 Fridm'ct'
1761 4166 1854 4225 istm
1874 4162 1909 4221 itt
1928 4154 2040 4220 sicilia

731 4313 811 4356 cano
821 4294 925 4376 asopo
939 4303 996 4355 ola
1007 4337 1016 4366 ,
1029 4294 1190 4370 interprete
1205 4285 1306 4348 Murco
1321 4281 1420 4346 Olelio
1430 4283 1575 4344 cuam.
1584 4275 1736 4338 -lidldlt
1748 4283 1869 4352 quoque
1881 4267 2038 4336 Dmorrr,

735 4397 830 4479 cnsp·
845 4397 1008 4478 ἀρῶμαι,
1022 4404 1048 4460 t.
1063 4397 1096 4476 1,
1115 4395 1197 4473 rue.)

670 4611 707 4678 ln
738 4609 877 4681 nomine
905 4611 965 4680 Dei
988 4607 1220 4680 misericordis
1245 4599 1466 4676 miseratoris.
1500 4595 1689 4690 lnuipimus
1720 4611 1800 4664 cum
1826 4582 1937 4658 laude
1973 4580 2042 4652 Dei

622 4729 765 4800 maximi
780 4740 815 4800 et
831 4730 1049 4803 invocatione
1068 4729 1162 4802 illius
1175 4726 1377 4823 perlaudate
1392 4722 1542 4819 petimus
1558 4716 1833 4814 pmsperitatem.
1852 4711 1948 4782 laus
1965 4707 2046 4778 Deo
