4710 6076
577 627 639 690 aas
1100 627 1271 690 scurror
1297 626 1464 690 scrutur
1802 627 1882 708 [aar.
1900 628 1990 692 rear.

580 773 697 837 cutum
707 782 771 858 pro
784 771 937 860 tempore
955 763 1012 836 vel
1028 763 1107 836 vioe
1124 763 1348 848 advocatum,
1361 783 1545 858 quousque
1560 771 1675 836 nosne
1691 761 1856 838 insederit
1868 766 1993 838 voluu-

578 887 653 962 tati.
683 888 840 962 Preoerea
867 895 1075 960 memoratus
1101 887 1210 962 ubbas
1237 885 1410 982 quosdam
1434 887 1590 960 homines
1616 885 1683 960 sub
1710 887 1813 962 certis
1839 888 1992 960 terminis

579 1011 782 1084 constitutos
797 1009 843 1084 de
857 1019 974 1084 nostro
993 1031 1163 1086 consensu
1176 1011 1333 1108 excepit,
1351 1009 1515 1085 videlicet
1528 1009 1565 1082 in
1579 1011 1669 1084 valle
1682 1005 1844 1086 Cl'ostobil
1854 1013 1991 1086 ecstor-

578 1135 750 1226 cheubub‚
775 1133 1022 1208 lllbrecbiuber
1046 1145 1082 1208 et
1108 1135 1356 1210 liotinrisinum
1375 1143 1411 1208 et
1431 1133 1524 1208 circa
1542 1135 1657 1208 locum
1678 1144 1714 1208 et
1733 1135 1856 1210 callam
1876 1136 1990 1208 Sancti

578 1260 669 1334 Petri
690 1261 781 1334 inira
799 1259 884 1333 tales
899 1259 1063 1332 terminos
1079 1259 1270 1334 residentes
1286 1259 1452 1350 Suiudin,
1479 1256 1583 1332 Dutin
1601 1257 1668 1354 (t),
1688 1258 1934 1334 Starchinbacb
1955 1270 1990 1331 et

579 1383 838 1480 Engiloiuberc3
858 1383 907 1458 ita
922 1384 1019 1478 quod
1036 1383 1194 1458 homiues
1208 1383 1298 1457 inira
1316 1393 1512 1480 prenotatos
1526 1381 1689 1456 terminos
1705 1382 1752 1456 ab
1769 1383 1865 1456 omui
1880 1403 1991 1456 exac-

579 1510 673 1584 tione
686 1517 722 1584 et
739 1507 906 1582 servitute
919 1517 1090 1602 quantum
1103 1507 1151 1582 ad
1164 1529 1228 1582 uos
1246 1507 1345 1582 liberi
1362 1507 1432 1581 sint
1444 1519 1480 1581 et
1492 1507 1685 1599 immunes,
1703 1515 1738 1580 et
1749 1507 1798 1581 ad
1811 1515 1989 1604 prenotata

577 1636 654 1708 loca
669 1643 739 1707 tarn
761 1653 824 1706 noe
845 1653 951 1730 quam
969 1631 1047 1704 vioe
1062 1631 1252 1706 advocatus
1269 1641 1385 1706 noster
1398 1653 1577 1727 nunquam
1599 1631 1806 1706 accedemus
1826 1631 1893 1704 nisi
1912 1651 1990 1727 pre·

578 1757 694 1831 dictus
708 1755 817 1830 abbas
828 1756 885 1829 vel
900 1755 977 1847 ejus
993 1775 1171 1829 successor
1187 1755 1353 1830 duxerint
1365 1777 1429 1830 nos
1443 1754 1676 1848 invitandum,
1689 1763 1729 1828 ut
1741 1754 1912 1852 quicquid
1924 1755 1988 1827 ibi·

579 1873 783 1958 demiserit
803 1880 1051 1977 proclamatum
1065 1901 1129 1976 pro
1148 1879 1264 1954 causis
1276 1889 1312 1954 et
1325 1880 1587 1954 necessitutibus
1601 1879 1685 1953 dicti
1703 1879 1902 1952 monosterii
1924 1879 1988 1951 rite

580 2025 786 2104 peragamus
799 2013 834 2078 et
851 2002 1021 2100 quiequid
1036 2025 1099 2100 per
1112 2003 1293 2080 emendam
1307 2005 1364 2078 vel
1380 2003 1625 2078 correctionem
1638 2025 1661 2078 a
1676 2003 1776 2078 dictis
1792 2001 1988 2076 hominibus

580 2129 828 2228 perjudicium
849 2127 969 2200 haberi
989 2127 1116 2224 poterit
1135 2127 1251 2202 media
1269 2149 1350 2226 pars
1370 2127 1472 2202 cedat
1490 2127 1608 2222 nobis,
1626 2127 1758 2222 reliqua
1772 2148 1856 2202 vero
1872 2126 1987 2200 abbati

580 2255 760 2352 prelibato.
790 2255 935 2348 Insuper
960 2251 1007 2325 ad
1030 2253 1226 2326 instantiam
1252 2253 1419 2350 sepedicti
1446 2251 1581 2326 abbatis
1604 2251 1747 2326 firmiter
1768 2250 1987 2349 promisimus

579 2379 677 2476 quod
691 2400 713 2451 a
726 2377 880 2472 quolibet
897 2397 1020 2450 muusn
1041 2375 1199 2468 ejusdem
1217 2376 1398 2450 advocatie
1415 2386 1484 2450 tarn
1501 2398 1564 2452 nos
1585 2399 1690 2472 quum
1706 2377 1784 2450 uiue
1800 2377 1987 2451 advocatus

580 2513 696 2578 noster
713 2502 799 2574 nibil
821 2501 970 2598 amplius
987 2522 1093 2596 quom
1113 2523 1310 2574 mensnram
1325 2525 1432 2576 uuam
1452 2523 1564 2576 avene
1576 2522 1646 2596 que
1660 2500 1697 2572 iu
1710 2501 1847 2596 vulgari
1864 2500 1987 2574 dicitnr

578 2629 713 2703 Scbeiel
736 2635 771 2700 et
788 2635 936 2722 quatuor
953 2625 1083 2700 solidos
1102 2627 1279 2700 aunuatim
1301 2626 1497 2722 exigamus.
1522 2624 1697 2721 Quicquid
1716 2646 1799 2698 vero
1813 2646 1876 2721 per
1892 2623 1986 2716 judi·

501 2809 505 2816 ·
579 2756 672 2830 cium
692 2774 756 2852 per
772 2761 877 2827 baur
897 2751 1114 2826 advocatiam
1133 2759 1297 2824 exactum
1313 2751 1369 2826 vel
1389 2749 1622 2846 conquisitum
1640 2749 1760 2840 luerit,
1776 2749 1866 2822 inter
1880 2769 1941 2822 nos
1953 2759 1987 2820 et

578 2881 738 2956 abbatem
764 2876 931 2972 equaliter
956 2875 1145 2950 dividatur.
1177 2874 1394 2971 indulgendo
1421 2877 1539 2971 itaque
1567 2875 1845 2971 recognoscimus
1874 2873 1985 2947 eidem

578 3002 695 3079 abbati
714 3001 771 3075 vel
791 3000 867 3091 ejus
884 2999 1073 3072 successori
1092 2999 1188 3093 quod
1208 3001 1449 3074 ministeriales
1468 3000 1575 3072 nostri
1598 2999 1644 3074 de
1663 2999 1765 3072 bonis
1781 2997 1855 3070 suis
1869 2997 1986 3072 divine

578 3124 814 3202 retributionis
837 3122 965 3196 iutuitu
985 3121 1151 3196 duxerint
1171 3123 1418 3198 conterendum
1437 3123 1582 3212 eisdem,
1599 3122 1697 3218 quod
1712 3131 1825 3195 ratum
1845 3121 1987 3194 habebi·

579 3275 658 3326 mus
674 3259 709 3326 et
729 3249 880 3322 firmum.
902 3247 1064 3321 Veientes
1087 3248 1205 3342 itaqua
1229 3250 1382 3344 sepefato
1404 3249 1521 3322 abbati
1538 3257 1701 3342 tanquam
1723 3246 1933 3320 benemerito
1952 3255 1986 3316 et

578 3381 654 3473 ejus
675 3374 932 3452 successoribus
952 3373 1135 3468 specialem
1157 3373 1302 3466 gratiam
1325 3373 1512 3466 exhibere,
1532 3372 1626 3470 ipsos
1647 3372 1683 3444 iu
1708 3371 1851 3445 dilectos
1873 3371 1986 3467 capel·

577 3505 676 3576 lenos
690 3509 824 3574 nostros
839 3497 1044 3593 recepimus,
1060 3507 1095 3572 et
1108 3498 1145 3569 iu
1162 3497 1259 3570 curia
1273 3507 1390 3571 nostra
1404 3496 1451 3570 ad
1464 3495 1723 3592 prosequendas
1735 3495 1888 3591 ipsorum
1900 3515 1986 3589 que·

576 3624 741 3698 rimunias
758 3625 814 3696 vel
836 3621 905 3694 alia
930 3620 975 3695 de
1000 3641 1105 3694 causa
1131 3620 1197 3715 ipsi
1221 3643 1301 3694 curu
1321 3628 1399 3693 octo
1418 3619 1621 3712 equitaturis
1643 3619 1689 3692 ab
1714 3617 1870 3692 officiatis
1891 3618 1987 3692 curie

576 3757 693 3822 nostre
719 3747 756 3818 iu
786 3743 951 3841 expensis
974 3743 1176 3818 necessariis
1203 3752 1238 3816 et
1260 3741 1414 3816 honestis
1442 3743 1595 3838 plenarie
1619 3749 1857 3838 procurentur.
1885 3741 1987 3814 litut

576 3872 693 3947 omnia
707 3870 875 3968 premissa
892 3891 914 3942 a
932 3868 1032 3942 nobis
1048 3877 1083 3942 at
1098 3867 1356 3942 successoribus
1375 3868 1502 3942 uostris
1516 3866 1657 3940 firmiter
1669 3865 1896 3940 observentur
1908 3887 1987 3962 pre·

577 4003 709 4068 sentem
723 3994 886 4090 paginam
903 3993 1016 4085 sigillo
1031 3999 1147 4066 nostre
1162 3990 1377 4064 celsitudinis
1395 3991 1563 4066 duximus
1576 3990 1818 4064 roborandam.

624 4119 741 4191 Testes
765 4115 828 4211 qui
848 4116 1074 4189 interfuerunt
1100 4113 1152 4186 bii
1171 4122 1253 4186 sunt
1277 4115 1458 4190 Heinricus
1478 4113 1683 4188 venerabilis
1702 4115 1983 4206 Wormetiensis,

577 4241 759 4316 Hannone
772 4240 980 4314 venerabilis
996 4237 1195 4313 llistctcnsis
1214 4239 1381 4337 episcopi,
1397 4241 1578 4314 Heinricns
1594 4238 1823 4335 Augusteusis
1840 4241 1982 4330 electus,

577 4365 788 4440 Ludewicus
802 4365 944 4438 illustris
957 4365 1033 4440 dux
1049 4363 1225 4455 muana,
1241 4364 1410 4440 ¹Gerlacns
1427 4364 1474 4440 de
1488 4365 1672 4460 Bntingeu,
1690 4367 1811 4438 iratres
1824 4363 1870 4438 de
1881 4363 1982 4455 Nida,

612 4781 647 4856 (tl
664 4781 771 4842 Scilicet
781 4781 1017 4860 Schweudilbocb]
1030 4789 1059 4842 et
1070 4781 1268 4856 Ttitleu[bacb]‚
1281 4783 1332 4842 riui
1346 4785 1393 4859 qui
1403 4785 1431 4843 in
1442 4785 1591 4845 Naccsnrm
1601 4784 1786 4845 devolvuntur.
