4658 6132
665 637 725 698 178
1164 633 1378 696 tntbstttct
1402 629 1578 693 secono!
1881 631 1954 711 [des.
1971 632 2045 696 123⁰.

664 773 749 846 dum
762 779 880 844 eterne
891 769 1127 843 retributionis
1141 769 1280 860 merita,
1295 767 1358 842 sed
1371 767 1487 842 laudis
1502 765 1665 864 preconia
1683 765 1920 862 consequimur
1931 775 2050 863 tempo-

662 895 757 970 ralis.
779 895 864 968 lnde
877 903 930 967 est
942 894 1049 990 igitur
1061 893 1157 990 quod
1172 903 1293 966 uotum
1308 913 1384 966 esse
1401 893 1563 964 volumus
1577 890 1749 963 universis
1763 889 1895 986 imperii
1908 890 2051 964 fidelibus

660 1031 732 1094 tam
748 1017 965 1114 presentibus
977 1037 1083 1112 qnam
1101 1016 1228 1088 iutnris
1241 1014 1339 1110 quod
1353 1037 1433 1087 cnm
1451 1013 1676 1088 Gebebam
1688 1015 1798 1088 abbas
1813 1015 1968 1090 Berensis
1982 1035 2051 1086 nro·

662 1141 938 1232 nasterii,fidelis
946 1149 1074 1232 noster,
1086 1139 1133 1214 ad
1143 1149 1257 1212 nostre
1264 1139 1451 1232 maiestatis
1459 1137 1882 1232 presentiamacoessisset,
1893 1136 2052 1232 quoddam

660 1266 881 1362 privilegium
902 1263 1017 1338 eidem
1046 1263 1253 1336 monasterio
1272 1283 1337 1336 suo
1361 1261 1486 1336 adivo
1507 1269 1657 1355 augusto
1677 1261 1881 1358 imperatore
1899 1259 2053 1334 Friderioo

661 1390 841 1464 karissimo
855 1409 922 1462 avo
935 1397 1052 1461 nostm
1066 1388 1183 1460 inclite
1196 1385 1442 1460 recordationis
1455 1385 1630 1458 indultum
1646 1393 1761 1458 nostre
1775 1383 1965 1458 celsitudini
1979 1403 2053 1477 pre-

661 1513 828 1604 sentavit,
845 1521 881 1585 et
905 1511 1080 1585 humiliter
1096 1511 1308 1608 supplicavit
1325 1519 1365 1582 ut
1380 1509 1603 1606 privilegium
1627 1509 1740 1606 ipsum
1764 1509 1931 1582 innovare
1946 1517 1978 1578 et
1995 1525 2055 1599 que

660 1637 922 1710 continebantur
932 1636 968 1707 in
978 1657 1020 1708 eo
1029 1635 1095 1732 ipsi
1110 1635 1241 1726 abbati,
1250 1634 1507 1708 successoribus
1519 1633 1592 1706 suis
1604 1643 1640 1706 et
1653 1633 1861 1706 monasterio
1874 1627 2056 1726 supradicto

660 1760 862 1836 confirmare
877 1759 923 1833 de
936 1769 1052 1832 nostra
1073 1759 1183 1854 gram
1200 1757 1440 1852 dignaremnr3
1466 1759 1567 1850 cujus
1589 1757 1763 1853 privilegii
1777 1765 1877 1830 tenor
1897 1764 1949 1828 est
1962 1752 2053 1825 talis:

709 1885 746 1956 ln
761 1885 901 1958 nomine
912 1891 1029 1956 sancte
1043 1891 1077 1956 et
1090 1880 1275 1956 individue
1288 1881 1475 1954 Trinitatis.
1490 1879 1684 1954 Fridericus
1698 1883 1836 1954 favente
1847 1879 1910 1952 Dei
1923 1878 2058 1950 clemen·

659 2009 708 2082 tia
721 2010 952 2080 Romanorum
976 2007 1173 2104 imperator,
1187 2027 1323 2102 semper
1345 2015 1532 2100 augustus,
1553 2006 1714 2080 Burensis
1738 2005 1876 2078 cenobii
1894 2000 2055 2076 iratribus.

659 2129 849 2226 Imperialis
871 2131 1031 2221 majestas
1050 2131 1096 2202 ab
1114 2130 1277 2203 omnibus
1293 2130 1491 2202 hominibus
1513 2151 1555 2202 ea
1569 2151 1639 2223 que
1655 2139 1737 2201 sunt
1760 2129 1902 2202 honoris
1919 2137 1953 2200 et
1968 2143 2060 2198 reve-

659 2253 770 2326 rentie
783 2253 849 2326 sibi
859 2253 973 2346 querit
983 2252 1156 2348 impendi;
1169 2253 1364 2349 spirituales
1378 2274 1461 2326 vero
1472 2253 1540 2326 viri
1553 2263 1588 2326 et
1600 2275 1720 2326 eorum
1734 2254 1827 2326 bona
1841 2273 1886 2326 eo
1900 2250 1992 2346 qnod
2005 2247 2060 2320 soli

660 2379 731 2448 Deo
746 2377 923 2450 inhereant
947 2385 983 2448 et
995 2376 1207 2449 orationibus
1223 2399 1287 2472 pro
1303 2378 1401 2471 regni
1419 2387 1511 2450 statu
1527 2377 1709 2470 invigilent
1726 2375 1857 2450 debent
1874 2374 1968 2469 regia
1986 2391 2061 2445 auc·

660 2500 794 2572 toritate
813 2499 859 2571 ab
874 2499 968 2572 omni
984 2498 1157 2572 invasoria
1169 2500 1427 2596 presumptione
1442 2501 1531 2573 tueri
1548 2509 1652 2595 aque
1670 2499 1825 2574 delendi.
1846 2498 1948 2574 Unde
1960 2495 2063 2570 abba-

658 2625 741 2696 tiam
762 2623 798 2695 in
814 2622 944 2697 bonore
964 2621 1074 2697 sancti
1088 2623 1267 2696 Benedicti
1291 2633 1521 2698 constructam
1542 2625 1681 2696 nomine
1696 2624 1803 2696 Burin
1819 2623 1857 2694 in
1873 2623 2065 2718 episcopatu

657 2747 868 2841 Augustensi
901 2747 948 2820 ad
985 2744 1121 2820 radices
1157 2748 1326 2820 montium
1361 2747 1462 2822 sitam
1486 2747 1686 2822 omnimoda
1719 2748 1881 2821 libertate
1916 2763 2066 2819 commu-

657 2873 785 2964 nimus,
810 2882 845 2944 et
863 2871 956 2944 dicta
973 2871 1255 2966 predecessorum
1279 2880 1474 2946 nostrornm
1494 2873 1595 2946 beate
1612 2871 1776 2946 memorie
1796 2871 1941 2944 senoni
1957 2877 1991 2942 et
2008 2868 2066 2938 Lo·

657 2995 759 3070 tharii
786 2995 1030 3092 imperatorum
1054 3005 1089 3070 et
1113 2997 1261 3070 Conradi
1287 2998 1380 3092 regis
1405 3019 1467 3092 per
1483 3006 1677 3092 presentem
1693 2996 1920 3092 paginulam,
1945 2999 2067 3068 remota

657 3118 814 3192 omnium
831 3117 1075 3212 refragatione,
1097 3119 1381 3210 conoberamus;
1399 3120 1462 3193 sed
1481 3120 1565 3214 quia
1581 3120 1697 3194 omnia
1717 3119 1828 3215 prime
1857 3112 2068 3192 fundationis

655 3239 777 3336 predia
799 3239 847 3312 ad
864 3239 962 3334 regni
980 3251 1206 3334 angmentum
1226 3243 1417 3338 antiquitus
1435 3245 1599 3318 distracta
1616 3265 1693 3318 esse
1712 3253 1927 3333 noscuntur,
1946 3237 2068 3313 statui-

654 3385 734 3436 mus
755 3372 795 3435 ut
813 3385 883 3458 que
901 3363 1015 3437 eidem
1038 3365 1114 3438 loco
1138 3366 1335 3438 elemosinis
1358 3367 1494 3463 piorum
1520 3369 1642 3440 collata
1666 3376 1748 3440 sunt
1767 3368 1825 3438 vel
1849 3383 2071 3462 quecumque

649 3487 753 3580 justis
775 3487 1063 3582 acquisitionibus
1078 3488 1211 3584 acquiri
1226 3499 1391 3586 possunt,
1408 3491 1722 3586 qualibuscumque
1735 3490 1860 3564 usibus
1874 3493 2067 3588 profutura,

652 3610 767 3685 eidem
783 3611 988 3684 inconvulsa
1007 3621 1230 3706 permaneant
1249 3621 1287 3684 ut
1304 3613 1391 3686 inibi
1409 3615 1481 3688 Deo
1499 3625 1535 3688 et
1551 3615 1653 3688 beato
1672 3613 1862 3688 Benedicto
1882 3614 2071 3688 servientes

654 3735 811 3808 debitum
828 3735 1005 3809 servitutis
1021 3757 1167 3831 pensum
1181 3737 1248 3810 sub
1259 3738 1441 3812 serenitate
1455 3738 1550 3834 pacis
1564 3747 1678 3812 nostre
1692 3759 1761 3811 non
1775 3739 1988 3836 pigritantes
1998 3757 2073 3833 per-

652 3859 801 3933 solvant.
820 3859 945 3934 Omnia
959 3881 1044 3932 vero
1057 3881 1278 3956 quecumque
1298 3861 1410 3958 gignit
1422 3861 1551 3934 humus
1566 3863 1642 3936 sive
1657 3863 1723 3934 sub
1741 3863 1832 3936 fossa
1850 3863 1977 3953 humi,
2000 3859 2073 3932 sive

652 3985 721 4057 sint
742 4005 832 4057 vene
851 3983 934 4057 salis
951 3983 1008 4055 vel
1026 3983 1106 4056 ferri
1120 3985 1178 4056 vel
1192 3984 1324 4078 argenti
1346 3985 1403 4057 vel
1421 3987 1672 4079 cujuscumque
1689 3985 1837 4076 metalli,
1857 3986 1981 4058 eidem
2002 3984 2075 4054 loco

654 4107 860 4202 stabilimus,
874 4117 909 4180 et
920 4107 1086 4204 quoniam
1094 4106 1211 4180 omnia
1223 4108 1353 4202 regalia
1364 4107 1447 4181 inde
1455 4108 1593 4205 penitus
1606 4109 1722 4182 ablata
1730 4117 1825 4202 sunt,
1838 4131 1964 4204 neque
1977 4105 2078 4181 nobis

654 4252 769 4326 neque
792 4231 897 4304 alicui
924 4253 1163 4306 snecessomm
1189 4241 1384 4306 nostrorum
1408 4255 1531 4328 regum
1559 4233 1721 4308 videlicet
1743 4234 1800 4308 vel
1819 4234 2075 4330 imperatorum

655 4352 797 4448 aliquod
812 4355 993 4428 servitium
1009 4377 1056 4430 ex
1070 4355 1193 4431 eodem
1207 4357 1283 4430 loco
1301 4356 1465 4452 deinceps
1482 4355 1596 4430 offerri
1613 4357 1802 4430 sancimus.
1822 4357 1977 4430 Noverit
1994 4373 2078 4446 ergo

654 4477 859 4550 universalis
871 4479 1024 4554 Ecclesia
1037 4481 1133 4575 qnod
1148 4483 1221 4576 jam
1238 4479 1431 4577 predictum
1447 4481 1560 4553 locum
1576 4481 1676 4553 sicin
1694 4490 1842 4554 nostram
1860 4491 1901 4553 et
1915 4477 2079 4554 omnium

654 4624 891 4676 successorum
912 4613 1105 4678 nostrorum
1124 4614 1194 4678 tam
1219 4628 1341 4702 regum
1364 4627 1470 4700 quam
1489 4606 1733 4701 imperatorum
1754 4607 2015 4702 protectionem
2038 4622 2080 4676 ae

654 4729 795 4800 tutelam
819 4727 1028 4824 suscipimus
1052 4739 1090 4802 nt
1113 4729 1244 4802 nullius
1264 4751 1419 4826 unquam
1442 4729 1575 4804 ordinis
1601 4751 1746 4826 persone
1768 4729 1870 4804 liceat
1897 4731 2080 4828 prefatum
