4602 6084
553 612 592 672 72
1052 614 1266 678 turbanter
1291 617 1467 680 suctum
1772 617 1851 704 [rhun
1870 620 1955 682 1228.

550 758 657 837 stare,
679 746 740 819 sed
758 746 845 818 inter
863 747 927 818 hec
943 747 1060 820 omnia
1080 759 1196 824 contra
1220 773 1283 824 nos
1308 751 1358 823 sic
1381 751 1562 844 immerite,
1587 751 1638 824 sic
1661 752 1788 846 injuste
1807 755 1955 848 prolata,

551 871 721 966 patiencia
737 880 771 942 et
785 871 1051 944 mansuetudine
1067 873 1122 944 usi
1141 896 1283 966 sumus,
1305 896 1368 948 nee
1382 875 1428 948 ad
1443 874 1597 970 iniquam
1612 897 1773 948 exercere
1784 875 1958 949 voluimus

551 997 767 1069 iracundiam
799 995 906 1067 animi
936 997 1043 1068 nostri
1061 1009 1192 1070 motum
1217 1009 1257 1070 ut
1283 1021 1351 1072 non
1379 999 1643 1073 deterioraretur
1662 999 1698 1070 in
1724 1001 1842 1094 aliquo
1856 1021 1960 1072 eausa

553 1129 667 1192 nostra
682 1141 788 1213 qnam
797 1119 937 1214 justicia
949 1121 1044 1194 levet
1059 1131 1094 1194 et
1109 1123 1274 1218 patientia
1286 1125 1401 1216 fulsit,
1423 1146 1484 1220 per
1500 1147 1588 1219 quas
1602 1131 1636 1196 et
1652 1124 1703 1196 ira
1714 1123 1919 1220 deprimitur
1926 1133 1961 1196 et

547 1245 710 1336 jactantia
726 1245 963 1316 conculcatur:
982 1245 1077 1338 qnod
1091 1269 1160 1320 nen
1176 1249 1221 1322 eb
1238 1247 1335 1322 aliud
1356 1248 1500 1321 fecimus
1517 1247 1583 1320 nisi
1599 1249 1645 1320 eb
1663 1248 1890 1321 reverentiam
1901 1247 1960 1319 Al·

550 1369 673 1440 tissimi
703 1377 737 1440 et
760 1391 804 1440 ne
833 1369 1057 1463 impediretur
1087 1371 1266 1444 servitium
1303 1383 1391 1444 terre
1410 1373 1485 1446 Dei.
1519 1371 1575 1445 Ad
1601 1372 1796 1445 evidentem
1820 1371 1961 1466 insuper

552 1493 828 1566 mansuetudinis
845 1503 959 1565 nostre
972 1495 1219 1584 constantiam,
1238 1495 1317 1566 licet
1334 1494 1453 1566 offensi
1471 1495 1586 1590 potius
1604 1516 1710 1588 quam
1725 1494 1841 1588 aliqua
1859 1493 1961 1587 culpa

551 1617 732 1706 notabiles,
751 1627 830 1711 pest
844 1616 959 1690 varias
969 1617 1239 1712 supplicationes
1252 1629 1287 1691 et
1298 1641 1418 1714 preces
1432 1641 1520 1714 quas
1533 1619 1578 1692 ad
1592 1618 1851 1692 excusationem
1867 1618 1962 1689 inno

553 1741 663 1813 oentie
673 1750 801 1828 nostre,
813 1741 893 1813 lieet
905 1742 950 1815 de
963 1745 1058 1816 nullo
1067 1752 1177 1834 reatu,
1186 1745 1232 1817 ad
1244 1765 1364 1840 paoem
1379 1743 1429 1840 (a)
1438 1752 1499 1816 aut
1507 1743 1653 1838 gratiam
1665 1741 1888 1816 obtinendam
1901 1763 1962 1836 per

553 1867 746 1962 solempnes
755 1875 788 1938 et
804 1868 999 1962 frequentes
1014 1868 1152 1940 nuntios
1166 1877 1311 1962 nostros,
1330 1870 1433 1942 etiam
1450 1870 1540 1942 ultra
1553 1889 1660 1964 quam
1674 1867 1884 1963 imperialem
1900 1887 1962 1938 ex·

555 1990 747 2062 pellentium
762 1999 912 2063 nostram
932 1992 1071 2083 deceat,
1085 1991 1181 2087 apud
1194 1992 1379 2066 antistitem
1393 1991 1543 2065 Ecclesie
1557 1993 1708 2064 Romane
1723 1990 1961 2086 perreximus,

556 2135 667 2208 nuper
679 2113 782 2185 etiam
802 2135 863 2208 per
877 2115 1109 2187 venerabilem
1125 2115 1458 2210 Magdeburgensem
1479 2115 1779 2211 archiepiscopum
1802 2113 1964 2186 dilectum

555 2237 747 2334 principem
766 2247 920 2310 nestrum
934 2247 968 2310 et
985 2239 1074 2312 duos
1090 2238 1135 2312 de
1151 2240 1331 2331 judicibus
1351 2241 1446 2312 curie
1464 2249 1579 2312 nostre
1599 2240 1745 2313 nuncios
1771 2247 1904 2310 nostres
1920 2235 1965 2309 ad

557 2363 624 2436 hoc
644 2362 837 2458 specialiter
852 2362 1064 2453 destinatos,
1094 2363 1162 2459 ipsi
1186 2385 1328 2437 romano
1344 2364 1486 2436 antistiti
1507 2364 1649 2436 formam
1673 2371 1788 2436 nostre
1805 2361 1966 2434 sntislao-

560 2487 663 2560 tionis
676 2485 866 2558 obtulimus
882 2495 921 2558 ut
937 2487 1038 2560 nobis
1049 2489 1121 2580 jam
1141 2488 1285 2560 transire
1308 2487 1435 2582 paratis
1457 2508 1520 2582 pro
1548 2486 1689 2560 servitio
1718 2485 1824 2558 Jhesu
1843 2481 1966 2556 Christi

559 2611 812 2685 benedictionis
823 2635 953 2684 munus
969 2622 1004 2684 et
1017 2612 1162 2706 gratiam
1179 2633 1248 2684 non
1263 2620 1422 2706 negaret,
1438 2611 1536 2705 quod
1550 2611 1747 2684 nullatenus
1760 2606 1964 2703 acceptavit,

559 2745 690 2809 etcum
707 2735 853 2830 predicti
872 2736 1152 2830 archiepiscopus
1169 2750 1204 2806 et
1215 2735 1327 2807 nuntii
1344 2734 1450 2806 nostri
1466 2735 1512 2806 ab
1527 2755 1569 2806 eo
1584 2733 1796 2826 requirerent
1811 2740 1851 2802 ut
1869 2730 1968 2802 satis

560 2860 718 2932 lectionis
733 2860 878 2931 termam
895 2859 1045 2954 quesibi
1063 2861 1212 2954 placeret
1226 2859 1446 2954 exprimeret,
1466 2858 1503 2931 id
1521 2859 1634 2930 iacere
1649 2855 1836 2929 recusavit.
1854 2855 1970 2926 Pretar

560 2982 627 3054 hoc
642 2991 758 3054 autem
775 2991 814 3053 ut
833 2983 913 3077 plus
925 2985 1019 3074 justo
1038 3004 1158 3078 aspere
1181 3005 1244 3056 nes
1263 2991 1421 3055 tractaret
1441 2991 1476 3053 et
1495 2980 1798 3054 mansuetudinem
1819 2987 1968 3050 nostram

561 3113 708 3176 verteret
722 3105 758 3176 in
775 3107 941 3196 furorem,
963 3106 1119 3178 homines
1134 3107 1286 3179 Ecclesie
1303 3127 1392 3200 ques
1408 3106 1487 3178 licet
1504 3103 1750 3177 beneficiorum
1773 3103 1903 3175 oblitus
1924 3123 1971 3172 ex

562 3228 782 3300 concessione
799 3238 915 3300 nostra
930 3237 1035 3320 tenet,
1051 3229 1156 3321 jussit
1171 3251 1267 3304 arma
1282 3249 1419 3302 sumere
1430 3236 1465 3300 et
1478 3228 1656 3320 insurgere
1672 3226 1824 3320 graviter
1835 3226 1880 3297 ad
1900 3225 1971 3298 dis·

562 3351 779 3444 pergendum
795 3373 941 3444 regnum
964 3360 1120 3424 nostrum
1136 3374 1199 3447 pre
1214 3352 1358 3424 tuitione
1375 3361 1570 3423 nostrorum
1586 3350 1765 3422 rebellium
1786 3358 1822 3421 et
1838 3349 1967 3420 favere.

562 3475 638 3544 Non
653 3483 833 3547 contentus
848 3474 946 3568 quod
962 3475 1119 3548 hemines
1141 3475 1274 3552 Reatini
1291 3475 1402 3570 primo
1417 3474 1609 3546 exercitum
1631 3483 1786 3544 nostrum
1809 3493 1915 3566 quem
1935 3471 1971 3541 in

562 3596 823 3670 obsidionem...
843 3597 1026 3693 pmditoris
1042 3599 1149 3670 nostri
1162 3597 1214 3694 (l)
1225 3597 1429 3690 direximus,
1447 3597 1613 3670 invadere
1627 3607 1709 3668 sunt
1724 3597 1850 3686 eonati,
1863 3617 1973 3689 quan·

562 3742 668 3816 quam
684 3731 718 3794 et
730 3721 840 3817 prima
849 3731 884 3794 et
899 3721 1021 3794 ultima
1033 3722 1188 3816 ipsorum
1201 3723 1293 3796 acies
1310 3743 1389 3796 cesa
1404 3722 1449 3794 sit
1459 3721 1633 3814 etlngata,
1643 3741 1794 3813 querum
1805 3722 1974 3812 majorum

563 3867 689 3937 magna
701 3867 781 3940 pars
792 3844 842 3915 ibi
857 3843 973 3938 gladio
986 3845 1094 3917 ultore
1111 3845 1294 3918 succubuit
1309 3845 1370 3918 ubi
1386 3844 1520 3918 lacinus
1533 3852 1585 3916 est
1593 3865 1767 3937 aggressa.
1781 3843 1896 3914 Preter
1911 3839 1975 3914 hec

564 3967 667 4039 etiam
686 3967 779 4041 idem
799 3971 963 4040 romanus
978 3969 1134 4064 pontifex
1153 3969 1198 4041 de
1215 3969 1362 4064 pecunia
1382 3967 1533 4040 Ecclesia
1550 3989 1657 4060 quam
1676 3987 1819 4061 erogare
1842 3975 1976 4039 tenetur

566 4091 601 4160 in
618 4089 741 4162 Christi
759 4091 939 4163 servitium
960 4091 1171 4182 transituris,
1200 4089 1403 4164 soldatarios
1422 4089 1546 4163 retinet
1571 4098 1689 4162 contra
1718 4109 1782 4160 nos
1812 4097 1851 4158 ut
1877 4086 1977 4159 nobis

567 4211 679 4282 modis
694 4212 994 4306 omnibusquibus
1006 4213 1121 4286 valeat
1131 4211 1345 4286 adversetur.
1358 4213 1570 4306 Quanquam
1584 4219 1701 4284 autem
1712 4210 1805 4284 idem
1816 4231 1977 4280 romanus

612 4383 653 4463 (e)
668 4386 709 4445 Et
723 4384 757 4444 de
770 4383 850 4446 nullo
863 4394 947 4448 reatu
960 4394 988 4448 ct
996 4404 1108 4466 pacem
1118 4389 1161 4448 ite
1174 4389 1365 4448 eorrexlmut.

613 4719 648 4790 ll)
661 4720 723 4776 Vid.
737 4735 817 4793 supra
829 4739 856 4794 p.
868 4725 912 4793 lb,
923 4731 978 4806 not.
991 4729 1017 4795 3,
1028 4732 1056 4782 et
1066 4724 1133 4782 inira
1142 4743 1169 4800 p.
1181 4730 1225 4797 80,
1237 4733 1291 4782 not.
1303 4731 1330 4782 t.
