4702 6110
553 819 710 894 desmnle
725 819 770 894 de
787 820 1019 898 Grundisbsrc
1033 833 1068 900 et
1084 827 1142 900 clii
1161 831 1398 926 quamplures.

602 944 676 1037 Ego
691 943 841 1082 'sifridus
858 945 1116 1044 Ratisponensis
1128 951 1328 1050 episcopus,
1344 954 1531 1050 imperialis
1549 955 1629 1030 sule
1641 958 1881 1052 cancellarius,
1899 981 1962 1036 re-

552 1087 713 1162 cognovi.

409 1713 472 1760 ru
610 1681 793 1766 Henrious
806 1683 1066 1766 Romonomm
1088 1707 1155 1764 rex
1181 1682 1231 1766 ad
1253 1683 1538 1794 requisitionem
1554 1693 1762 1770 conuentus
1779 1685 1967 1772 detdard-

389 1823 489 1878 ΜΝ·
554 1816 680 1901 bronn
702 1843 770 1926 per
792 1816 1018 1900 sententiam
1045 1841 1176 1900 coram
1198 1841 1240 1900 se
1266 1815 1385 1900 lotem
1404 1816 1572 1900 declarat
1587 1826 1631 1900 nt
1656 1818 1689 1900 si
1711 1845 1790 1928 qun
1809 1817 1968 1902 ecclesis

558 1950 752 2034 hominem
768 1948 945 2032 habuerit
966 1975 1033 2058 qur
1022 1948 1102 2031 sd
1118 1949 1308 2032 ciuitatem
1326 1949 1495 2060 aliquem
1519 1975 1561 2034 se
1580 1950 1816 2036 transtulerit
1831 1961 1869 2035 et
1885 1951 1970 2034 sine

560 2083 722 2168 haerede
739 2083 958 2188 decesserit,
982 2083 1261 2192 proprietates
1251 2083 1371 2193 rpsius
1392 2084 1476 2195 ipso
1495 2083 1652 2168 ecclesio
1669 2083 1839 2168 obtinent
1854 2084 1968 2194 pleno

553 2241 653 2324 Jure.

639 2455 769 2536 (thdm
785 2457 915 2532 Bmonn,
929 2456 1046 2518 omns
1063 2454 1151 2520 rede.
1169 2464 1322 2522 mter.
1344 2457 1514 2534 ΨΜ,
1527 2460 1555 2539 1,
1570 2465 1638 2522 ⁴⁹5.
1651 2489 1691 2506 -
1703 2449 1820 2534 Pure,
1834 2456 1965 2520 mmm.

677 2565 753 2626 Hict
768 2565 874 2640 dem,
888 2565 942 2639 1v,
958 2561 1038 2644 ²8⁴.)

608 2780 789 2854 Heinricos
808 2779 871 2854 Dei
896 2779 1007 2873 gratia
1033 2779 1264 2855 Romanorum
1288 2797 1352 2852 rex
1375 2786 1411 2850 et
1424 2799 1561 2874 semper
1585 2788 1778 2874 augustus,
1797 2779 1970 2852 universis

562 2903 697 3000 imperii
717 2901 880 2977 fidelibus
904 2903 1033 2998 quibus
1056 2922 1198 2998 presens
1214 2902 1325 2976 littera
1344 2901 1447 2974 fuerit
1468 2901 1624 2976 exhibite
1645 2903 1792 2997 gretiam
1813 2923 1913 2976 suam
1935 2911 1971 2976 et

560 3025 824 3100 omnebonum.
844 3023 901 3099 Ad
922 3025 1181 3120 requisitionem
1203 3024 1321 3099 dilecti
1343 3025 1451 3100 nostri
1473 3033 1664 3100 conventus
1690 3025 1727 3098 in
1745 3002 1969 3100 Mutinbrunu

561 3150 638 3222 telis
657 3169 773 3224 coram
791 3149 892 3222 nobis
915 3150 984 3222 latu
1007 3158 1060 3224 est
1083 3149 1253 3225 sententio
1269 3157 1303 3224 et
1324 3149 1370 3224 nb
1387 3149 1548 3222 omnibus
1570 3150 1763 3224 astantibus
1782 3150 1971 3246 approbata

561 3283 601 3345 ut
618 3273 647 3346 si
666 3295 736 3368 qun
755 3273 978 3348 ecclesiarum
992 3273 1170 3370 proprium
1188 3273 1363 3348 hominem
1379 3273 1540 3346 habuerit
1560 3274 1623 3368 qui
1640 3273 1688 3347 ad
1707 3273 1880 3348 civitatem
1898 3272 1971 3346 ali-

563 3417 668 3492 quem
696 3419 734 3472 se
759 3397 969 3472 transtulerit
993 3407 1028 3472 et
1053 3397 1128 3470 siue
1150 3397 1278 3474 herede
1307 3397 1512 3488 decesserit,
1536 3397 1731 3492 dignosco
1753 3399 1833 3492 jure
1856 3397 1969 3470 eidem

562 3523 705 3595 ecclesie
723 3543 793 3599 non
806 3523 972 3616 obligato,
987 3543 1107 3600 omnes
1120 3522 1344 3618 proprietates
1358 3521 1469 3618 ipsius
1484 3522 1560 3618 ipsa
1577 3521 1722 3596 ecclesia
1743 3522 1844 3616 cujus
1864 3521 1972 3594 tuisse

565 3647 755 3722 dinoscitur
773 3647 943 3722 hereditet
958 3648 1062 3746 pleno
1076 3649 1167 3740 jure.
1190 3643 1247 3719 Ad
1269 3646 1369 3738 cujus
1389 3645 1469 3720 facti
1487 3645 1698 3742 perhennem
1716 3644 1915 3720 memoriam
1937 3654 1973 3716 ct

563 3769 670 3840 robur
688 3779 856 3866 perpetuo
881 3771 1082 3862 valiturum,
1100 3777 1295 3864 presentem
1318 3768 1466 3842 litteram
1485 3769 1655 3843 conscribi
1672 3767 1816 3842 fecimus
1836 3776 1870 3840 et
1892 3787 1972 3862 pre-

562 3892 667 3966 misse
684 3894 827 3968 ecclesie
845 3895 882 3966 in
895 3893 1129 3968 testimonium
1143 3892 1324 3986 assignari.

612 4018 738 4091 Datum
750 4018 847 4118 apud
859 4017 1054 4108 Eberhnch,
1064 4037 1156 4092 anno
1167 4015 1413 4092 incarnationis
1424 4017 1561 4092 Domini
1575 4017 1624 4092 Μ.
1642 4017 1704 4092 CC.
1719 4013 1972 4114 xxmprlrka·

562 4142 684 4216 lendes
695 4142 787 4237 julii,
808 4143 995 4219 indictione
1010 4143 1067 4216 lv.
