4602 6084
325 553 425 618 inre.
443 554 505 633 lo]
772 553 970 616 HISTORIA
994 553 1291 620 lilPLOMATle
1723 561 1743 621 5

325 713 368 768 ea
390 691 474 766 inde
498 711 719 800 nequaquam
742 693 779 766 iu
800 701 977 790 posterum
997 693 1158 768 deleturi.
1176 695 1310 768 Statuta
1335 692 1473 783 omnia,
1492 695 1691 769 communia
1710 705 1745 770 et

325 817 569 916 particularia,
595 818 686 892 lacta
711 827 831 894 contra
855 818 1018 892 ecclesias
1042 827 1077 892 et
1100 817 1365 892 ecclesiasticam
1390 817 1581 892 libertatem
1606 820 1744 916 penitus

325 951 489 1018 revocent
506 935 545 1016 ‘et
557 942 604 1018 de
617 943 691 1016 suis
707 942 1009 1018 constitutionibus
1024 942 1161 1018 deleant
1176 953 1211 1018 et
1229 965 1272 1018 ea
1287 945 1343 1018 vel
1360 944 1412 1018 cis
1429 944 1556 1018 similia
1571 943 1617 1018 de
1632 955 1744 1020 cetero

325 1088 396 1140 non
409 1075 598 1140 resumant.
612 1065 668 1140 Ad
678 1066 744 1142 bec
756 1075 884 1140 statuta
893 1067 1132 1140 Laterunensis
1141 1067 1276 1142 concilii
1287 1077 1322 1141 et
1330 1069 1592 1143 constitutiones
1607 1090 1628 1142 a
1643 1069 1744 1144 vobis

311 1192 364 1268 ¹et
385 1191 528 1267 domino
548 1191 754 1288 imperatore
775 1191 967 1288 superbiis
987 1191 1100 1265 editas
1120 1192 1305 1266 observent
1324 1203 1359 1266 et
1375 1195 1493 1286 jurent
1517 1193 1553 1267 in
1570 1205 1745 1290 posterum

327 1317 515 1391 observare
536 1338 689 1412 suosque
707 1316 826 1409 jurare
849 1315 977 1390 iaciant
998 1338 1226 1391 successores.
1249 1317 1446 1414 Supradicti
1468 1339 1553 1392 vero
1577 1319 1746 1414 quadrin-

326 1443 422 1539 genti
443 1441 569 1514 milites
584 1451 766 1514 tencantur
784 1441 835 1514 ire
854 1441 891 1512 in
910 1442 1070 1538 passagio
1087 1441 1219 1516 domini
1241 1442 1474 1540 imperatoris,
1492 1445 1589 1540 quod
1606 1446 1652 1518 ab
1669 1446 1746 1542 ipso

327 1567 534 1664 imperatore
560 1575 727 1639 statutum
750 1575 802 1638 est
826 1575 861 1639 et
882 1587 904 1640 a
925 1567 1077 1640 liomane
1106 1567 1252 1640 ecclesia
1276 1567 1517 1664 approbatum.
1546 1569 1615 1642 Nos
1640 1569 1746 1664 igitur

327 1691 529 1786 omniaque
545 1711 650 1786 super
666 1689 733 1764 hiis
749 1712 771 1762 a
787 1697 903 1764 vestra
921 1688 1101 1763 sanctitate
1116 1699 1152 1763 et
1168 1691 1290 1763 vestris
1311 1691 1474 1764 iratribus
1490 1693 1649 1767 ordinata
1666 1705 1748 1768 sunt

326 1825 362 1890 et
385 1824 514 1889 statuta
536 1816 692 1888 volentes
711 1813 916 1887 inconcussa
939 1833 1094 1905 servare,
1113 1811 1343 1908 promittimus
1364 1837 1428 1887 nos
1448 1837 1491 1888 ea
1518 1817 1635 1891 omnia
1656 1819 1747 1892 sicut

327 1941 489 2038 superius
499 1941 635 2038 plenius
648 1950 730 2013 sunt
739 1959 904 2036 expressa
912 1937 1089 2012 humiliter
1100 1947 1135 2010 et
1149 1937 1296 2012 fideliter
1310 1939 1523 2036 impleturos.
1539 1940 1595 2015 Ad
1609 1943 1745 2038 plenam

326 2077 444 2142 autem
460 2067 512 2140 rei
528 2065 772 2141 certitudinem
791 2071 969 2160 presentes
992 2063 1122 2136 litteras
1136 2063 1239 2156 juxta
1261 2073 1417 2138 vestrum
1438 2066 1693 2162 beneplacitum
1711 2077 1747 2142 et

326 2191 528 2267 mandatum
550 2213 613 2288 per
634 2211 777 2265 manum
802 2187 977 2286 publicam
997 2188 1102 2262 scribi
1119 2189 1263 2262 lecimus
1281 2199 1316 2262 et
1333 2189 1524 2285 sigillorum
1548 2201 1744 2266 nostrorum

328 2315 555 2413 impressione
570 2315 713 2388 muniri.

373 2439 459 2516 Acta
466 2440 617 2515 sunthec
624 2438 1006 2513 annoabincarnatione
1013 2438 1150 2511 Domini
1159 2437 1742 2535 nostriiesoCbristiltl.CG.XXVIl,

326 2565 516 2641 indictione
537 2565 613 2658 XV,
633 2565 692 2640 dle
708 2563 846 2638 veneris
864 2585 901 2636 vr
924 2573 1076 2638 exeunte
1098 2585 1217 2636 mense
1234 2563 1373 2656 martio,
1391 2563 1508 2637 brixia
1529 2563 1565 2636 iu
1591 2565 1745 2660 quadam

327 2693 497 2766 caminata
515 2690 668 2788 episcopi
686 2689 894 2776 brixiensis,
914 2709 1031 2762 coram
1053 2687 1194 2762 domino
1216 2687 1407 2760 Laniranco
1424 2689 1742 2786 archipresbytero,

326 2817 469 2891 domino
486 2815 602 2890 Azone
619 2814 882 2904 archidiacono,
903 2813 1068 2908 magistro
1085 2811 1226 2886 Alberto
1246 2813 1412 2886 canonico
1430 2813 1621 2906 Brixiensi,
1642 2816 1745 2888 fratre

325 2943 472 3034 Iacobo,
495 2942 597 3014 lratre
618 2939 785 3034 lingerio,
806 2939 909 3012 fratre
925 2937 1069 3011 Nazario
1092 2937 1137 3010 de
1161 2937 1284 3010 ordine
1301 2939 1443 3012 iratrnm
1464 2938 1740 3034 predicatorum,

325 3067 493 3162 Gasparro
507 3066 715 3155 lleuelocie,
732 3065 856 3138 Promo
869 3062 914 3138 de
932 3063 1124 3155 lnooardis,
1137 3061 1331 3158 Aldrigotto
1345 3063 1555 3155 Marcellino,
1567 3065 1744 3139 Lantelmo

325 3191 371 3267 de
385 3192 650 3282 Puteobonello,
670 3199 705 3264 et
726 3190 846 3263 multis
866 3189 944 3262 aliis
963 3189 1108 3262 testibus
1130 3189 1259 3283 rogatis
1278 3187 1326 3261 ad
1348 3189 1612 3284 postulationem
1632 3189 1744 3262 fratris

324 3317 432 3392 Gnale
450 3318 496 3391 de
515 3316 637 3390 ordine
658 3315 913 3412 predicatorum
936 3315 1112 3408 fungentis
1134 3313 1170 3386 in
1188 3313 1256 3386 hac
1273 3321 1371 3410 parte
1387 3313 1465 3386 vice
1481 3311 1614 3386 domini
1636 3314 1741 3410 Papo.

372 3441 448 3540 ligo
465 3440 640 3516 Gerendus
653 3441 766 3537 Spatia
786 3439 941 3513 notarius
954 3437 1173 3510 Placentinus
1190 3435 1273 3510 huic
1290 3436 1430 3511 interlui
1450 3444 1485 3510 et
1498 3443 1620 3532 rogatu
1640 3445 1745 3533 atqtm

324 3566 489 3643 mandato
507 3567 649 3640 istorum
665 3575 836 3640 rectorum
853 3563 919 3638 hec
931 3559 1078 3660 scripsi(
1101 3562 1129 3660 l.

375 3693 433 3788 [ln
446 3691 569 3766 eadem
585 3692 696 3766 torma
708 3689 862 3764 mandati
878 3689 1090 3786 scripserunt
1103 3685 1210 3761 iidem
1228 3695 1377 3760 rectores
1388 3685 1561 3760 Friderlco
1575 3686 1746 3760 Romano·

361 4021 399 4097 lt)
416 4019 559 4094 Reponitur
572 4019 601 4078 in
616 4018 774 4077 collectione
785 4013 1038 4090 [comedumt
1050 4012 1102 4072 sub
1117 4021 1150 4069 ιιο
1164 4013 1216 4070 ⁴25
1228 4009 1299 4068 aliud
1313 4008 1435 4084 ejusdem
1448 4007 1549 4065 turmae
1559 4007 1706 4081 exemplar,
1717 4007 1745 4065 iu

323 4135 378 4196 quo
391 4119 501 4178 nomina
514 4123 650 4176 rectorum
663 4116 761 4174 desunt
771 4120 800 4173 at
812 4113 840 4172 in
856 4111 909 4173 line
921 4111 1031 4186 legitur:
1041 4132 1055 4167 a
1066 4111 1135 4169 ricta
1148 4115 1213 4167 sunt
1224 4109 1276 4166 hec
1290 4123 1360 4164 anno
1372 4122 1388 4164 a
1400 4105 1540 4163 nativitate
1552 4105 1668 4176 Domini,
1677 4111 1744 4178 etc,

325 4235 340 4270 ι
355 4215 400 4276 die
412 4217 476 4274 lrme
489 4229 582 4274 menae
593 4219 711 4274 exeunte
729 4213 825 4272 martio
842 4212 891 4285 (29
903 4211 1018 4282 martii),
1037 4209 1066 4268 in
1079 4209 1188 4268 eutero
1198 4205 1303 4276 Brixia,
1323 4205 1352 4262 in
1365 4202 1481 4278 quadam
1498 4203 1632 4261 caminata
1643 4202 1744 4262 domiui

326 4335 341 4368 ι
354 4314 474 4390 ep‘scopi
486 4313 644 4384 brixiensis,
652 4310 828 4388 presentibus
841 4308 951 4366 domino
962 4307 1055 4380 Agoue
1066 4306 1102 4365 de
1116 4303 1252 4362 Turbiado
1264 4301 1462 4372 archidiacono,
1474 4300 1584 4360 domino
1597 4299 1746 4384 Laniranoo

326 4411 589 4486 smobipresbyteru
607 4409 710 4483 maj0re
725 4408 854 4468 canonice
872 4405 974 4476 Brixis,
989 4404 1119 4478 magisne
1133 4401 1245 4460 liberto
1266 4401 1301 4459 de
1321 4397 1442 4458 Bnruado
1460 4399 1589 4457 canonico
1602 4399 1743 4470 brixiensi,

325 4529 340 4564 ι
355 4507 437 4568 lratm
449 4507 564 4580 iacebo,
577 4507 660 4565 fratre
672 4505 786 4580 lingerio
799 4501 834 4564 de
847 4503 942 4563 ordine
954 4501 1068 4560 iratrm
1082 4499 1295 4576 predicatorum,
1308 4497 1432 4556 Gnidoue
1448 4496 1554 4554 noterio
1571 4495 1605 4554 de
1627 4495 1745 4554 Folliauo

324 4627 340 4662 ι
355 4613 384 4666 et
396 4606 511 4666 Gbardo
523 4605 614 4680 epatu
626 4601 732 4664 nonno
742 4605 777 4663 de
791 4601 925 4660 Placentia
939 4606 969 4658 at
981 4599 1041 4658 aliis
1058 4597 1152 4656 multis
1163 4596 1276 4654 testbus
1286 4593 1501 4669 rogatis-ligo
1510 4593 1646 4652 iohannes
1658 4591 1745 4652 Sara-

326 4724 342 4762 ι
357 4706 441 4766 lamio
450 4703 520 4764 sacri
531 4703 624 4780 palatii
635 4701 758 4762 notadus
769 4700 824 4758 biis
836 4695 945 4758 interlui
957 4703 986 4756 ct
996 4702 1104 4773 rogatos
1118 4696 1171 4754 boc
1182 4693 1340 4771 perpetuari
1352 4698 1382 4752 et
1394 4691 1519 4768 scripsi.»
