4602 6084
301 647 398 708 lunser.
417 644 478 730 la]
748 640 944 703 HISTORIA
969 633 1262 701 ulruonnrlch.
1673 635 1710 696 15

303 803 497 877 pauperum
513 777 637 852 Christi
659 777 703 852 de
726 785 838 850 cetero
867 777 1059 872 profutura.
1087 772 1123 845 Si
1144 769 1225 865 quis
1244 776 1359 841 autem
1379 766 1415 838 in
1436 775 1609 862 posterum
1628 767 1710 840 huic

303 915 418 979 nostre
436 902 686 977 confirmationi
706 910 741 973 et
756 901 990 976 constitutioni
1008 909 1135 973 temere
1150 893 1319 968 contraire
1335 891 1600 988 presumpserit,
1618 893 1712 966 indi-

302 1028 500 1122 gnationem
527 1023 716 1121 imperialis
742 1024 903 1098 culminis
933 1023 1087 1119 grauiter
1119 1041 1157 1094 se
1186 1015 1321 1092 noverit
1345 1016 1566 1090 incursurum
1592 1025 1626 1089 et
1648 1038 1711 1112 pro
1770 1029 1773 1036 ’

303 1161 396 1224 aute
425 1151 624 1224 temeritatis
649 1171 795 1222 excessu
813 1159 951 1222 centum
977 1149 1084 1220 libras
1104 1145 1180 1218 auri
1209 1142 1289 1238 puri
1314 1163 1377 1237 pro
1401 1163 1490 1237 pena
1510 1151 1709 1236 componat,

304 1273 522 1347 medietatem
543 1295 676 1347 camere
697 1282 829 1362 nostre,
854 1272 1024 1368 reliquam
1043 1269 1264 1344 medietatem
1280 1266 1390 1362 passis
1403 1265 1564 1359 injuriam
1583 1267 1711 1361 persol-

304 1397 467 1472 vendam.
490 1397 546 1471 Ad
565 1396 671 1490 hujus
695 1397 813 1491 itaque
830 1395 1099 1470 confirmationis
1118 1403 1152 1466 et
1174 1389 1426 1465 constitutionis
1449 1399 1562 1462 nostre
1583 1411 1712 1464 memo-

305 1521 392 1594 riam
416 1531 451 1594 et
470 1521 575 1593 robur
589 1531 754 1616 perpetuo
772 1521 960 1595 valiturum
979 1541 1122 1616 presens
1139 1515 1360 1612 privilegium
1379 1535 1440 1609 per
1454 1535 1579 1586 manus
1594 1515 1710 1588 Jaoohi

308 1643 352 1718 de
376 1645 553 1736 Cathania,
579 1645 702 1718 notarii
728 1654 762 1718 et
779 1643 892 1718 lidelis
916 1644 1042 1734 nostri,
1073 1639 1177 1714 scribi
1197 1639 1364 1734 jussimus
1390 1637 1503 1732 sigillo
1526 1637 1712 1730 majestatis

306 1779 422 1842 nostre
435 1769 619 1852 munitum.

352 1894 463 1986 Hujus
480 1894 528 1966 rei
542 1903 645 1966 testes
659 1903 741 1966 sunt
751 1895 787 1966 hi
797 1893 1011 1982 Eckibertus,
1025 1886 1522 1982 Babinhergensisepiscopus3
1537 1883 1708 1978 sinodus,

303 2017 560 2112 llatisponensis
581 2017 784 2113 episcopus;
810 2017 993 2106 lodoicus,
1015 2013 1255 2108 Landgravius
1269 2010 1476 2104 Thuringie3
1496 2009 1708 2105 Raynaldus,

306 2137 381 2213 dux
400 2141 540 2236 Spoleti,
561 2140 683 2214 Tuscic
700 2141 835 2236 legatus
847 2137 898 2236 (l)
911 2167 920 2228 ;
935 2140 1149 2211 Hermannus
1163 2143 1197 2208 et
1213 2134 1393 2227 lodoicus,
1410 2134 1551 2207 comites
1573 2134 1616 2207 de
1631 2134 1711 2206 Fro-

306 2263 411 2356 hurc,
430 2263 589 2338 Sillridus
607 2266 652 2338 de
669 2265 825 2338 llunclrel
839 2273 875 2336 et
891 2263 950 2336 alii
965 2285 1071 2358 quam
1089 2263 1219 2358 plures.

353 2388 496 2482 Signum
514 2389 644 2462 domini
663 2389 769 2462 nostri
785 2387 950 2462 Friderici
969 2387 1128 2480 secundi,
1146 2387 1209 2460 Dei
1227 2385 1336 2481 gratia
1353 2383 1572 2456 illustrissimi
1590 2383 1712 2456 Roma·

306 2529 428 2582 norum
446 2511 676 2606 imperatoris,
698 2531 832 2606 semper
850 2509 1008 2605 augusti,
1023 2510 1212 2600 Jerusalem
1227 2517 1262 2580 et
1276 2505 1390 2578 Sicilie
1405 2506 1508 2600 regis.

355 2635 440 2708 Acta
458 2643 538 2708 sunt
557 2635 622 2708 hec
641 2655 733 2707 auno
757 2633 930 2707 dominice
949 2632 1195 2706 incarnationis
1209 2629 1390 2704 millesimo
1411 2629 1647 2704 ducentesimo
1661 2630 1713 2704 vi·

308 2758 436 2833 oesimo
470 2758 633 2854 septimo,
667 2779 786 2832 mense
814 2756 971 2852 augusti,
992 2757 1113 2852 quinte
1138 2754 1272 2829 decime
1299 2753 1518 2845 indictionis,
1549 2763 1715 2849 regnante

307 2882 447 2956 domino
475 2889 591 2954 nostro
617 2880 791 2954 Friderioo
818 2879 985 2970 secundo,
1010 2879 1073 2952 Dei
1098 2878 1207 2974 gratia
1238 2877 1463 2952 invictissimo
1484 2879 1714 2950 Romanorum

307 3007 527 3103 imperatore,
547 3027 682 3101 semper
696 3014 861 3099 augusto,
882 3005 1068 3077 Jerusalem
1086 3011 1120 3076 et
1138 3003 1254 3076 Sicilie
1269 3023 1366 3098 rege,
1384 3003 1520 3098 imperii
1534 3005 1610 3098 ejus
1623 3023 1715 3075 anno

342 3497 375 3572 (tt
394 3499 523 3572 llaynaldi
537 3499 611 3558 dces
630 3499 658 3556 in
677 3499 776 3558 Tuscis
789 3499 962 3558 Bartholdum
980 3497 1089 3557 fratrem
1103 3500 1163 3572 ejus
1175 3505 1240 3558 tunc
1253 3515 1345 3574 agere,
1362 3515 1445 3572 quum
1463 3515 1534 3558 auno
1549 3499 1713 3574 praecedenti

307 3593 357 3666 (cl.
371 3594 479 3652 docum.
490 3599 525 3652 20
537 3597 599 3654 maii
610 3596 694 3670 tile)
709 3596 743 3654 ad
758 3597 927 3671 recipiendas
941 3596 1047 3672 imperii
1059 3597 1178 3655 rationes
1192 3597 1286 3656 luisset
1297 3597 1332 3655 ah
1345 3598 1505 3672 imperatore
1519 3597 1710 3666 somnusue,

306 3690 435 3749 omrem
443 3707 477 3750 οι
486 3693 664 3751 rhemnona
674 3694 774 3752 inuia
782 3701 889 3770 rapere
899 3695 927 3752 in
935 3681 1043 3754 achivo
1053 3711 1152 3754 mmm.
1166 3697 1259 3755 sonu.
1272 3695 1373 3770 caupo
1385 3696 1492 3752 reesa
1500 3695 1545 3752 ror.
1557 3697 1603 3752 ur
1618 3709 1710 3753 verso:

307 3787 380 3862 quod
393 3789 431 3846 itu
444 3797 542 3863 sonat:
557 3791 613 3847 «ln
625 3791 721 3849 Christi
731 3792 839 3849 nomine
853 3807 944 3865 amen,
957 3808 1028 3849 anno
1036 3792 1158 3865 ejusdcm
1171 3792 1314 3850 millesimo
1323 3792 1480 3862 ccxxvll,
1495 3792 1641 3849 indictione
1651 3791 1711 3860 XV,

309 3885 449 3944 »intrante
459 3887 546 3958 junio,
558 3893 679 3961 temporo
692 3888 793 3946 domiui
804 3887 942 3960 Friderici,
953 3887 1132 3947 Romanorum
1143 3889 1325 3963 imperatoris,
1339 3905 1446 3964 semper
1457 3887 1571 3960 augusti.
1583 3887 1639 3944 Nos
1650 3887 1713 3943 Ber·

309 3999 323 4032 n
335 3981 440 4054 toldus,
450 3983 585 4056 quondam
598 3984 676 4042 ducis
683 3985 786 4060 Spoleti
799 3983 878 4056 lilius,
894 3985 996 4042 domini
1006 3985 1112 4043 llaiueri
1128 3983 1275 4059 (Raynaldrl
1288 3984 1364 4042 ducis
1375 3983 1464 4042 fratris
1477 3983 1562 4040 nostri
1574 3983 1602 4040 in
1614 3981 1713 4040 Tuscia

308 4079 461 4151 »omnm
474 4097 489 4137 a
500 4081 641 4154 maiestate
653 4082 784 4156 imperiali
798 4083 985 4154 hansmissus,
999 4081 1112 4140 lauimus
1121 4089 1149 4138 et
1159 4082 1347 4140 constituimus
1358 4087 1384 4139 te
1396 4081 1532 4139 lintheum
1541 4080 1576 4138 de
1587 4080 1709 4151 Biriano,

308 4193 323 4225 n
334 4175 460 4232 dilectum
471 4177 570 4234 sotium
584 4185 613 4236 et
625 4179 800 4236 camerarium
818 4185 954 4250 nostrum,
970 4185 1169 4252 procuratorem
1186 4185 1306 4237 nostrum
1322 4179 1356 4236 ad
1369 4176 1538 4252 recipiendae
1550 4193 1654 4236 marcas
1668 4195 1713 4235 ar-

308 4291 322 4323 »
334 4273 407 4344 genti
416 4289 484 4346 quas
493 4275 643 4332 comanitas
654 4275 783 4334 Senamm
793 4275 906 4350 irnperio
917 4275 1056 4333 annuatim
1067 4275 1170 4333 soluere
1183 4281 1289 4332 tenetur
1299 4275 1369 4332 etad
1380 4273 1529 4332 laciendum
1540 4279 1642 4333 mutam
1653 4273 1713 4330 finis

308 4375 362 4426 »et
374 4370 541 4430 refutationis
551 4379 643 4431 nostro
653 4374 764 4431 nomine
775 4380 804 4431 et
817 4373 852 4431 ad
865 4389 897 4430 ea
909 4373 999 4430 omnia
1011 4373 1132 4430 lacienda
1145 4389 1198 4448 quo
1210 4389 1260 4430 nos
1273 4373 1322 4448 ipsi
1336 4373 1364 4430 in
1376 4374 1428 4432 hoc
1439 4373 1510 4430 lacto
1522 4372 1608 4430 lacere
1621 4387 1713 4446 posse

308 4483 404 4524 rmus.
423 4468 612 4529 Promittentas
625 4471 732 4528 hunum
749 4477 777 4528 et
795 4476 884 4528 ratum
900 4469 1000 4528 habere
1014 4470 1145 4545 qrnidquid
1163 4477 1192 4528 tu
1206 4471 1303 4530 exinde
1316 4472 1424 4530 duxeris
1438 4471 1599 4530 laciendum.
1614 4471 1712 4528 Actum

309 4563 405 4638 »apud
421 4565 600 4640 Forcapetma
614 4568 681 4642 (ric),
696 4583 787 4626 coram
799 4568 907 4625 domino
920 4568 1027 4624 Matheo
1041 4568 1075 4625 de
1089 4569 1213 4640 Biviano,
1227 4569 1335 4626 domiuo
1347 4569 1455 4627 cataldo
1467 4568 1656 4643 Sugnanense‚
1667 4567 1714 4625 do-

308 4681 322 4710 »
335 4661 409 4719 mino
420 4663 476 4736 Bay
489 4663 604 4738 Gentili,
619 4666 728 4723 domiuo
745 4665 877 4724 l’nlmerio
894 4665 1038 4738 Mainardi,
1055 4673 1084 4724 ct
1100 4665 1158 4724 aliis
1173 4667 1295 4742 pluribus
1309 4667 1342 4726 ad
1358 4667 1409 4725 hoc
1427 4667 1527 4725 uocatis
1545 4665 1713 4723 testibus.-

308 4777 322 4808 »
335 4757 390 4832 Ego
401 4760 548 4834 lohannes,
562 4763 708 4838 imperialis
720 4765 780 4824 aule
793 4767 928 4837 neurius,
939 4765 992 4824 hiis
1006 4765 1113 4823 interlui
1126 4773 1155 4823 ct
1168 4772 1278 4841 rogatus
1292 4766 1388 4840 scripsi
1402 4771 1430 4822 et
1442 4765 1599 4840 subscripsi.
1613 4785 1626 4814 r
