4602 6084
569 631 591 690 2
1073 637 1288 702 ruthenici
1313 641 1487 706 sltctlrtnt
1801 645 1881 730 [llus.
1899 645 1985 710 122⁷.

571 768 680 844 morie
696 769 848 845 Honorio
861 793 952 868 pape
968 770 1211 867 predecessore
1223 785 1340 852 nostro
1354 801 1403 854 xv
1420 777 1586 854 kalendas
1600 779 1719 876 aprilis
1731 777 1785 878 (4)
1801 783 1914 855 soluto
1931 782 1989 858 de·

570 893 644 968 bito
660 895 774 967 carnis
792 894 838 968 de
853 897 1004 992 presenti
1017 898 1137 972 seculo
1153 912 1452 1000 nequamerepto,
1469 912 1503 978 st
1520 903 1559 976 in
1572 905 1725 980 *crastino
1739 906 1844 1000 juxta
1858 927 1987 980 morem

568 1019 645 1113 ejus
668 1018 849 1092 celebratis
871 1021 1049 1116 exsequiis
1073 1031 1109 1096 et
1129 1022 1241 1120 ipsius
1265 1045 1408 1122 corpore
1428 1027 1474 1100 nd
1497 1029 1670 1100 tumulum
1696 1029 1894 1126 deportate,
1918 1050 1987 1102 una

569 1165 650 1216 cum
665 1145 829 1217 tratribus
842 1145 969 1218 nostris
981 1144 1028 1220 ad
1038 1146 1240 1241 eligendum
1254 1149 1481 1226 convenimus
1494 1173 1739 1243 successorem,
1759 1162 1794 1228 et
1810 1153 1929 1244 missa,
1948 1162 1988 1226 ut

567 1268 674 1340 meris
688 1277 757 1361 est,
779 1268 816 1341 in
838 1269 968 1343 honore
985 1270 1102 1343 Sancti
1119 1271 1267 1368 Spiritus
1283 1271 1410 1348 devote
1428 1295 1471 1348 ao
1490 1277 1688 1350 solemniter
1704 1277 1894 1366 celebrata,
1910 1287 1988 1374 post

565 1392 820 1488 aliquantulum
838 1402 1020 1467 tractatum
1037 1394 1084 1470 de
1097 1396 1343 1472 substitutione
1352 1398 1526 1494 pontilicis
1538 1423 1660 1474 omnes
1674 1401 1800 1498 pariter
1814 1400 1862 1476 od
1877 1401 1987 1476 imbe-

564 1515 739 1590 cillitatem
764 1525 918 1590 nostram
943 1519 1046 1614 quasi
1072 1519 1242 1594 divinitus
1265 1519 1422 1618 inspirati
1444 1524 1564 1600 oculos
1585 1523 1788 1600 direxerunt
1809 1535 1862 1619 et,
1886 1525 1987 1600 nobis

563 1640 794 1714 renitentibus
812 1649 847 1714 et
862 1642 999 1734 invitis,
1014 1665 1094 1716 cum
1111 1646 1219 1718 multa
1235 1647 1399 1721 instantia
1415 1657 1450 1721 et
1463 1649 1567 1722 etiam
1587 1650 1751 1724 violentia
1771 1652 1886 1726 oonati
1904 1661 1987 1724 sunt

561 1763 717 1838 humeris
730 1765 857 1839 nostris
875 1767 1053 1862 imponere
1071 1789 1161 1842 onus
1175 1769 1269 1844 istud
1283 1773 1384 1865 cujus
1402 1772 1607 1867 mavitaoem
1624 1775 1897 1871 pertimescendo
1915 1796 1985 1847 non

561 1888 739 1960 modicum
760 1912 829 1963 non
844 1911 947 1986 posse
965 1899 1114 1987 portare,
1134 1893 1216 1964 lieet
1231 1895 1406 1991 suscipere
1419 1898 1608 1992 plurimum
1624 1900 1791 1974 fuerimus
1805 1900 1983 1988 reluctati,

561 2021 756 2086 metuentes
772 2022 888 2087 tamen
903 2037 949 2088 ne
966 2015 1169 2089 videremur
1184 2017 1400 2116 inspirationi
1418 2021 1538 2096 divine
1554 2024 1728 2118 resistere,
1746 2024 1886 2099 tandem
1899 2023 1987 2096 sub·

559 2137 720 2210 misimus
736 2138 901 2212 humeros
915 2138 961 2213 ad
978 2139 1203 2236 portandum,
1222 2153 1398 2238 sperantes
1418 2146 1454 2216 iu
1472 2168 1514 2220 eo
1531 2147 1593 2243 qui
1611 2150 1735 2242 jugum
1753 2171 1855 2220 suum
1874 2170 1986 2223 suave

561 2261 799 2337 misericordia
819 2285 885 2337 sua
904 2265 986 2337 lecit
999 2273 1035 2338 et
1052 2286 1142 2338 onus
1166 2267 1244 2340 leve
1264 2269 1417 2364 preduce
1434 2272 1594 2364 caritate,
1611 2273 1707 2366 quod
1725 2273 1799 2368 ipse
1814 2273 1876 2366 qui
1901 2279 1985 2344 rota

560 2387 705 2460 lratrum
720 2387 909 2483 aspirando
923 2389 1082 2485 prevenit
1098 2389 1300 2482 adiuvando
1319 2393 1423 2467 etiam
1441 2405 1680 2490 prosequetur.
1696 2395 1873 2470 Fiduciam
1888 2395 1985 2468 enim

560 2511 664 2584 talem
684 2511 856 2586 habemns
872 2535 935 2610 per
952 2513 1126 2586 Christum
1144 2515 1192 2588 ad
1211 2517 1323 2588 Deum
1341 2538 1411 2589 non
1426 2518 1523 2612 quod
1538 2519 1748 2592 sufficientes
1760 2519 1869 2591 simus
1887 2519 1986 2608 cogi·

559 2644 634 2710 tare
655 2637 790 2731 aliquid
812 2659 834 2711 u
854 2637 955 2711 nohis
973 2638 1075 2733 quasi
1098 2661 1146 2712 ex
1166 2639 1287 2729 nobis,
1308 2640 1372 2714 sed
1393 2650 1510 2714 nostra
1530 2641 1737 2714 sufficientia
1754 2649 1806 2716 est
1826 2662 1874 2714 ex
1888 2643 1983 2733 Deo,

557 2760 620 2854 qui
635 2780 699 2832 nos
715 2780 798 2832 suos
813 2761 925 2834 voluit
938 2783 1016 2836 esse
1032 2762 1219 2836 ministros.
1238 2763 1477 2839 Sollicitudine
1493 2765 1600 2859 igitur
1613 2765 1842 2839 ecclesiastice
1856 2766 1986 2862 provi-

558 2883 666 2956 sionis
680 2893 860 2980 susoepta,
877 2883 922 2958 de
940 2885 1072 2959 honore
1087 2895 1149 2960 tuo
1169 2907 1212 2960 ao
1229 2889 1340 2960 salute
1360 2888 1496 2960 solliciti
1517 2889 1579 2983 qni
1596 2898 1651 2981 te,
1671 2887 1755 2962 dum
1773 2909 1930 2962 essemus
1945 2887 1986 2986 ip

558 3008 684 3080 minori
693 3009 807 3082 officio
819 3009 1205 3102 constituti‚habuimus
1212 3011 1248 3083 in
1255 3012 1450 3086 visceribus
1456 3011 1632 3086 charitatis
1642 3034 1684 3086 nc
1693 3009 1987 3108 tnisprolectibus

558 3132 805 3229 aspiravimus,
817 3134 1023 3209 sublimitati
1036 3144 1095 3210 tue
1106 3135 1276 3232 primitias
1289 3137 1479 3210 litterarum
1493 3147 1687 3210 nostrarum
1701 3135 1868 3210 duximus
1875 3135 1988 3212 'desti-

558 3255 716 3348 nandas,
737 3258 978 3332 celsitudinem
993 3267 1091 3331 tuam
1107 3269 1269 3354 rogantes
1284 3261 1447 3334 attentius
1464 3270 1500 3335 et
1512 3269 1692 3335 monentes
1708 3269 1743 3332 et
1757 3259 1987 3336 exhortantes

559 3379 767 3474 inDomino,
778 3381 815 3454 in
828 3382 1067 3457 remissionem
1082 3383 1145 3456 tibi
1159 3384 1399 3479 peccaminum
1412 3383 1626 3480 injungendo
1639 3392 1811 3480 qnatenus
1823 3384 1859 3455 in
1875 3382 1989 3458 devo

559 3505 653 3576 tione
667 3503 768 3578 Sedis
781 3503 978 3603 Apostolice
993 3505 1137 3581 firmiter
1148 3527 1374 3604 perseverans
1387 3517 1422 3581 ct
1435 3508 1537 3581 nohis
1551 3505 1756 3604 disponente
1770 3507 1917 3579 Domino
1933 3508 1990 3583 ud

557 3626 715 3720 regimen
745 3628 821 3720 ejus
848 3629 1056 3725 assumptis,
1082 3638 1186 3725 prout
1209 3628 1310 3703 decet
1335 3630 1526 3726 principem
1552 3630 1795 3720 christianum,
1815 3629 1987 3705 assistens

557 3749 736 3823 humiliter
753 3759 788 3824 et
810 3750 953 3844 devote,
973 3753 1025 3825 sic
1042 3752 1189 3826 sollicito
1202 3774 1244 3825 ac
1259 3753 1390 3826 efficaci
1405 3755 1521 3828 studio
1537 3773 1701 3851 peregere
1716 3761 1851 3845 satagas
1870 3773 1985 3847 nego-

556 3873 645 3946 tium
670 3882 761 3948 lerre
779 3883 914 3967 sancte,
933 3896 976 3948 ac
996 3883 1033 3948 te
1048 3875 1195 3948 uiriliter
1217 3885 1253 3948 et
1269 3885 1425 3972 potenter
1442 3876 1479 3948 in
1502 3878 1642 3952 instanti
1663 3874 1821 3974 passagio
1838 3873 1885 3946 ad
1901 3877 1984 3971 ejus

558 4019 764 4071 succursum
784 3998 945 4094 accingas
965 3997 1001 4069 in
1023 4021 1130 4073 manu
1151 3998 1231 4072 lorti
1251 4009 1289 4072 et
1305 3999 1447 4073 brachio
1471 4010 1611 4075 extento
1628 3999 1675 4074 ad
1698 3995 1919 4095 preliandum
1938 4000 1985 4074 de

557 4119 669 4194 'corde
682 4143 771 4218 puro
788 4131 824 4196 et
837 4121 908 4196 fide
924 4143 996 4196 non
1012 4121 1092 4196 licta
1110 4123 1220 4219 prelia
1232 4123 1370 4196 Domini
1385 4125 1647 4216 uanslreundo,
1667 4120 1764 4218 quod
1777 4121 1823 4194 ab
1841 4142 1884 4195 eo
1898 4146 1983 4198 oon-

562 4243 661 4337 sequi
684 4244 849 4317 meroeris
871 4245 1165 4320 immarcescibilis
1182 4245 1292 4341 glorie
1317 4245 1479 4320 diadema
1501 4255 1537 4320 et
1556 4266 1621 4319 nos
1637 4245 1753 4341 quite
1774 4245 1984 4320 sinceritatis

566 4621 568 4626 ι
600 4547 635 4626 ll)
654 4548 762 4606 Scilicet
778 4548 823 4605 die
842 4551 878 4604 ta
897 4547 1000 4604 mendo
1017 4549 1117 4606 martii.
1137 4550 1283 4624 Gregorius
1301 4552 1341 4609 tx
1355 4550 1530 4623 (hugolinus,
1545 4548 1677 4606 Ostiensis
1689 4549 1839 4624 episcopus)
1852 4552 1984 4626 postridie

564 4647 669 4710 electus
682 4651 727 4704 est
741 4645 813 4719 apud
825 4643 1004 4719 Septemsolia
1019 4644 1220 4720 (Septizonium)
1230 4654 1259 4704 et
1267 4651 1438 4705 consecratus
1451 4643 1481 4701 in
1493 4643 1604 4703 basilica
1613 4643 1704 4701 Sancti
1711 4645 1784 4703 Petri
1794 4646 1838 4705 die
1848 4648 1983 4706 dominica

564 4749 596 4807 bl
614 4743 717 4803 mensis
727 4741 849 4816 eiusdem
861 4741 892 4799 in
903 4739 973 4798 letto
985 4740 1073 4800 suncti
1085 4742 1233 4800 &bedicti-
