4602 6084
330 619 429 680 lanam.
444 615 489 695 2]
777 607 973 670 lllSl'OlllA
998 600 1296 667 ntrtorttrtct

559 899 1523 920 a———ffl—m—-t-——fl

385 1165 615 1274 [Imperator
636 1161 687 1244 ad
708 1167 878 1242 castrum
897 1157 1071 1242 Cerdone
1089 1155 1151 1269 (l)
1174 1155 1277 1240 venit
1298 1164 1336 1238 et
1357 1154 1446 1238 inde
1467 1154 1517 1238 ad
1539 1153 1751 1240 Saldanum
1790 1173 1943 1280 lomi?

333 1299 448 1382 mittit
472 1297 677 1380 Balianum
702 1292 904 1378 dominum
931 1291 1083 1375 Sidonis
1110 1300 1148 1373 et
1174 1289 1352 1373 comitem
1378 1289 1566 1372 Thomam
1593 1289 1642 1372 de
1667 1289 1750 1372 La·
1816 1282 1916 1334 oasa]

331 1432 472 1516 chame
490 1429 567 1542 (2)]
587 1428 654 1540 qui
676 1428 844 1511 dicerent
868 1423 1095 1509 salutatione
1115 1421 1326 1533 praemissa
1346 1422 1438 1532 quia
1459 1449 1549 1506 eum
1573 1421 1656 1506 vult
1681 1449 1752 1532 pro

332 1565 449 1648 fratre
465 1563 608 1648 habere
629 1589 674 1646 aa
700 1560 878 1644 familiari
905 1559 1053 1666 amic03
1088 1618 1321 1639 ......
1352 1556 1521 1666 sciatque
1543 1581 1584 1639 ae
1601 1581 1754 1666 nequa-

334 1725 451 1809 quam
478 1696 743 1780 transfretasse
770 1693 1024 1804 requirendae
1050 1701 1173 1776 terrue
1198 1690 1404 1801 cupiditate
1430 1689 1613 1797 allectus,
1642 1689 1753 1800 cujus

333 1831 528 1914 districtus
544 1837 673 1940 posset
690 1825 902 1939 quamlibet
914 1824 1260 1935 concupiscentiam
1275 1823 1432 1930 satiare,
1448 1823 1516 1906 sed
1532 1832 1752 1906 sanctorum

334 1963 506 2047 locorum
520 1963 645 2074 gratia
659 1971 697 2045 et
711 1961 819 2071 regni
833 1957 1041 2044 Jerusalem
1055 1957 1267 2069 quodolim
1280 1957 1527 2066 possederant
1539 1957 1750 2062 christiani,

334 2097 515 2208 quodque
537 2121 608 2179 suo
627 2095 706 2177 filio
724 2093 812 2204 jure
833 2091 1086 2176 haereditario
1107 2089 1318 2174 debebatur
1336 2087 1412 2200 (5).
1434 2090 1571 2174 Meam.
1598 2088 1750 2198 Sanun,

336 2239 474 2314 Secret.
490 2229 613 2338 fidet,
634 2255 697 2340 ap.
717 2228 903 2336 Bararus,
919 2233 1026 2309 Gesta
1043 2221 1111 2308 nei
1123 2251 1197 2336 per
1214 2231 1392 2321 Francos,
1412 2222 1464 2329 11,
1480 2224 1574 2306 213.

391 2799 596 2912 Gregorius
612 2823 712 2910 papa
729 2797 927 2910 haynaldo
946 2797 1144 2908 quondam
1160 2795 1325 2881 Conradi
1341 2797 1449 2880 ducis
1463 2796 1656 2908 Spoletani
1673 2797 1754 2882 filio
1817 2879 1846 2911 n,
1930 2879 1940 2909 ,

336 2934 582 3044 conqueritur
599 2934 704 3044 quod
721 2943 845 3015 castra
864 2933 913 3014 ad
930 2931 1139 3014 Ecclesiam
1157 2931 1370 3014 Romanam
1387 2931 1613 3041 pertinentia
1630 2957 1753 3016 occu-

336 3067 500 3175 paverit,
519 3065 749 3180 presbyteris
766 3065 957 3176 spoliatis,
976 3065 1161 3148 mutilatis
1179 3073 1217 3148 et
1233 3065 1348 3148 etiam
1371 3065 1556 3175 supplicio
1580 3065 1752 3172 afflictis,

336 3199 621 3311 Marchiamque
644 3199 921 3283 Anconitanam
944 3199 1147 3306 invaserit3
1167 3209 1253 3284 octo
1274 3199 1356 3282 dies
1378 3199 1755 3298 adsatisiaciendum

337 3343 591 3444 competenter
607 3333 805 3444 praefigit3
826 3331 997 3443 alioquin
1019 3360 1088 3444 per
1110 3333 1316 3444 Cynthium
1339 3332 1616 3418 subdiaconum
1641 3360 1756 3420 suum

373 3648 409 3723 (t)
426 3646 502 3706 thas
514 3645 678 3716 bicordem
696 3645 733 3706 et.
755 3647 784 3704 in
803 3645 1013 3720 Additamento,
1029 3665 1058 3722 p.
1075 3651 1138 3706 lit.
1154 3647 1213 3706 soe
1226 3653 1344 3706 castnrm
1356 3647 1415 3706 sive
1427 3648 1516 3708 maele
1533 3647 1615 3707 hodie
1636 3649 1756 3708 dirutum

338 3747 475 3804 eminebat
482 3746 560 3820 juxta
572 3746 673 3804 ouum
684 3745 801 3804 huminis
812 3745 924 3820 antiquo
938 3747 1047 3806 nomine
1061 3747 1135 3820 Beli,
1151 3763 1225 3805 nune
1238 3745 1347 3806 arabico
1360 3747 1485 3806 idiomate
1497 3745 1758 3808 Nubaei-Kardesos

338 3844 434 3902 vocati.

375 3941 412 4015 (t)
431 3939 540 4000 Scilicet
550 3955 643 4000 comes
654 3940 690 3999 de
701 3940 821 4014 scenis,
837 3947 903 4000 trac
920 3941 948 3998 in
967 3941 1046 4017 syria
1059 3941 1231 4016 imperatoris
1241 3940 1356 4015 bajulus.
1368 3941 1430 4000 Vid.
1444 3957 1541 4016 supra,
1554 3957 1584 4016 p.
1601 3943 1652 4014 ts,
1668 3949 1723 3999 not.
1741 3946 1752 3997 t

338 4043 367 4096 et
380 4055 408 4113 p.
423 4039 468 4096 it.
482 4037 563 4096 Plura
575 4037 611 4095 de
623 4038 675 4097 isto
688 4043 872 4098 memorantur
885 4039 914 4097 in
926 4039 1072 4112 Additum,
1088 4055 1118 4114 p.
1134 4042 1182 4098 tet
1201 4045 1230 4096 et
1240 4055 1318 4113 seqq.

375 4135 411 4208 (³)
428 4135 522 4194 Kamd
543 4141 609 4194 tuuc
623 4135 695 4194 inter
705 4136 845 4210 Neapolim
866 4135 1051 4196 attenuatam
1070 4151 1132 4195 crim
1146 4136 1266 4195 exercitu
1279 4135 1579 4206 msuamatatusgnm
1598 4151 1758 4210 respensnm

338 4231 461 4291 absolute
472 4233 564 4306 dedit,
583 4233 633 4293 sed
644 4250 757 4293 munera
773 4251 823 4308 pro
836 4236 994 4294 muneribus
1006 4235 1171 4307 transmisit,
1184 4233 1309 4292 videlieet
1324 4233 1443 4290 «mania
1460 4231 1545 4290 multa
1564 4239 1593 4290 et
1603 4233 1719 4308 pretiosa
1731 4235 1758 4292 in

341 4349 355 4384 s
370 4346 437 4389 auro
450 4337 479 4390 et
491 4337 619 4408 mgenta,
634 4333 662 4389 in
675 4331 833 4391 holosericis
843 4339 873 4391 at
884 4333 1019 4408 lapidibus
1029 4333 1172 4408 pretiosis,
1186 4333 1215 4389 in
1224 4331 1334 4390 camelis
1341 4338 1370 4390 et
1379 4330 1547 4407 elephantis,
1563 4332 1592 4388 in
1603 4333 1761 4391 ursisetsi-

342 4445 355 4480 ι
370 4428 433 4486 miie
443 4435 473 4487 et
483 4429 542 4488 aliis
554 4429 638 4489 rebus
649 4429 772 4488 mirificis
783 4430 883 4506 quibam
894 4431 1020 4490 omnibus
1032 4439 1126 4490 carent
1139 4430 1243 4488 incolae
1257 4429 1442 4490 Occidentis.»
1455 4429 1548 4489 lltrr.
1562 4431 1666 4504 Puera,
1681 4432 1758 4490 hiat.

339 4527 405 4600 maj.
421 4527 546 4600 rapha,
560 4528 595 4586 ad
603 4544 667 4586 ann.
680 4532 765 4600 ⁴228,
774 4545 804 4604 p.
817 4531 881 4588 tta.
893 4559 930 4573 -
939 4531 977 4587 lle
989 4529 1248 4588 confabulationibus
1258 4530 1329 4587 inter
1337 4529 1483 4588 soldanum
1494 4535 1523 4586 et
1533 4529 1721 4604 imperatorem
1730 4538 1759 4588 ct

339 4624 374 4683 de
384 4624 598 4698 problematibus
607 4626 805 4687 mathematicis
816 4627 932 4687 mdecm
942 4628 1123 4702 resolvendis,
1133 4627 1169 4686 ci.
1181 4628 1301 4688 muner
1310 4643 1354 4705 ap.
1365 4629 1510 4701 maun,
1520 4626 1594 4686 utet.
1602 4627 1647 4686 der
1655 4629 1756 4699 craia,

341 4729 362 4778 t.
376 4723 423 4794 tv,
435 4739 465 4796 p.
480 4725 545 4783 tat.

420 4823 477 4887 lll-
1543 4825 1596 4888 ro·
