4652 6092
929 616 1238 683 abalienatas.
1732 615 1795 678 489

430 763 536 858 ctap.
552 760 614 836 IX.
629 759 683 834 Eu
694 765 769 832 iam
780 779 915 832 mmme
928 757 954 828 li
968 777 1162 854 cmpereres
1174 755 1277 830 estoit
1287 778 1309 830 a
1321 755 1423 840 Aere,
1437 763 1534 828 sourt
1544 761 1686 828 contens
1698 762 1797 828 autre

382 888 433 962 lui
446 897 481 962 et
498 889 531 960 lo
549 885 708 982 Temple,
724 891 759 956 et
777 905 821 956 en
843 903 883 956 ce
899 903 970 977 que
985 903 1026 955 ce
1047 889 1189 954 coutens
1207 881 1309 954 estoit
1330 880 1355 952 li
1378 899 1572 975 emperercs
1591 899 1631 950 so
1646 876 1796 950 recueilli

383 1032 433 1083 uu
444 1012 526 1104 J‘oor
537 1032 582 1084 cu
595 1009 711 1084 l'aube
725 1016 760 1081 et
773 1007 846 1082 s’eu
861 1007 950 1104 parti
969 1027 1051 1079 saus
1065 1005 1150 1078 loire
1167 1004 1323 1079 assavoir
1341 1025 1379 1076 sa
1393 1011 1520 1088 mnata,
1536 1011 1591 1076 etc
1594 1053 1733 1074 .........

623 1328 1089 1343 Μ...
1096 1327 1338 1338 ..ο-,α--ι-ι-ο
1345 1325 1568 1336 -ι-*ο--ι--ῌ

437 1628 710 1740 Fragmentum
719 1623 864 1706 itineris
876 1621 1055 1706 Friderici
1065 1622 1326 1706 Romanorum
1339 1621 1577 1732 imperatoris
1587 1622 1801 1706 achrram

386 1763 566 1847 Sanctam
583 1757 812 1870 navigantis.

468 1976 595 2053 (incdit.
610 1991 649 2037 ex
667 1973 773 2038 cirron.
786 1971 871 2036 MSS.
887 1971 968 2051 apud
980 1973 1144 2050 Neapolim,
1159 1974 1208 2034 oui
1219 1973 1345 2036 titulus:
1362 1972 1491 2034 Historia
1502 1988 1604 2054 reptos
1616 1969 1722 2034 Sicilie
1734 1973 1803 2034 lui·

505 2084 582 2144 tlum
603 2079 810 2143 tautummodo
830 2078 912 2159 quod
931 2077 1018 2142 uobis
1032 2079 1191 2142 liberaliter
1211 2081 1443 2141 communicavit
1455 2078 1634 2141 Boebmcrus
1652 2079 1705 2142 bic
1717 2080 1803 2142 exbi-

506 2186 637 2268 benum)

437 2379 477 2450 lu
501 2375 660 2470 sequenti
686 2395 771 2449 vero
795 2393 916 2446 mense
935 2372 1027 2464 junii
1053 2371 1180 2469 (1228)
1205 2371 1369 2446 dominus
1395 2372 1595 2468 imperator,
1620 2373 1807 2469 assumptis

388 2500 600 2598 quibusdam
615 2497 777 2574 fidelibus
787 2497 886 2593 regui
899 2497 1032 2588 Sicilie,
1053 2519 1085 2572 :c
1097 2519 1133 2570 m
1148 2496 1380 2593 quadraginta
1391 2497 1501 2591 galeis
1513 2498 1550 2570 iu
1564 2497 1684 2592 vigilia
1698 2499 1807 2571 sancti

388 2625 478 2700 Petri
491 2622 681 2719 supradicti
695 2623 825 2696 menda
836 2622 926 2716 junii
945 2622 1058 2694 exivit
1074 2621 1120 2694 de
1135 2631 1235 2718 portu
1254 2622 1442 2697 Brindusii.
1462 2622 1505 2694 Et
1519 2623 1677 2716 sequenti
1695 2622 1754 2697 dio
1768 2623 1805 2695 iu

388 2752 475 2824 festo
499 2748 657 2841 ejusdem
682 2747 792 2820 sancti
816 2746 983 2843 applicuit
999 2745 1221 2842 Hydruntum
1245 2745 1419 2818 civitatem
1443 2746 1581 2842 Apulia.
1612 2746 1743 2820 Deinde
1765 2768 1808 2820 eo

388 2896 465 2949 sero
482 2883 650 2948 exeuntes
667 2871 712 2946 de
723 2871 903 2968 Hydrunte
914 2871 1073 2967 sequenti
1087 2872 1145 2946 dic
1158 2871 1320 2944 venimus
1335 2871 1383 2944 ad
1397 2871 1545 2942 insulam
1560 2871 1724 2944 Romania
1737 2892 1808 2966 que

390 2999 517 3073 dicitur
526 2997 706 3070 Alibanos.
720 2997 764 3070 nt
774 2995 906 3070 exinde
918 2996 1122 3091 navigantes
1135 2997 1240 3069 altera
1253 2995 1311 3069 die
1321 2995 1412 3070 circa
1425 2995 1545 3069 horam
1558 3005 1693 3069 sextam
1708 2997 1807 3070 veui·

389 3145 468 3196 mus
485 3121 532 3195 ad
550 3120 700 3194 insulam
710 3128 746 3192 et
761 3126 911 3192 cauum
927 3118 1022 3214 quod
1036 3118 1164 3192 dicitur
1179 3121 1295 3192 cortu.
1311 3119 1376 3192 Ubi
1394 3121 1515 3192 morati
1534 3141 1646 3214 usque
1663 3119 1711 3193 ad
1730 3140 1807 3193 sero

390 3242 634 3336 navigavimus
646 3239 742 3314 inde.
756 3240 799 3313 Et
814 3241 971 3334 sequemi
983 3241 1042 3314 die
1053 3249 1132 3337 post
1151 3241 1233 3314 solis
1248 3261 1411 3314 occasum
1429 3241 1590 3313 venimus
1606 3240 1653 3314 ad
1667 3249 1806 3336 portum

390 3367 633 3442 Guiscardum.
653 3366 720 3440 Ubi
738 3365 955 3461 quiescentes
979 3366 1039 3438 illa
1056 3375 1173 3456 nocte,
1199 3365 1305 3438 altera
1331 3365 1391 3438 die
1412 3365 1504 3438 circa
1526 3365 1647 3438 boram
1670 3374 1806 3438 sermm

390 3489 622 3586 applicuimus
639 3489 685 3562 ad
708 3489 858 3562 insulam
874 3487 1059 3581 Ciialouie,
1084 3488 1121 3562 in
1141 3509 1213 3582 qua
1232 3496 1305 3561 evat
1327 3508 1443 3562 comes
1465 3487 1627 3561 dominus
1650 3488 1803 3583 Medius,

390 3615 451 3709 qui
469 3620 543 3687 erat
555 3612 703 3710 Apulus.
720 3612 788 3685 Ubi
807 3612 924 3686 omnia
938 3613 1131 3686 necessaria
1148 3623 1267 3710 parata
1281 3611 1479 3686 invenimus
1496 3621 1531 3684 et
1544 3611 1589 3686 ab
1603 3611 1727 3686 eodem
1744 3614 1807 3686 mi·

391 3739 557 3812 nistrante
574 3737 711 3810 comite.
729 3736 805 3810 Circ
840 3747 958 3812 autem
973 3737 1055 3812 solis
1068 3759 1231 3810 occasum
1245 3746 1281 3812 et
1293 3735 1425 3810 exinde
1435 3735 1653 3830 medonta,
1670 3745 1706 3810 et
1720 3737 1806 3812 ilue·

390 3863 484 3936 tibus
501 3862 606 3936 maris
629 3862 954 3955 intumescentibus,
979 3862 1137 3958 sequemi
1162 3861 1221 3936 die
1243 3861 1335 3935 circa
1355 3860 1476 3935 horam
1496 3881 1623 3934 nonam
1645 3863 1807 3936 venimus

390 3987 601 4062 Methouam'.
618 3987 661 4058 Et
675 3987 725 4059 ibi
739 3987 909 4082 quiescen
919 4009 961 4060 es
976 4009 1090 4082 usque
1102 4008 1223 4077 mane,
1241 3985 1370 4060 deiude
1382 3986 1473 4060 circa
1489 3994 1604 4058 ortum
1619 3987 1702 4060 solis
1715 4009 1807 4064 rece-

392 4108 532 4203 dentes,
560 4131 602 4184 eo
619 4131 697 4184 sero
715 4110 877 4184 venimus
900 4109 944 4184 ad
965 4120 1103 4207 portum
1123 4112 1347 4198 Qualearum.
1374 4111 1416 4184 Et
1440 4111 1490 4184 ibi
1507 4111 1724 4205 quiescentes
1744 4133 1807 4208 por

390 4243 498 4308 mam
515 4243 669 4328 nocam,
686 4234 724 4307 in
738 4256 842 4309 mane
854 4235 1133 4329 indemnatae,
1148 4244 1183 4308 et
1199 4235 1323 4310 eodem
1338 4257 1415 4310 sero
1426 4236 1587 4311 venimus
1600 4236 1645 4311 ad
1658 4237 1806 4312 insulam

391 4357 512 4432 Cedrei
528 4356 753 4456 (Cytheram),
772 4360 834 4433 ubi
849 4371 1021 4436 morantes
1036 4383 1148 4457 usque
1161 4360 1209 4435 ad
1223 4381 1382 4434 auroram
1399 4361 1576 4456 sequenda
1587 4361 1676 4455 diei,
1691 4361 1808 4438 exivi·

391 4503 470 4554 mus
483 4481 581 4574 iude,
598 4491 633 4556 et
648 4483 893 4578 navigavimus
907 4507 1030 4559 versus
1047 4485 1168 4582 Cerigo
1183 4483 1358 4581 (Cretam).
1372 4484 1517 4558 Etcirca
1533 4485 1653 4560 boram
1670 4507 1810 4584 vesper-

391 4603 499 4678 tinam
512 4607 569 4680 vel
583 4607 768 4682 serotinam
779 4611 1010 4708 applicuimus
1024 4612 1069 4686 ad
1083 4609 1242 4685 eamdem
1257 4609 1407 4683 insulam
1418 4608 1465 4683 ad
1476 4611 1592 4684 locum
1607 4611 1668 4706 qui
1681 4611 1810 4686 dicitur

392 4727 523 4802 Bisada
536 4729 698 4828 (Cydon).
711 4733 777 4808 Ubi
790 4735 912 4810 morati
924 4735 1055 4810 inimus
1066 4757 1130 4833 por
1143 4743 1250 4810 mam
1261 4743 1397 4808 nocam
1411 4743 1446 4808 et
1459 4735 1616 4832 sequenti
1631 4734 1702 4830 die,
1713 4736 1809 4812 vide

492 4853 548 4916 111.
1614 4868 1651 4922 er

1841 1645 1993 1756 ditia
