4602 6084
542 566 583 630 80
1043 565 1256 628 valbslucl
1281 565 1455 628 suebum
1769 563 1847 646 [Asa.
1867 567 1951 634 lasa.

543 701 954 787 excommunicandum
982 727 1071 786 oum
1103 701 1318 786 fautoribus
1343 700 1426 812 ejus
1456 709 1494 784 et
1521 725 1589 810 per
1619 700 1662 783 P.
1694 700 1955 785 Theodaldum

541 836 795 921 diffidendum
809 837 972 948 jubebit.

626 1063 740 1144 [luedlt
756 1081 794 1126 ex
807 1064 923 1144 liegest.
938 1065 1061 1142 Gregor.
1072 1063 1284 1161 IlllnBlbllot.
1299 1061 1332 1124 S.
1343 1061 1450 1124 Thom.
1462 1061 1605 1146 Pbllllpps
1615 1077 1664 1140 up.
1674 1061 1817 1122 Mldrlleb.
1832 1077 1905 1122 ann.
1915 1061 1956 1134 ΙΙ,

667 1174 753 1250 eplst.
769 1181 824 1247 ll,
840 1171 907 1233 coll.
920 1189 989 1234 cum
1004 1171 1115 1234 collect.
1133 1167 1239 1248 Panlo.)

594 1367 792 1460 Gregorius,
809 1377 876 1442 etc.
891 1367 1003 1445 Nobili
1016 1368 1092 1441 viro
1104 1369 1144 1441 ll.
1159 1377 1240 1440 nato
1254 1366 1432 1462 quondam
1445 1367 1486 1440 G.
1501 1365 1601 1440 ducis
1613 1365 1788 1462 spoletani
1800 1363 1959 1462 spiritum

546 1491 681 1566 consilii
698 1492 856 1566 sanioris.
873 1494 963 1568 Satis
977 1493 1118 1568 domino
1133 1503 1193 1566 tuo
1207 1494 1366 1566 sufficere
1379 1502 1512 1590 poterat
1523 1491 1619 1588 quod
1631 1493 1704 1566 Deo
1715 1500 1751 1564 et
1762 1489 1960 1564 hominibus

546 1615 654 1710 gratis
668 1616 824 1710 ingratus
842 1639 1020 1690 romanam
1035 1617 1224 1690 Ecclesiam
1243 1627 1386 1690 matrem
1401 1639 1502 1690 snam
1513 1617 1679 1690 hactenns
1692 1615 1826 1688 acerbis
1840 1613 1960 1687 amari

548 1739 641 1812 cavit
654 1738 851 1832 doloribus,
869 1743 1044 1814 atrocibus
1054 1743 1226 1818 lacessivit
1238 1742 1373 1836 injuriis
1385 1751 1420 1818 el
1433 1742 1539 1816 variis
1553 1741 1717 1814 molestiis
1730 1737 1957 1837 perturbavit,

547 1863 577 1938 ai
590 1886 660 1938 nou
672 1875 707 1938 et
719 1875 756 1938 tu
767 1865 843 1958 ejus
854 1867 1005 1938 vicarius
1017 1877 1052 1939 el
1063 1865 1219 1940 minister
1233 1867 1396 1963 patientie
1409 1875 1523 1942 nostre
1534 1867 1661 1940 abusor
1674 1863 1962 1961 improvidnsnos

548 1990 732 2064 cumulatis
755 1991 981 2065 exacerbares
996 1991 1156 2084 offensis,
1180 1992 1228 2064 ita
1242 2014 1435 2088 provocans
1452 2013 1516 2063 noe
1533 1989 1699 2064 audacter
1712 1989 1813 2084 quasi
1830 2009 1899 2060 non
1918 1987 1963 2060 sit

548 2115 805 2210 auxiliumque
820 2125 879 2188 tua
892 2117 999 2212 possit
1012 2115 1160 2208 audacia
1171 2117 1338 2192 cobiberi.
1354 2115 1423 2190 Sed
1435 2117 1464 2188 si
1479 2115 1573 2212 sapis
1586 2125 1625 2187 ut
1636 2114 1800 2206 crederis,
1815 2111 1861 2185 ad
1876 2113 1965 2184 lran-

549 2237 683 2333 gendos
700 2251 844 2313 conatus
859 2250 936 2313 tuos
952 2263 1016 2314 nos
1029 2263 1099 2314 non
1113 2249 1246 2338 oportet
1259 2241 1478 2316 considerare
1493 2241 1659 2328 laborem,
1679 2240 1764 2334 quia
1781 2237 1878 2332 quod
1894 2259 1963 2309 non

548 2363 781 2460 processimus
803 2365 970 2438 hactenus
992 2365 1039 2440 ad
1056 2365 1217 2459 iniuriam
1242 2365 1369 2457 injuria
1388 2363 1675 2460 propulsandam,
1701 2370 1882 2436 mansuete
1898 2383 1964 2458 pa-

549 2488 669 2562 tientie
685 2489 796 2562 virtus
813 2490 895 2562 lecit
906 2513 968 2586 per
982 2513 1088 2586 quam
1103 2511 1172 2563 non
1187 2491 1234 2564 ad
1246 2491 1446 2562 insolentias
1466 2509 1701 2585 prorumpere,
1727 2486 1789 2560 sed
1810 2486 1857 2560 ad
1876 2487 1964 2558 cele·

549 2613 674 2686 riorem
707 2615 952 2688 correctionem
982 2625 1016 2690 te
1046 2637 1088 2690 ac
1118 2615 1205 2690 alios
1237 2613 1409 2689 debueras
1443 2635 1618 2688 revocare.
1638 2611 1725 2712 ,Sed
1757 2610 1888 2684 exinde
1918 2609 1965 2684 ad

549 2738 825 2834 impenitentiam
840 2739 1039 2834 adduceris,
1055 2749 1094 2814 nt
1111 2739 1292 2832 videmus;
1311 2739 1491 2812 nonenim
1509 2745 1692 2812 contentus
1704 2735 1801 2832 qnod
1814 2744 1963 2810 castrum

551 2863 670 2959 Stipizi
682 2864 860 2960 occupasti
872 2874 907 2938 et
917 2873 1046 2938 turrem
1059 2863 1108 2962 (a)
1121 2865 1167 2940 de
1181 2865 1310 2938 Amata
1321 2862 1486 2936 obsidens
1499 2862 1657 2939 invasisti
1671 2883 1748 2934 eam
1764 2861 1801 2932 in
1814 2870 1965 2934 nostram

553 2986 797 3060 contumeliam
816 2988 1068 3084 comburendo,
1087 2989 1183 3084 quod
1203 2987 1427 3063 construxisti
1451 2997 1602 3062 msunm
1622 2987 1744 3072 lecum
1757 2995 1793 3058 et
1810 2985 1967 3058 homines

553 3119 688 3185 nostroe
707 3111 753 3184 de
766 3109 899 3185 Arrone
912 3134 953 3186 ao
968 3113 1138 3209 quosdam
1153 3113 1198 3188 de
1212 3113 1328 3187 Cassia
1341 3113 1404 3186 tibi
1422 3112 1532 3186 iecisti
1546 3112 1676 3206 jurare,
1696 3119 1732 3184 et
1745 3109 1968 3206 quamplures

554 3235 641 3310 alios
658 3257 680 3308 a
695 3233 865 3309 lidelitate¹
877 3237 1064 3333 apostolice
1078 3238 1178 3311 Sedis
1193 3247 1351 3312 avertens
1369 3239 1494 3311 mullos
1515 3237 1697 3334 cormpieti
1714 3235 1920 3310 muneribus
1935 3245 1969 3306 et.

553 3359 749 3455 promissis,
772 3360 870 3456 qnod
891 3357 1079 3456 Arquatam
1098 3385 1204 3458 quam
1226 3363 1414 3457 aliquando
1437 3361 1600 3436 dominus
1621 3371 1703 3434 tuus
1725 3381 1902 3457 occupans
1923 3357 1969 3432 ad

556 3483 856 3558 commonitionem
874 3485 932 3580 pie
945 3487 1111 3560 memorie
1124 3489 1169 3559 Η.
1187 3509 1277 3583 pape
1292 3485 1543 3582 predecessoris
1559 3485 1666 3572 nostri
1683 3494 1808 3582 sponte
1823 3483 1971 3556 restituit

555 3609 771 3705 reoccupasti
784 3609 943 3702 donovo,
955 3611 1442 3706 etquoduoneettacendum,
1455 3611 1545 3683 sicut
1557 3610 1698 3699 dicitur,
1711 3609 1972 3705 presbyteroset

556 3734 644 3806 alios
655 3733 797 3806 clericos
811 3756 901 3806 auen
913 3733 1080 3830 sacrilego
1089 3737 1252 3807 mutilans
1264 3756 1325 3808 eos
1338 3737 1444 3808 variis
1452 3735 1663 3808 cruciatibus
1675 3733 1845 3821 afflixisti,
1859 3752 1972 3828 quos-

558 3857 640 3932 dam
658 3879 721 3954 per
742 3859 1007 3934 Sarracenorum
1023 3858 1253 3932 ministerium
1278 3859 1391 3932 crucis
1410 3858 1586 3950 affigendo
1606 3857 1781 3954 patibulo,
1801 3855 1973 3951 quosdam

558 3983 730 4074 secando,
751 3983 894 4078 reliquis
911 3983 1049 4056 afflictis
1067 3983 1169 4056 talliis
1188 3993 1223 4055 et
1237 3983 1389 4055 collectis
1409 3992 1444 4056 et
1457 3983 1613 4078 spoliatis
1631 3982 1786 4055 ecclesiia
1803 3981 1841 4053 in
1862 3980 1973 4053 mani·

558 4107 680 4179 festam
703 4107 964 4181 subversionem
982 4107 1212 4180 ecclesiastice
1234 4105 1417 4194 libertatis,
1441 4128 1534 4179 nunc
1557 4107 1745 4180 ltlarobiam
1765 4103 1974 4184 Ancbonitu-

562 4251 643 4301 nam
669 4232 722 4326 (l)
747 4231 923 4326 ingressus
948 4231 1115 4304 hostiliter
1139 4231 1184 4305 ad
1209 4231 1451 4326 occupandum
1474 4231 1632 4307 eamdem
1660 4229 1803 4304 fraudes
1825 4239 1861 4302 el
1884 4227 1976 4300 viras

605 4403 646 4485 (a)
660 4407 697 4466 In
711 4405 783 4468 Cod.
798 4407 907 4487 auu,
922 4415 1043 4471 urrant.

605 4689 641 4764 ll)
655 4689 761 4762 Dabis,
777 4697 809 4748 ut
825 4691 956 4765 munitur,
968 4693 1131 4753 mentionem
1146 4696 1209 4754 lacit
1225 4697 1299 4754 llvcu.
1315 4697 1349 4755 de
1364 4698 1393 4756 S.
1408 4699 1511 4768 amn..
1527 4699 1653 4756 chronic.
1669 4697 1703 4756 ad
1716 4713 1780 4755 ann.
1799 4693 1980 4770 «Rapualdus
