<?xml version="1.0" encoding="UTF-8"?>
<!DOCTYPE html PUBLIC "-//W3C//DTD XHTML 1.0 Transitional//EN"
    "http://www.w3.org/TR/xhtml1/DTD/xhtml1-transitional.dtd">
<html xmlns="http://www.w3.org/1999/xhtml" xml:lang="en" lang="en">
 <head>
  <title>
</title>
<meta http-equiv="Content-Type" content="text/html;charset=utf-8" />
  <meta name='ocr-system' content='tesseract 3.04.00' />
  <meta name='ocr-capabilities' content='ocr_page ocr_carea ocr_par ocr_line ocrx_word'/>
</head>
<body>
  <div class='ocr_page' id='page_1' title='image "./historiadiploma03fredgoog/historiadiploma03fredgoog_0209.png"; bbox 0 0 4642 6106; ppageno 0'>
   <div class='ocr_carea' id='block_1_1' title="bbox 556 577 1966 706">
    <p class='ocr_par' dir='ltr' id='par_1_1' title="bbox 556 577 1966 706">
     <span class='ocr_line' id='line_1_1' title="bbox 556 577 1966 706; baseline 0.004 -26"><span class='ocrx_word' id='word_1_1' title='bbox 556 617 618 680; x_wconf 82' lang='lat' dir='ltr'><strong>noo</strong></span> <span class='ocrx_word' id='word_1_2' title='bbox 1057 621 1269 684; x_wconf 85' lang='lat' dir='ltr'><strong>rnrnsnrcr</strong></span> <span class='ocrx_word' id='word_1_3' title='bbox 1294 620 1470 684; x_wconf 81' lang='lat' dir='ltr'><strong>sucunnr</strong></span> <span class='ocrx_word' id='word_1_4' title='bbox 1782 621 1861 706; x_wconf 63' lang='lat' dir='ltr'><strong>[aas</strong></span> <span class='ocrx_word' id='word_1_5' title='bbox 1880 577 1966 686; x_wconf 75' lang='lat' dir='ltr'><strong>rme</strong></span> 
     </span>
    </p>
   </div>
   <div class='ocr_carea' id='block_1_2' title="bbox 557 751 1970 2699">
    <p class='ocr_par' dir='ltr' id='par_1_2' title="bbox 557 751 1970 2699">
     <span class='ocr_line' id='line_1_2' title="bbox 559 751 1970 852; baseline 0.005 -29"><span class='ocrx_word' id='word_1_6' title='bbox 559 771 699 824; x_wconf 87' lang='lat' dir='ltr'><strong>causam</strong></span> <span class='ocrx_word' id='word_1_7' title='bbox 716 751 955 846; x_wconf 78' lang='lat' dir='ltr'><strong>appellationis</strong></span> <span class='ocrx_word' id='word_1_8' title='bbox 971 752 1017 826; x_wconf 92' lang='lat' dir='ltr'><strong>ad</strong></span> <span class='ocrx_word' id='word_1_9' title='bbox 1035 754 1197 829; x_wconf 90' lang='lat' dir='ltr'><strong>cumdem</strong></span> <span class='ocrx_word' id='word_1_10' title='bbox 1211 755 1425 830; x_wconf 87' lang='lat' dir='ltr'><strong>Everardum</strong></span> <span class='ocrx_word' id='word_1_11' title='bbox 1439 755 1638 852; x_wconf 82' lang='lat' dir='ltr'><strong>interpou&#39;tc</strong></span> <span class='ocrx_word' id='word_1_12' title='bbox 1650 762 1767 828; x_wconf 79' lang='lat' dir='ltr'><strong>contm</strong></span> <span class='ocrx_word' id='word_1_13' title='bbox 1778 753 1920 828; x_wconf 77' lang='lat' dir='ltr'><strong>Corum</strong></span> <span class='ocrx_word' id='word_1_14' title='bbox 1933 763 1970 830; x_wconf 87' lang='lat' dir='ltr'><strong>et</strong></span> 
     </span>
     <span class='ocr_line' id='line_1_3' title="bbox 558 872 1968 974; baseline 0.005 -28"><span class='ocrx_word' id='word_1_15' title='bbox 558 872 799 964; x_wconf 73' lang='lat' dir='ltr'><strong>Gcrardinnm,</strong></span> <span class='ocrx_word' id='word_1_16' title='bbox 812 873 1240 970; x_wconf 82' lang='lat' dir='ltr'><strong>titiosacnuntioseorum,</strong></span> <span class='ocrx_word' id='word_1_17' title='bbox 1256 878 1520 973; x_wconf 87' lang='lat' dir='ltr'><strong>dequibusdum</strong></span> <span class='ocrx_word' id='word_1_18' title='bbox 1536 880 1635 952; x_wconf 87' lang='lat' dir='ltr'><strong>terrie</strong></span> <span class='ocrx_word' id='word_1_19' title='bbox 1646 887 1682 952; x_wconf 89' lang='lat' dir='ltr'><strong>et</strong></span> <span class='ocrx_word' id='word_1_20' title='bbox 1693 879 1968 974; x_wconf 69' lang='lat' dir='ltr'><strong>pensaunium</strong></span> 
     </span>
     <span class='ocr_line' id='line_1_4' title="bbox 558 997 1969 1098; baseline 0.006 -30"><span class='ocrx_word' id='word_1_21' title='bbox 558 997 680 1092; x_wconf 90' lang='lat' dir='ltr'><strong>positis</strong></span> <span class='ocrx_word' id='word_1_22' title='bbox 688 997 724 1069; x_wconf 91' lang='lat' dir='ltr'><strong>in</strong></span> <span class='ocrx_word' id='word_1_23' title='bbox 732 998 959 1092; x_wconf 79' lang='lat' dir='ltr'><strong>Massagrosa,</strong></span> <span class='ocrx_word' id='word_1_24' title='bbox 971 1021 1034 1094; x_wconf 95' lang='lat' dir='ltr'><strong>pro</strong></span> <span class='ocrx_word' id='word_1_25' title='bbox 1044 1001 1096 1074; x_wconf 91' lang='lat' dir='ltr'><strong>eis</strong></span> <span class='ocrx_word' id='word_1_26' title='bbox 1105 1001 1150 1074; x_wconf 92' lang='lat' dir='ltr'><strong>sit</strong></span> <span class='ocrx_word' id='word_1_27' title='bbox 1159 1002 1327 1075; x_wconf 89' lang='lat' dir='ltr'><strong>sententia</strong></span> <span class='ocrx_word' id='word_1_28' title='bbox 1337 1004 1565 1098; x_wconf 81' lang='lat' dir='ltr'><strong>pmmulguta‚</strong></span> <span class='ocrx_word' id='word_1_29' title='bbox 1577 1011 1716 1098; x_wconf 88' lang='lat' dir='ltr'><strong>propter</strong></span> <span class='ocrx_word' id='word_1_30' title='bbox 1726 1003 1914 1096; x_wconf 85' lang='lat' dir='ltr'><strong>potentiam</strong></span> <span class='ocrx_word' id='word_1_31' title='bbox 1926 1021 1969 1076; x_wconf 83' lang='lat' dir='ltr'><strong>ac</strong></span> 
     </span>
     <span class='ocr_line' id='line_1_5' title="bbox 557 1119 1968 1220; baseline 0.004 -28"><span class='ocrx_word' id='word_1_32' title='bbox 557 1119 754 1194; x_wconf 74' lang='lat' dir='ltr'><strong>evidentem</strong></span> <span class='ocrx_word' id='word_1_33' title='bbox 773 1121 939 1195; x_wconf 90' lang='lat' dir='ltr'><strong>malitiam</strong></span> <span class='ocrx_word' id='word_1_34' title='bbox 961 1123 1238 1196; x_wconf 81' lang='lat' dir='ltr'><strong>adversariorum</strong></span> <span class='ocrx_word' id='word_1_35' title='bbox 1260 1125 1494 1220; x_wconf 87' lang='lat' dir='ltr'><strong>predictorum</strong></span> <span class='ocrx_word' id='word_1_36' title='bbox 1516 1124 1657 1199; x_wconf 87' lang='lat' dir='ltr'><strong>Bidunis</strong></span> <span class='ocrx_word' id='word_1_37' title='bbox 1671 1122 1746 1220; x_wconf 82' lang='lat' dir='ltr'><strong>(ric)</strong></span> <span class='ocrx_word' id='word_1_38' title='bbox 1759 1135 1794 1198; x_wconf 90' lang='lat' dir='ltr'><strong>et</strong></span> <span class='ocrx_word' id='word_1_39' title='bbox 1812 1125 1874 1198; x_wconf 84' lang='lat' dir='ltr'><strong>iiiii</strong></span> <span class='ocrx_word' id='word_1_40' title='bbox 1892 1123 1968 1218; x_wconf 86' lang='lat' dir='ltr'><strong>ejus</strong></span> 
     </span>
     <span class='ocr_line' id='line_1_6' title="bbox 558 1244 1969 1344; baseline 0.003 -28"><span class='ocrx_word' id='word_1_41' title='bbox 558 1244 726 1317; x_wconf 73' lang='lat' dir='ltr'><strong>maenaa</strong></span> <span class='ocrx_word' id='word_1_42' title='bbox 735 1244 809 1340; x_wconf 89' lang='lat' dir='ltr'><strong>ipsa</strong></span> <span class='ocrx_word' id='word_1_43' title='bbox 822 1299 832 1332; x_wconf 98' lang='lat'><strong>,</strong></span> <span class='ocrx_word' id='word_1_44' title='bbox 844 1255 946 1340; x_wconf 93' lang='lat' dir='ltr'><strong>prout</strong></span> <span class='ocrx_word' id='word_1_45' title='bbox 960 1246 1074 1318; x_wconf 88' lang='lat' dir='ltr'><strong>extitit</strong></span> <span class='ocrx_word' id='word_1_46' title='bbox 1083 1247 1176 1338; x_wconf 86' lang='lat' dir='ltr'><strong>juste</strong></span> <span class='ocrx_word' id='word_1_47' title='bbox 1190 1248 1275 1338; x_wconf 89' lang='lat' dir='ltr'><strong>lata,</strong></span> <span class='ocrx_word' id='word_1_48' title='bbox 1294 1269 1364 1320; x_wconf 91' lang='lat' dir='ltr'><strong>non</strong></span> <span class='ocrx_word' id='word_1_49' title='bbox 1378 1249 1490 1344; x_wconf 88' lang='lat' dir='ltr'><strong>potuit</strong></span> <span class='ocrx_word' id='word_1_50' title='bbox 1502 1249 1700 1320; x_wconf 74' lang='lat' dir='ltr'>executioni</span> <span class='ocrx_word' id='word_1_51' title='bbox 1719 1247 1890 1322; x_wconf 85' lang='lat' dir='ltr'><strong>mandari.</strong></span> <span class='ocrx_word' id='word_1_52' title='bbox 1904 1249 1969 1334; x_wconf 81' lang='lat' dir='ltr'><strong>Va·</strong></span> 
     </span>
     <span class='ocr_line' id='line_1_7' title="bbox 557 1368 1968 1468; baseline 0.004 -31"><span class='ocrx_word' id='word_1_53' title='bbox 557 1388 634 1438; x_wconf 90' lang='lat' dir='ltr'><strong>rum</strong></span> <span class='ocrx_word' id='word_1_54' title='bbox 649 1389 729 1438; x_wconf 92' lang='lat' dir='ltr'><strong>cum</strong></span> <span class='ocrx_word' id='word_1_55' title='bbox 745 1369 793 1438; x_wconf 88' lang='lat' dir='ltr'><strong>nii</strong></span> <span class='ocrx_word' id='word_1_56' title='bbox 807 1368 937 1440; x_wconf 87' lang='lat' dir='ltr'><strong>valeret</strong></span> <span class='ocrx_word' id='word_1_57' title='bbox 954 1371 1041 1442; x_wconf 82' lang='lat' dir='ltr'><strong>sene</strong></span> <span class='ocrx_word' id='word_1_58' title='bbox 1054 1373 1258 1444; x_wconf 86' lang='lat' dir='ltr'><strong>sententiam</strong></span> <span class='ocrx_word' id='word_1_59' title='bbox 1273 1371 1339 1443; x_wconf 86' lang='lat' dir='ltr'><strong>nisi</strong></span> <span class='ocrx_word' id='word_1_60' title='bbox 1353 1373 1429 1466; x_wconf 89' lang='lat' dir='ltr'><strong>ejus</strong></span> <span class='ocrx_word' id='word_1_61' title='bbox 1441 1372 1601 1444; x_wconf 74' lang='lat' dir='ltr'><strong>executio</strong></span> <span class='ocrx_word' id='word_1_62' title='bbox 1612 1381 1826 1468; x_wconf 79' lang='lat' dir='ltr'><strong>sequeretur,</strong></span> <span class='ocrx_word' id='word_1_63' title='bbox 1840 1371 1968 1466; x_wconf 91' lang='lat' dir='ltr'><strong>etquia</strong></span> 
     </span>
     <span class='ocr_line' id='line_1_8' title="bbox 559 1489 1968 1587; baseline 0.003 -27"><span class='ocrx_word' id='word_1_64' title='bbox 559 1489 705 1583; x_wconf 83' lang='lat' dir='ltr'><strong>singulis</strong></span> <span class='ocrx_word' id='word_1_65' title='bbox 725 1491 860 1586; x_wconf 90' lang='lat' dir='ltr'><strong>imperii</strong></span> <span class='ocrx_word' id='word_1_66' title='bbox 876 1493 981 1566; x_wconf 82' lang='lat' dir='ltr'><strong>nostri</strong></span> <span class='ocrx_word' id='word_1_67' title='bbox 999 1493 1161 1568; x_wconf 83' lang='lat' dir='ltr'><strong>fidelibus</strong></span> <span class='ocrx_word' id='word_1_68' title='bbox 1180 1495 1215 1566; x_wconf 92' lang='lat' dir='ltr'><strong>in</strong></span> <span class='ocrx_word' id='word_1_69' title='bbox 1230 1495 1304 1568; x_wconf 91' lang='lat' dir='ltr'><strong>suis</strong></span> <span class='ocrx_word' id='word_1_70' title='bbox 1316 1495 1458 1587; x_wconf 89' lang='lat' dir='ltr'><strong>justitiis</strong></span> <span class='ocrx_word' id='word_1_71' title='bbox 1476 1505 1632 1568; x_wconf 87' lang='lat' dir='ltr'><strong>tenemur</strong></span> <span class='ocrx_word' id='word_1_72' title='bbox 1650 1495 1790 1587; x_wconf 86' lang='lat' dir='ltr'><strong>adesse,</strong></span> <span class='ocrx_word' id='word_1_73' title='bbox 1811 1494 1968 1568; x_wconf 85' lang='lat' dir='ltr'><strong>fidelitati</strong></span> 
     </span>
     <span class='ocr_line' id='line_1_9' title="bbox 558 1612 1968 1714; baseline 0.004 -30"><span class='ocrx_word' id='word_1_74' title='bbox 558 1621 670 1685; x_wconf 84' lang='lat' dir='ltr'><strong>vestra</strong></span> <span class='ocrx_word' id='word_1_75' title='bbox 694 1612 836 1687; x_wconf 85' lang='lat' dir='ltr'><strong>firmiter</strong></span> <span class='ocrx_word' id='word_1_76' title='bbox 862 1616 1085 1711; x_wconf 82' lang='lat' dir='ltr'><strong>precipiendo</strong></span> <span class='ocrx_word' id='word_1_77' title='bbox 1111 1617 1316 1691; x_wconf 84' lang='lat' dir='ltr'><strong>mandamus</strong></span> <span class='ocrx_word' id='word_1_78' title='bbox 1338 1619 1502 1714; x_wconf 80' lang='lat' dir='ltr'><strong>quatinus</strong></span> <span class='ocrx_word' id='word_1_79' title='bbox 1523 1640 1603 1692; x_wconf 89' lang='lat' dir='ltr'><strong>cum</strong></span> <span class='ocrx_word' id='word_1_80' title='bbox 1624 1618 1715 1692; x_wconf 89' lang='lat' dir='ltr'><strong>dicte</strong></span> <span class='ocrx_word' id='word_1_81' title='bbox 1734 1617 1968 1714; x_wconf 84' lang='lat' dir='ltr'><strong>possessiones</strong></span> 
     </span>
     <span class='ocr_line' id='line_1_10' title="bbox 557 1737 1967 1836; baseline 0.006 -30"><span class='ocrx_word' id='word_1_82' title='bbox 557 1759 662 1832; x_wconf 89' lang='lat' dir='ltr'><strong>super</strong></span> <span class='ocrx_word' id='word_1_83' title='bbox 676 1737 806 1832; x_wconf 86' lang='lat' dir='ltr'><strong>quibua</strong></span> <span class='ocrx_word' id='word_1_84' title='bbox 822 1740 990 1814; x_wconf 90' lang='lat' dir='ltr'><strong>sententia</strong></span> <span class='ocrx_word' id='word_1_85' title='bbox 1012 1741 1079 1814; x_wconf 89' lang='lat' dir='ltr'><strong>lata</strong></span> <span class='ocrx_word' id='word_1_86' title='bbox 1104 1741 1170 1812; x_wconf 85' lang='lat' dir='ltr'><strong>tuit</strong></span> <span class='ocrx_word' id='word_1_87' title='bbox 1187 1741 1254 1815; x_wconf 89' lang='lat' dir='ltr'><strong>snb</strong></span> <span class='ocrx_word' id='word_1_88' title='bbox 1272 1741 1510 1836; x_wconf 86' lang='lat' dir='ltr'><strong>jurisdictione</strong></span> <span class='ocrx_word' id='word_1_89' title='bbox 1534 1751 1647 1816; x_wconf 85' lang='lat' dir='ltr'><strong>vestra</strong></span> <span class='ocrx_word' id='word_1_90' title='bbox 1662 1741 1810 1816; x_wconf 76' lang='lat' dir='ltr'><strong>existere</strong></span> <span class='ocrx_word' id='word_1_91' title='bbox 1823 1741 1967 1815; x_wconf 87' lang='lat' dir='ltr'><strong>videau-</strong></span> 
     </span>
     <span class='ocr_line' id='line_1_11' title="bbox 557 1860 1967 1961; baseline 0.006 -32"><span class='ocrx_word' id='word_1_92' title='bbox 557 1870 632 1948; x_wconf 88' lang='lat' dir='ltr'><strong>tur,</strong></span> <span class='ocrx_word' id='word_1_93' title='bbox 659 1860 735 1932; x_wconf 88' lang='lat' dir='ltr'><strong>viso</strong></span> <span class='ocrx_word' id='word_1_94' title='bbox 760 1862 858 1956; x_wconf 86' lang='lat' dir='ltr'><strong>prius</strong></span> <span class='ocrx_word' id='word_1_95' title='bbox 879 1873 913 1934; x_wconf 90' lang='lat' dir='ltr'><strong>et</strong></span> <span class='ocrx_word' id='word_1_96' title='bbox 941 1863 1123 1957; x_wconf 82' lang='lat' dir='ltr'><strong>diiigenter</strong></span> <span class='ocrx_word' id='word_1_97' title='bbox 1148 1865 1303 1960; x_wconf 91' lang='lat' dir='ltr'><strong>inspecto</strong></span> <span class='ocrx_word' id='word_1_98' title='bbox 1322 1875 1439 1940; x_wconf 89' lang='lat' dir='ltr'><strong>tenore</strong></span> <span class='ocrx_word' id='word_1_99' title='bbox 1460 1863 1616 1961; x_wconf 82' lang='lat' dir='ltr'><strong>predicte</strong></span> <span class='ocrx_word' id='word_1_100' title='bbox 1634 1865 1820 1953; x_wconf 88' lang='lat' dir='ltr'><strong>sententie,</strong></span> <span class='ocrx_word' id='word_1_101' title='bbox 1839 1865 1967 1940; x_wconf 82' lang='lat' dir='ltr'><strong>dictam</strong></span> 
     </span>
     <span class='ocr_line' id='line_1_12' title="bbox 557 1983 1968 2080; baseline 0.004 -25"><span class='ocrx_word' id='word_1_102' title='bbox 557 1983 776 2073; x_wconf 85' lang='lat' dir='ltr'><strong>senteutiam,</strong></span> <span class='ocrx_word' id='word_1_103' title='bbox 791 1994 893 2078; x_wconf 83' lang='lat' dir='ltr'><strong>prout</strong></span> <span class='ocrx_word' id='word_1_104' title='bbox 903 1987 997 2077; x_wconf 87' lang='lat' dir='ltr'><strong>juste</strong></span> <span class='ocrx_word' id='word_1_105' title='bbox 1010 1989 1076 2060; x_wconf 88' lang='lat' dir='ltr'><strong>lata</strong></span> <span class='ocrx_word' id='word_1_106' title='bbox 1090 1989 1166 2080; x_wconf 80' lang='lat' dir='ltr'><strong>init,</strong></span> <span class='ocrx_word' id='word_1_107' title='bbox 1183 1990 1380 2062; x_wconf 83' lang='lat' dir='ltr'><strong>executioni</strong></span> <span class='ocrx_word' id='word_1_108' title='bbox 1392 1989 1509 2063; x_wconf 87' lang='lat' dir='ltr'><strong>debite</strong></span> <span class='ocrx_word' id='word_1_109' title='bbox 1524 1988 1734 2062; x_wconf 85' lang='lat' dir='ltr'><strong>demandare</strong></span> <span class='ocrx_word' id='word_1_110' title='bbox 1746 1987 1886 2079; x_wconf 91' lang='lat' dir='ltr'><strong>curetis,</strong></span> <span class='ocrx_word' id='word_1_111' title='bbox 1905 1987 1968 2060; x_wconf 87' lang='lat' dir='ltr'><strong>de·</strong></span> 
     </span>
     <span class='ocr_line' id='line_1_13' title="bbox 559 2105 1968 2206; baseline 0.005 -30"><span class='ocrx_word' id='word_1_112' title='bbox 559 2105 738 2178; x_wconf 84' lang='lat' dir='ltr'><strong>tendentes</strong></span> <span class='ocrx_word' id='word_1_113' title='bbox 757 2108 851 2202; x_wconf 87' lang='lat' dir='ltr'><strong>ipsos</strong></span> <span class='ocrx_word' id='word_1_114' title='bbox 875 2107 911 2178; x_wconf 91' lang='lat' dir='ltr'><strong>iu</strong></span> <span class='ocrx_word' id='word_1_115' title='bbox 935 2109 1186 2204; x_wconf 88' lang='lat' dir='ltr'><strong>possessionem</strong></span> <span class='ocrx_word' id='word_1_116' title='bbox 1207 2133 1321 2186; x_wconf 89' lang='lat' dir='ltr'><strong>rerum</strong></span> <span class='ocrx_word' id='word_1_117' title='bbox 1349 2111 1492 2185; x_wconf 87' lang='lat' dir='ltr'><strong>istarum</strong></span> <span class='ocrx_word' id='word_1_118' title='bbox 1515 2111 1724 2206; x_wconf 80' lang='lat' dir='ltr'><strong>assignatam</strong></span> <span class='ocrx_word' id='word_1_119' title='bbox 1749 2111 1879 2184; x_wconf 85' lang='lat' dir='ltr'><strong>scilicet</strong></span> <span class='ocrx_word' id='word_1_120' title='bbox 1906 2132 1968 2206; x_wconf 88' lang='lat' dir='ltr'><strong>per</strong></span> 
     </span>
     <span class='ocr_line' id='line_1_14' title="bbox 560 2229 1967 2332; baseline 0.006 -33"><span class='ocrx_word' id='word_1_121' title='bbox 560 2229 719 2303; x_wconf 89' lang='lat' dir='ltr'><strong>nuntium</strong></span> <span class='ocrx_word' id='word_1_122' title='bbox 740 2231 823 2305; x_wconf 92' lang='lat' dir='ltr'><strong>dicti</strong></span> <span class='ocrx_word' id='word_1_123' title='bbox 844 2233 1010 2306; x_wconf 86' lang='lat' dir='ltr'><strong>Everardi</strong></span> <span class='ocrx_word' id='word_1_124' title='bbox 1028 2237 1131 2327; x_wconf 90' lang='lat' dir='ltr'><strong>juxta</strong></span> <span class='ocrx_word' id='word_1_125' title='bbox 1153 2245 1305 2308; x_wconf 90' lang='lat' dir='ltr'><strong>tenorem</strong></span> <span class='ocrx_word' id='word_1_126' title='bbox 1326 2237 1492 2310; x_wconf 90' lang='lat' dir='ltr'><strong>sententie</strong></span> <span class='ocrx_word' id='word_1_127' title='bbox 1508 2235 1635 2332; x_wconf 65' lang='lat' dir='ltr'><strong>ipsium</strong></span> <span class='ocrx_word' id='word_1_128' title='bbox 1651 2246 1778 2310; x_wconf 77' lang='lat' dir='ltr'><strong>etecm</strong></span> <span class='ocrx_word' id='word_1_129' title='bbox 1791 2234 1888 2332; x_wconf 92' lang='lat' dir='ltr'><strong>quod</strong></span> <span class='ocrx_word' id='word_1_130' title='bbox 1905 2234 1967 2308; x_wconf 92' lang='lat' dir='ltr'><strong>da·</strong></span> 
     </span>
     <span class='ocr_line' id='line_1_15' title="bbox 558 2356 1967 2448; baseline 0.006 -24"><span class='ocrx_word' id='word_1_131' title='bbox 558 2374 637 2426; x_wconf 90' lang='lat' dir='ltr'><strong>mus</strong></span> <span class='ocrx_word' id='word_1_132' title='bbox 653 2356 813 2448; x_wconf 91' lang='lat' dir='ltr'><strong>potestati</strong></span> <span class='ocrx_word' id='word_1_133' title='bbox 839 2357 1004 2430; x_wconf 89' lang='lat' dir='ltr'><strong>Lucoensi</strong></span> <span class='ocrx_word' id='word_1_134' title='bbox 1029 2359 1154 2431; x_wconf 89' lang='lat' dir='ltr'><strong>nostris</strong></span> <span class='ocrx_word' id='word_1_135' title='bbox 1179 2359 1300 2432; x_wconf 86' lang='lat' dir='ltr'><strong>litteris</strong></span> <span class='ocrx_word' id='word_1_136' title='bbox 1317 2360 1354 2431; x_wconf 92' lang='lat' dir='ltr'><strong>in</strong></span> <span class='ocrx_word' id='word_1_137' title='bbox 1377 2359 1550 2435; x_wconf 90' lang='lat' dir='ltr'><strong>mandatis</strong></span> <span class='ocrx_word' id='word_1_138' title='bbox 1570 2369 1609 2432; x_wconf 91' lang='lat' dir='ltr'><strong>nt</strong></span> <span class='ocrx_word' id='word_1_139' title='bbox 1632 2361 1668 2432; x_wconf 92' lang='lat' dir='ltr'><strong>in</strong></span> <span class='ocrx_word' id='word_1_140' title='bbox 1691 2359 1828 2433; x_wconf 83' lang='lat' dir='ltr'><strong>deiectu</strong></span> <span class='ocrx_word' id='word_1_141' title='bbox 1852 2368 1967 2433; x_wconf 82' lang='lat' dir='ltr'><strong>vestm</strong></span> 
     </span>
     <span class='ocr_line' id='line_1_16' title="bbox 557 2477 1429 2574; baseline 0.008 -27"><span class='ocrx_word' id='word_1_142' title='bbox 557 2477 759 2549; x_wconf 88' lang='lat' dir='ltr'><strong>sententiam</strong></span> <span class='ocrx_word' id='word_1_143' title='bbox 775 2479 884 2574; x_wconf 91' lang='lat' dir='ltr'><strong>ipsam</strong></span> <span class='ocrx_word' id='word_1_144' title='bbox 900 2479 1025 2553; x_wconf 88' lang='lat' dir='ltr'><strong>debeat</strong></span> <span class='ocrx_word' id='word_1_145' title='bbox 1037 2482 1234 2554; x_wconf 86' lang='lat' dir='ltr'><strong>executioni</strong></span> <span class='ocrx_word' id='word_1_146' title='bbox 1252 2483 1429 2556; x_wconf 85' lang='lat' dir='ltr'><strong>mandam.</strong></span> 
     </span>
     <span class='ocr_line' id='line_1_17' title="bbox 605 2603 1368 2699; baseline 0.008 -27"><span class='ocrx_word' id='word_1_147' title='bbox 605 2603 729 2674; x_wconf 86' lang='lat' dir='ltr'><strong>Datum</strong></span> <span class='ocrx_word' id='word_1_148' title='bbox 748 2603 884 2698; x_wconf 84' lang='lat' dir='ltr'><strong>Capua,</strong></span> <span class='ocrx_word' id='word_1_149' title='bbox 900 2603 959 2676; x_wconf 79' lang='lat'><strong>111⁰</strong></span> <span class='ocrx_word' id='word_1_150' title='bbox 968 2605 1079 2699; x_wconf 87' lang='lat' dir='ltr'><strong>junii,</strong></span> <span class='ocrx_word' id='word_1_151' title='bbox 1098 2605 1153 2678; x_wconf 85' lang='grc' dir='ltr'>ΙΙΙ·</span> <span class='ocrx_word' id='word_1_152' title='bbox 1170 2605 1368 2681; x_wconf 84' lang='lat' dir='ltr'><strong>indictione.</strong></span> 
     </span>
    </p>
   </div>
   <div class='ocr_carea' id='block_1_3' title="bbox 768 2919 1754 2932">
    <p class='ocr_par' dir='ltr' id='par_1_3' title="bbox 768 2919 1754 2932">
     <span class='ocr_line' id='line_1_18' title="bbox 768 2919 1754 2932; baseline 0 -2"><span class='ocrx_word' id='word_1_153' title='bbox 768 2921 1106 2932; x_wconf 53' lang='lat' dir='ltr'><strong>mam-amn·</strong></span> <span class='ocrx_word' id='word_1_154' title='bbox 1110 2925 1115 2930; x_wconf 88' lang='lat'><em>-</em></span> <span class='ocrx_word' id='word_1_155' title='bbox 1119 2924 1230 2932; x_wconf 55' lang='grc' dir='ltr'><strong>*ια-</strong></span> <span class='ocrx_word' id='word_1_156' title='bbox 1234 2923 1408 2932; x_wconf 60' lang='grc' dir='ltr'><strong>...ι-ο...-</strong></span> <span class='ocrx_word' id='word_1_157' title='bbox 1412 2923 1574 2932; x_wconf 54' lang='lat' dir='ltr'><strong>unna-m-</strong></span> <span class='ocrx_word' id='word_1_158' title='bbox 1578 2921 1614 2930; x_wconf 67' lang='grc' dir='ltr'><strong>--ι</strong></span> <span class='ocrx_word' id='word_1_159' title='bbox 1618 2922 1628 2930; x_wconf 72' lang='grc' dir='ltr'><strong><em>ο</em></strong></span> <span class='ocrx_word' id='word_1_160' title='bbox 1632 2919 1754 2932; x_wconf 59' lang='grc' dir='ltr'><strong>σοι’-υ·-</strong></span> 
     </span>
    </p>
   </div>
   <div class='ocr_carea' id='block_1_4' title="bbox 458 3210 1966 3722">
    <p class='ocr_par' dir='ltr' id='par_1_4' title="bbox 458 3210 1966 3722">
     <span class='ocr_line' id='line_1_19' title="bbox 458 3210 1966 3321; baseline 0.005 -29"><span class='ocrx_word' id='word_1_161' title='bbox 458 3223 483 3254; x_wconf 85' lang='grc'><strong>··</strong></span> <span class='ocrx_word' id='word_1_162' title='bbox 613 3210 845 3316; x_wconf 87' lang='lat' dir='ltr'><strong>Fridericus,</strong></span> <span class='ocrx_word' id='word_1_163' title='bbox 863 3210 1123 3294; x_wconf 85' lang='lat' dir='ltr'><strong>Romanomm</strong></span> <span class='ocrx_word' id='word_1_164' title='bbox 1138 3213 1367 3321; x_wconf 87' lang='lat' dir='ltr'><strong>imperator,</strong></span> <span class='ocrx_word' id='word_1_165' title='bbox 1392 3215 1640 3300; x_wconf 86' lang='lat' dir='ltr'><strong>Studensibus</strong></span> <span class='ocrx_word' id='word_1_166' title='bbox 1660 3215 1790 3300; x_wconf 89' lang='lat' dir='ltr'><strong>scribit</strong></span> <span class='ocrx_word' id='word_1_167' title='bbox 1804 3217 1966 3302; x_wconf 90' lang='lat' dir='ltr'><strong>laudans</strong></span> 
     </span>
     <span class='ocr_line' id='line_1_20' title="bbox 559 3344 1966 3460; baseline 0.002 -31"><span class='ocrx_word' id='word_1_168' title='bbox 559 3369 624 3430; x_wconf 90' lang='lat' dir='ltr'><strong>eos</strong></span> <span class='ocrx_word' id='word_1_169' title='bbox 653 3346 758 3455; x_wconf 90' lang='lat' dir='ltr'><strong>quod</strong></span> <span class='ocrx_word' id='word_1_170' title='bbox 788 3344 973 3426; x_wconf 85' lang='lat' dir='ltr'><strong>auxilium</strong></span> <span class='ocrx_word' id='word_1_171' title='bbox 997 3345 1122 3426; x_wconf 90' lang='lat' dir='ltr'><strong>ordini</strong></span> <span class='ocrx_word' id='word_1_172' title='bbox 1150 3345 1469 3442; x_wconf 79' lang='lat' dir='ltr'><strong>Thentonicorum</strong></span> <span class='ocrx_word' id='word_1_173' title='bbox 1495 3349 1744 3454; x_wconf 86' lang='lat' dir='ltr'><strong>contulerint,</strong></span> <span class='ocrx_word' id='word_1_174' title='bbox 1776 3349 1966 3460; x_wconf 88' lang='lat' dir='ltr'><strong>simulque</strong></span> 
     </span>
     <span class='ocr_line' id='line_1_21' title="bbox 559 3469 1966 3592; baseline 0.003 -30"><span class='ocrx_word' id='word_1_175' title='bbox 559 3478 717 3562; x_wconf 89' lang='lat' dir='ltr'><strong>mandat</strong></span> <span class='ocrx_word' id='word_1_176' title='bbox 730 3487 772 3560; x_wconf 91' lang='lat' dir='ltr'><strong>ut</strong></span> <span class='ocrx_word' id='word_1_177' title='bbox 785 3476 824 3558; x_wconf 93' lang='lat' dir='ltr'><strong>in</strong></span> <span class='ocrx_word' id='word_1_178' title='bbox 838 3469 1032 3586; x_wconf 87' lang='lat' dir='ltr'><strong>posterum</strong></span> <span class='ocrx_word' id='word_1_179' title='bbox 1046 3477 1223 3560; x_wconf 89' lang='lat' dir='ltr'><strong>cumdem</strong></span> <span class='ocrx_word' id='word_1_180' title='bbox 1236 3479 1408 3563; x_wconf 88' lang='lat' dir='ltr'><strong>ordinem</strong></span> <span class='ocrx_word' id='word_1_181' title='bbox 1421 3487 1622 3592; x_wconf 84' lang='lat' dir='ltr'><strong>protegant</strong></span> <span class='ocrx_word' id='word_1_182' title='bbox 1634 3490 1672 3564; x_wconf 91' lang='lat' dir='ltr'><strong>et</strong></span> <span class='ocrx_word' id='word_1_183' title='bbox 1686 3481 1725 3562; x_wconf 93' lang='lat' dir='ltr'><strong>in</strong></span> <span class='ocrx_word' id='word_1_184' title='bbox 1740 3480 1966 3566; x_wconf 82' lang='lat' dir='ltr'><strong>utilitatibus</strong></span> 
     </span>
     <span class='ocr_line' id='line_1_22' title="bbox 557 3613 915 3722; baseline -0.011 -26"><span class='ocrx_word' id='word_1_185' title='bbox 557 3613 640 3722; x_wconf 88' lang='lat' dir='ltr'><strong>ejus</strong></span> <span class='ocrx_word' id='word_1_186' title='bbox 655 3621 915 3722; x_wconf 84' lang='lat' dir='ltr'><strong>promoveant.</strong></span> 
     </span>
    </p>
   </div>
   <div class='ocr_carea' id='block_1_5' title="bbox 558 3927 1968 4778">
    <p class='ocr_par' dir='ltr' id='par_1_5' title="bbox 558 3927 1968 4778">
     <span class='ocr_line' id='line_1_23' title="bbox 559 3927 1966 4002; baseline 0.004 -18"><span class='ocrx_word' id='word_1_187' title='bbox 559 3950 573 3984; x_wconf 70' lang='grc' dir='ltr'><strong>ι</strong></span> <span class='ocrx_word' id='word_1_188' title='bbox 586 3931 620 3988; x_wconf 89' lang='lat' dir='ltr'><strong>ad</strong></span> <span class='ocrx_word' id='word_1_189' title='bbox 633 3945 665 3988; x_wconf 87' lang='lat' dir='ltr'><strong>os</strong></span> <span class='ocrx_word' id='word_1_190' title='bbox 676 3929 786 3987; x_wconf 84' lang='lat' dir='ltr'><strong>domiuo</strong></span> <span class='ocrx_word' id='word_1_191' title='bbox 799 3928 884 4002; x_wconf 80' lang='lat' dir='ltr'><strong>tigoni</strong></span> <span class='ocrx_word' id='word_1_192' title='bbox 894 3927 997 4002; x_wconf 82' lang='lat' dir='ltr'><strong>Ugoiini</strong></span> <span class='ocrx_word' id='word_1_193' title='bbox 1011 3927 1046 3984; x_wconf 90' lang='lat' dir='ltr'><strong>de</strong></span> <span class='ocrx_word' id='word_1_194' title='bbox 1058 3927 1186 3998; x_wconf 80' lang='lat' dir='ltr'><strong>Custedo,</strong></span> <span class='ocrx_word' id='word_1_195' title='bbox 1198 3927 1308 3986; x_wconf 66' lang='lat' dir='ltr'><strong>&amp;nond</strong></span> <span class='ocrx_word' id='word_1_196' title='bbox 1321 3929 1466 4002; x_wconf 82' lang='lat' dir='ltr'><strong>potestati,</strong></span> <span class='ocrx_word' id='word_1_197' title='bbox 1479 3930 1513 3985; x_wconf 87' lang='lat' dir='ltr'><strong>ad</strong></span> <span class='ocrx_word' id='word_1_198' title='bbox 1526 3943 1624 4002; x_wconf 86' lang='lat' dir='ltr'><strong>penam</strong></span> <span class='ocrx_word' id='word_1_199' title='bbox 1640 3930 1755 3988; x_wconf 78' lang='lat' dir='ltr'><strong>duonum</strong></span> <span class='ocrx_word' id='word_1_200' title='bbox 1766 3929 1880 3988; x_wconf 86' lang='lat' dir='ltr'><strong>millium</strong></span> <span class='ocrx_word' id='word_1_201' title='bbox 1891 3945 1966 3989; x_wconf 83' lang='lat' dir='ltr'><strong>mer-</strong></span> 
     </span>
     <span class='ocr_line' id='line_1_24' title="bbox 558 4023 1967 4102; baseline 0.001 -21"><span class='ocrx_word' id='word_1_202' title='bbox 558 4043 676 4086; x_wconf 78' lang='lat' dir='ltr'><strong>»carmn</strong></span> <span class='ocrx_word' id='word_1_203' title='bbox 690 4027 792 4100; x_wconf 63' lang='lat' dir='ltr'><strong>argenti</strong></span> <span class='ocrx_word' id='word_1_204' title='bbox 805 4031 835 4082; x_wconf 91' lang='lat' dir='ltr'><strong>ut</strong></span> <span class='ocrx_word' id='word_1_205' title='bbox 846 4025 970 4084; x_wconf 87' lang='lat' dir='ltr'><strong>homines</strong></span> <span class='ocrx_word' id='word_1_206' title='bbox 982 4032 1011 4082; x_wconf 89' lang='lat' dir='ltr'><strong>et</strong></span> <span class='ocrx_word' id='word_1_207' title='bbox 1021 4041 1136 4082; x_wconf 88' lang='lat' dir='ltr'><strong>comune</strong></span> <span class='ocrx_word' id='word_1_208' title='bbox 1149 4025 1231 4082; x_wconf 78' lang='lat' dir='ltr'><strong>matri</strong></span> <span class='ocrx_word' id='word_1_209' title='bbox 1242 4023 1340 4082; x_wconf 71' lang='lat' dir='ltr'><strong>dicatis</strong></span> <span class='ocrx_word' id='word_1_210' title='bbox 1353 4024 1470 4082; x_wconf 71' lang='lat' dir='ltr'><strong>nunant</strong></span> <span class='ocrx_word' id='word_1_211' title='bbox 1482 4026 1516 4083; x_wconf 90' lang='lat' dir='ltr'><strong>ds</strong></span> <span class='ocrx_word' id='word_1_212' title='bbox 1533 4032 1623 4082; x_wconf 88' lang='lat' dir='ltr'><strong>cetero</strong></span> <span class='ocrx_word' id='word_1_213' title='bbox 1644 4025 1743 4084; x_wconf 83' lang='lat' dir='ltr'><strong>haheat</strong></span> <span class='ocrx_word' id='word_1_214' title='bbox 1761 4033 1789 4084; x_wconf 87' lang='lat' dir='ltr'><strong>et</strong></span> <span class='ocrx_word' id='word_1_215' title='bbox 1811 4033 1900 4085; x_wconf 82' lang='lat' dir='ltr'><strong>tecam</strong></span> <span class='ocrx_word' id='word_1_216' title='bbox 1918 4043 1967 4102; x_wconf 89' lang='lat' dir='ltr'><strong>pru</strong></span> 
     </span>
     <span class='ocr_line' id='line_1_25' title="bbox 559 4121 1967 4196; baseline 0 -16"><span class='ocrx_word' id='word_1_217' title='bbox 559 4125 737 4183; x_wconf 78' lang='lat' dir='ltr'><strong>»exbannitis</strong></span> <span class='ocrx_word' id='word_1_218' title='bbox 758 4130 787 4181; x_wconf 88' lang='lat' dir='ltr'><strong>et</strong></span> <span class='ocrx_word' id='word_1_219' title='bbox 801 4123 917 4180; x_wconf 89' lang='lat' dir='ltr'><strong>inimicis</strong></span> <span class='ocrx_word' id='word_1_220' title='bbox 930 4122 1036 4196; x_wconf 87' lang='lat' dir='ltr'><strong>imperii</strong></span> <span class='ocrx_word' id='word_1_221' title='bbox 1053 4129 1081 4178; x_wconf 92' lang='lat' dir='ltr'><strong>et</strong></span> <span class='ocrx_word' id='word_1_222' title='bbox 1093 4137 1141 4180; x_wconf 83' lang='lat' dir='ltr'><strong>coa</strong></span> <span class='ocrx_word' id='word_1_223' title='bbox 1157 4121 1334 4178; x_wconf 80' lang='lat' dir='ltr'><strong>communiter</strong></span> <span class='ocrx_word' id='word_1_224' title='bbox 1347 4126 1375 4177; x_wconf 88' lang='lat' dir='ltr'><strong>et</strong></span> <span class='ocrx_word' id='word_1_225' title='bbox 1391 4121 1499 4179; x_wconf 82' lang='lat' dir='ltr'><strong>divisim</strong></span> <span class='ocrx_word' id='word_1_226' title='bbox 1515 4123 1632 4180; x_wconf 78' lang='lat' dir='ltr'><strong>offendat</strong></span> <span class='ocrx_word' id='word_1_227' title='bbox 1651 4129 1680 4180; x_wconf 89' lang='lat' dir='ltr'><strong>et</strong></span> <span class='ocrx_word' id='word_1_228' title='bbox 1699 4123 1798 4180; x_wconf 78' lang='lat' dir='ltr'><strong>offendi</strong></span> <span class='ocrx_word' id='word_1_229' title='bbox 1818 4124 1899 4181; x_wconf 77' lang='lat' dir='ltr'><strong>facim</strong></span> <span class='ocrx_word' id='word_1_230' title='bbox 1916 4137 1967 4196; x_wconf 92' lang='lat' dir='ltr'><strong>pro</strong></span> 
     </span>
     <span class='ocr_line' id='line_1_26' title="bbox 561 4216 1967 4296; baseline 0.003 -22"><span class='ocrx_word' id='word_1_231' title='bbox 561 4237 669 4296; x_wconf 83' lang='lat' dir='ltr'><strong>»posse</strong></span> <span class='ocrx_word' id='word_1_232' title='bbox 682 4237 731 4278; x_wconf 86' lang='lat' dir='ltr'><strong>sno</strong></span> <span class='ocrx_word' id='word_1_233' title='bbox 745 4227 773 4277; x_wconf 90' lang='lat' dir='ltr'><strong>et</strong></span> <span class='ocrx_word' id='word_1_234' title='bbox 785 4221 908 4278; x_wconf 88' lang='lat' dir='ltr'><strong>comunis</strong></span> <span class='ocrx_word' id='word_1_235' title='bbox 920 4219 1047 4278; x_wconf 87' lang='lat' dir='ltr'><strong>Senensis</strong></span> <span class='ocrx_word' id='word_1_236' title='bbox 1061 4220 1087 4274; x_wconf 91' lang='lat' dir='ltr'><strong>iu</strong></span> <span class='ocrx_word' id='word_1_237' title='bbox 1100 4217 1222 4291; x_wconf 79' lang='lat' dir='ltr'><strong>pemords</strong></span> <span class='ocrx_word' id='word_1_238' title='bbox 1230 4224 1259 4274; x_wconf 91' lang='lat' dir='ltr'><strong>ct</strong></span> <span class='ocrx_word' id='word_1_239' title='bbox 1270 4216 1362 4288; x_wconf 88' lang='lat' dir='ltr'><strong>rebus,</strong></span> <span class='ocrx_word' id='word_1_240' title='bbox 1378 4225 1407 4274; x_wconf 91' lang='lat' dir='ltr'><strong>et</strong></span> <span class='ocrx_word' id='word_1_241' title='bbox 1419 4235 1541 4291; x_wconf 81' lang='lat' dir='ltr'><strong>guerram</strong></span> <span class='ocrx_word' id='word_1_242' title='bbox 1554 4219 1646 4290; x_wconf 79' lang='lat' dir='ltr'><strong>iaciat,</strong></span> <span class='ocrx_word' id='word_1_243' title='bbox 1661 4227 1690 4276; x_wconf 87' lang='lat' dir='ltr'><strong>ct</strong></span> <span class='ocrx_word' id='word_1_244' title='bbox 1702 4221 1824 4278; x_wconf 81' lang='lat' dir='ltr'><strong>devastet</strong></span> <span class='ocrx_word' id='word_1_245' title='bbox 1840 4226 1869 4277; x_wconf 88' lang='lat' dir='ltr'><strong>et</strong></span> <span class='ocrx_word' id='word_1_246' title='bbox 1879 4221 1967 4294; x_wconf 88' lang='lat' dir='ltr'><strong>cupiat</strong></span> 
     </span>
     <span class='ocr_line' id='line_1_27' title="bbox 560 4314 1968 4392; baseline 0.003 -22"><span class='ocrx_word' id='word_1_247' title='bbox 560 4325 714 4390; x_wconf 71' lang='lat' dir='ltr'><strong>»unquam</strong></span> <span class='ocrx_word' id='word_1_248' title='bbox 731 4317 854 4374; x_wconf 87' lang='lat' dir='ltr'><strong>inimicos</strong></span> <span class='ocrx_word' id='word_1_249' title='bbox 867 4322 895 4374; x_wconf 88' lang='lat' dir='ltr'><strong>et</strong></span> <span class='ocrx_word' id='word_1_250' title='bbox 912 4317 1071 4374; x_wconf 85' lang='lat' dir='ltr'><strong>exbannitos</strong></span> <span class='ocrx_word' id='word_1_251' title='bbox 1089 4315 1194 4389; x_wconf 89' lang='lat' dir='ltr'><strong>imperii</strong></span> <span class='ocrx_word' id='word_1_252' title='bbox 1215 4321 1244 4372; x_wconf 89' lang='lat' dir='ltr'><strong>et</strong></span> <span class='ocrx_word' id='word_1_253' title='bbox 1261 4314 1390 4387; x_wconf 82' lang='lat' dir='ltr'><strong>rebellas,</strong></span> <span class='ocrx_word' id='word_1_254' title='bbox 1412 4331 1461 4389; x_wconf 94' lang='lat' dir='ltr'><strong>pro</strong></span> <span class='ocrx_word' id='word_1_255' title='bbox 1481 4333 1514 4374; x_wconf 91' lang='lat' dir='ltr'><strong>eo</strong></span> <span class='ocrx_word' id='word_1_256' title='bbox 1531 4318 1605 4390; x_wconf 91' lang='lat' dir='ltr'><strong>quod</strong></span> <span class='ocrx_word' id='word_1_257' title='bbox 1624 4324 1796 4392; x_wconf 84' lang='lat' dir='ltr'><strong>preterquam</strong></span> <span class='ocrx_word' id='word_1_258' title='bbox 1810 4319 1968 4390; x_wconf 84' lang='lat' dir='ltr'><strong>juraverunt</strong></span> 
     </span>
     <span class='ocr_line' id='line_1_28' title="bbox 562 4413 1963 4490; baseline 0.001 -21"><span class='ocrx_word' id='word_1_259' title='bbox 562 4431 681 4490; x_wconf 78' lang='lat' dir='ltr'><strong>»parcre</strong></span> <span class='ocrx_word' id='word_1_260' title='bbox 694 4421 723 4472; x_wconf 89' lang='lat' dir='ltr'><strong>et</strong></span> <span class='ocrx_word' id='word_1_261' title='bbox 732 4421 805 4472; x_wconf 87' lang='lat' dir='ltr'><strong>stare</strong></span> <span class='ocrx_word' id='word_1_262' title='bbox 818 4415 952 4472; x_wconf 85' lang='lat' dir='ltr'><strong>mandatis</strong></span> <span class='ocrx_word' id='word_1_263' title='bbox 971 4415 1031 4487; x_wconf 84' lang='lat' dir='ltr'><strong>ejus</strong></span> <span class='ocrx_word' id='word_1_264' title='bbox 1050 4429 1104 4472; x_wconf 92' lang='lat' dir='ltr'><strong>non</strong></span> <span class='ocrx_word' id='word_1_265' title='bbox 1121 4419 1270 4487; x_wconf 86' lang='lat' dir='ltr'><strong>paruerunt</strong></span> <span class='ocrx_word' id='word_1_266' title='bbox 1282 4420 1311 4471; x_wconf 89' lang='lat' dir='ltr'><strong>st</strong></span> <span class='ocrx_word' id='word_1_267' title='bbox 1322 4413 1404 4470; x_wconf 89' lang='lat' dir='ltr'><strong>immo</strong></span> <span class='ocrx_word' id='word_1_268' title='bbox 1417 4414 1588 4488; x_wconf 81' lang='lat' dir='ltr'><strong>degenerant.</strong></span> <span class='ocrx_word' id='word_1_269' title='bbox 1606 4415 1703 4471; x_wconf 73' lang='lat' dir='ltr'><strong>Actum</strong></span> <span class='ocrx_word' id='word_1_270' title='bbox 1715 4415 1742 4470; x_wconf 87' lang='lat' dir='ltr'><strong>in</strong></span> <span class='ocrx_word' id='word_1_271' title='bbox 1758 4415 1864 4472; x_wconf 86' lang='lat' dir='ltr'><strong>civitate</strong></span> <span class='ocrx_word' id='word_1_272' title='bbox 1877 4413 1963 4484; x_wconf 87' lang='lat' dir='ltr'><strong>Senis,</strong></span> 
     </span>
     <span class='ocr_line' id='line_1_29' title="bbox 562 4509 1964 4584; baseline 0.001 -18"><span class='ocrx_word' id='word_1_273' title='bbox 562 4532 576 4566; x_wconf 72' lang='lat' dir='ltr'><strong>s</strong></span> <span class='ocrx_word' id='word_1_274' title='bbox 589 4513 618 4569; x_wconf 87' lang='lat' dir='ltr'><strong>in</strong></span> <span class='ocrx_word' id='word_1_275' title='bbox 629 4513 709 4570; x_wconf 90' lang='lat' dir='ltr'><strong>domo</strong></span> <span class='ocrx_word' id='word_1_276' title='bbox 719 4511 833 4569; x_wconf 84' lang='lat' dir='ltr'><strong>fitiorum</strong></span> <span class='ocrx_word' id='word_1_277' title='bbox 842 4509 1095 4580; x_wconf 71' lang='lat' dir='ltr'><strong>admuniOstiarii,</strong></span> <span class='ocrx_word' id='word_1_278' title='bbox 1104 4510 1273 4584; x_wconf 82' lang='lat' dir='ltr'><strong>presentibus</strong></span> <span class='ocrx_word' id='word_1_279' title='bbox 1284 4510 1410 4584; x_wconf 80' lang='lat' dir='ltr'><strong>ttalpiliio</strong></span> <span class='ocrx_word' id='word_1_280' title='bbox 1418 4510 1453 4566; x_wconf 88' lang='lat' dir='ltr'><strong>da</strong></span> <span class='ocrx_word' id='word_1_281' title='bbox 1460 4511 1558 4568; x_wconf 75' lang='lat' dir='ltr'><strong>Saudo</strong></span> <span class='ocrx_word' id='word_1_282' title='bbox 1570 4511 1686 4582; x_wconf 76' lang='lat' dir='ltr'><strong>ttiniate,</strong></span> <span class='ocrx_word' id='word_1_283' title='bbox 1696 4511 1815 4568; x_wconf 70' lang='lat' dir='ltr'><strong>Iohanne</strong></span> <span class='ocrx_word' id='word_1_284' title='bbox 1826 4511 1860 4568; x_wconf 87' lang='lat' dir='ltr'><strong>de</strong></span> <span class='ocrx_word' id='word_1_285' title='bbox 1873 4511 1964 4583; x_wconf 69' lang='lat' dir='ltr'><strong>Regio,</strong></span> 
     </span>
     <span class='ocr_line' id='line_1_30' title="bbox 561 4605 1964 4679; baseline 0.004 -21"><span class='ocrx_word' id='word_1_286' title='bbox 561 4629 574 4658; x_wconf 69' lang='grc' dir='ltr'>ι</span> <span class='ocrx_word' id='word_1_287' title='bbox 588 4607 695 4665; x_wconf 82' lang='lat' dir='ltr'><strong>ltatheo</strong></span> <span class='ocrx_word' id='word_1_288' title='bbox 707 4608 741 4665; x_wconf 88' lang='lat' dir='ltr'><strong>dc</strong></span> <span class='ocrx_word' id='word_1_289' title='bbox 755 4607 853 4664; x_wconf 91' lang='lat' dir='ltr'><strong>Sancto</strong></span> <span class='ocrx_word' id='word_1_290' title='bbox 865 4607 989 4676; x_wconf 78' lang='lat' dir='ltr'><strong>Ministe,</strong></span> <span class='ocrx_word' id='word_1_291' title='bbox 1000 4607 1118 4664; x_wconf 82' lang='lat' dir='ltr'><strong>tronm</strong></span> <span class='ocrx_word' id='word_1_292' title='bbox 1129 4607 1308 4678; x_wconf 85' lang='lat' dir='ltr'><strong>Theutonico,</strong></span> <span class='ocrx_word' id='word_1_293' title='bbox 1323 4614 1352 4664; x_wconf 87' lang='lat' dir='ltr'><strong>et</strong></span> <span class='ocrx_word' id='word_1_294' title='bbox 1366 4606 1486 4679; x_wconf 83' lang='lat' dir='ltr'><strong>pluribus</strong></span> <span class='ocrx_word' id='word_1_295' title='bbox 1499 4607 1558 4665; x_wconf 84' lang='lat' dir='ltr'><strong>aliis</strong></span> <span class='ocrx_word' id='word_1_296' title='bbox 1572 4605 1685 4664; x_wconf 69' lang='lat' dir='ltr'><strong>tentibus</strong></span> <span class='ocrx_word' id='word_1_297' title='bbox 1697 4607 1798 4679; x_wconf 83' lang='lat' dir='ltr'><strong>rogatis</strong></span> <span class='ocrx_word' id='word_1_298' title='bbox 1810 4614 1840 4663; x_wconf 88' lang='lat' dir='ltr'><strong>et</strong></span> <span class='ocrx_word' id='word_1_299' title='bbox 1851 4605 1964 4665; x_wconf 72' lang='lat' dir='ltr'><strong>vocatia</strong></span> 
     </span>
     <span class='ocr_line' id='line_1_31' title="bbox 560 4704 1028 4778; baseline 0 -18"><span class='ocrx_word' id='word_1_300' title='bbox 560 4725 574 4760; x_wconf 79' lang='lat' dir='ltr'><strong>n</strong></span> <span class='ocrx_word' id='word_1_301' title='bbox 588 4705 688 4778; x_wconf 80' lang='lat' dir='ltr'><strong>-Rgo</strong></span> <span class='ocrx_word' id='word_1_302' title='bbox 699 4704 874 4774; x_wconf 71' lang='lat' dir='ltr'><strong>Aliimannut,</strong></span> <span class='ocrx_word' id='word_1_303' title='bbox 889 4709 921 4762; x_wconf 81' lang='lat' dir='ltr'><strong>ot</strong></span> <span class='ocrx_word' id='word_1_304' title='bbox 933 4717 1028 4778; x_wconf 69' lang='lat' dir='ltr'><strong>tum.</strong></span> 
     </span>
    </p>
   </div>
   <div class='ocr_carea' id='block_1_6' title="bbox 0 0 2326 6106">
    <p class='ocr_par' dir='ltr' id='par_1_6' title="bbox 0 0 2326 6106">
     <span class='ocr_line' id='line_1_32' title="bbox 0 0 2326 6106; baseline 0 0"><span class='ocrx_word' id='word_1_305' title='bbox 0 0 2326 6106; x_wconf 95' lang='lat' dir='ltr'><strong> </strong></span> 
     </span>
    </p>
   </div>
  </div>
 </body>
</html>
