4710 6076
348 569 356 581 ’
405 609 565 694 raama]
851 603 1050 667 arsronra
1072 602 1362 667 nrrnonarrca

621 893 1014 908 m

459 1201 644 1288 chrions
659 1203 920 1288 Romanorum
937 1223 1005 1282 res
1017 1196 1258 1280 collationem
1270 1195 1384 1280 villae
1395 1196 1624 1308 Kadelcemp
1640 1199 1818 1286 ecclesiae
1865 1223 1990 1334 pgpfiepp

405 1335 747 1422 Frankenfordensi
760 1335 800 1416 in
815 1333 981 1444 antiquis
994 1331 1229 1442 temporibus
1243 1355 1267 1414 a
1282 1331 1632 1442 praedecessoribus
1647 1333 1726 1417 suis
1739 1333 1817 1418 lac·

405 1480 486 1556 tam
499 1468 711 1554 confirmat.

487 1681 662 1764 (Edldarunt
679 1683 903 1756 Wununwms,
926 1681 1035 1742 bioca.
1053 1679 1187 1760 lloynnt.
1201 1677 1236 1738 io
1253 1675 1408 1740 mltddu
1423 1676 1566 1756 distinct„
1585 1688 1609 1742 t.
1625 1683 1673 1757 11,
1693 1700 1726 1761 p.
1742 1693 1815 1758 lat,

525 1797 560 1851 a·
575 1797 643 1850 aas.
652 1819 693 1836 -
705 1789 865 1862 mma,
883 1784 955 1850 eod.
968 1781 1117 1866 dpbmat.
1129 1781 1419 1866 consument,
1433 1791 1458 1847 t.
1470 1787 1497 1862 1,
1511 1805 1541 1866 p.
1557 1787 1627 1866 ss.)

457 1973 627 2048 Henricns
637 1971 702 2044 Dei
719 1971 828 2066 gratia
842 1971 1074 2082 Romanorum
1088 1991 1152 2044 rex
1165 1979 1201 2044 et
1213 1989 1349 2066 semper
1362 1982 1544 2064 angustus,
1562 1972 1735 2047 universis
1746 1983 1817 2048 tam

407 2097 625 2196 presentibus
639 2115 745 2192 quam
759 2095 884 2168 tuturis
901 2095 969 2168 boc
982 2115 1124 2190 presens
1140 2094 1306 2192 scriptum
1323 2095 1530 2190 inspecturis
1547 2096 1583 2168 in
1597 2107 1821 2194 perpetuum.

408 2223 495 2298 Cum
509 2220 662 2318 quedam
681 2220 841 2294 villecula
858 2221 998 2294 nomine
1018 2219 1230 2316 Kadelcamp
1249 2215 1304 2316 (l)
1320 2219 1357 2292 in
1374 2220 1526 2314 quadam
1543 2231 1658 2298 nostra
1675 2223 1819 2298 comicia

408 2349 474 2422 sita
490 2344 972 2442 apredecessoribusnostris,
992 2343 1134 2438 regibus
1148 2343 1280 2418 scilicet
1293 2344 1419 2418 Karolo
1431 2354 1467 2418 et
1479 2346 1616 2440 Ottone,
1637 2347 1683 2421 cb
1706 2369 1821 2422 rame-

408 2471 506 2547 dium
527 2470 721 2544 animarnm
737 2489 877 2541 suarum
897 2467 1041 2541 ecclesie
1059 2467 1096 2539 in
1114 2468 1349 2542 Frankenvcrt
1363 2467 1429 2540 luit
1446 2469 1567 2544 collata
1582 2478 1616 2544 et
1638 2471 1705 2544 boc
1720 2472 1821 2547 nobis

408 2594 560 2670 constitit
576 2615 639 2690 per
658 2593 840 2690 privilegia
858 2593 1012 2690 ipsorum
1027 2591 1129 2666 nobis
1144 2602 1282 2665 ostansa
1298 2591 1441 2686 antiqua
1458 2613 1628 2666 annornm
1643 2595 1820 2690 octingen-

408 2730 523 2794 torum
544 2727 581 2792 et
602 2717 792 2813 octoginta,
813 2738 878 2790 nos
894 2725 1069 2790 tantorum
1089 2716 1245 2789 virorum
1266 2725 1337 2789 tam
1354 2717 1453 2813 pium
1470 2719 1599 2790 factum
1615 2727 1728 2792 ratum
1750 2721 1818 2794 ha-

408 2846 549 2935 bentos,
573 2843 739 2938 quoniam
759 2844 840 2937 juna
864 2841 1086 2916 ecclesiarum
1106 2839 1255 2916 discreta
1278 2839 1565 2917 deliberationca
1587 2845 1713 2916 noscis
1738 2867 1817 2941 pre·

409 2967 648 3044 decessoribus
667 2966 725 3062 pie
748 2987 790 3039 ac
813 2966 967 3061 legitime
988 2965 1145 3040 instituta
1164 2973 1200 3039 et
1220 2964 1395 3040 libertates
1421 2965 1615 3040 diminuere
1638 2968 1814 3060 nolumus,

406 3093 470 3170 sed
485 3113 625 3186 angere,
643 3091 681 3163 in
700 3091 815 3164 anime
830 3099 945 3164 nosue
964 3091 1170 3181 remedium,
1186 3090 1290 3164 etiam
1306 3091 1639 3164 nostraauctoritate
1661 3101 1696 3165 et
1720 3095 1819 3190 regia

406 3219 583 3312 majestate
599 3213 843 3290 confirmamus
856 3223 892 3289 et
909 3215 1015 3288 nostri
1030 3215 1135 3310 sigilli
1152 3215 1369 3312 appositione
1385 3213 1601 3303 roboramus,
1622 3215 1817 3292 inhibentes

409 3339 477 3412 sub
491 3339 634 3412 obtentu
651 3337 767 3434 gracie
782 3337 877 3432 regie
892 3337 1080 3430 majestatie
1095 3338 1233 3434 nequis
1249 3338 1512 3412 ministeralium
1535 3347 1728 3412 nostrorum
1743 3342 1820 3416 sive

410 3461 635 3536 officiatorum
648 3461 837 3558 predictam
849 3461 1048 3536 villecnlam
1061 3463 1118 3536 vel
1131 3462 1369 3536 exactionibus
1382 3463 1439 3536 vel
1453 3462 1530 3534 aliie
1543 3463 1816 3556 gravaminibus,

410 3607 551 3682 qnoque
573 3588 741 3660 hactenus
757 3596 873 3662 actum
889 3587 935 3660 sit
958 3585 1110 3678 ibidem,
1134 3595 1252 3660 nostra
1275 3586 1476 3660 auctoritate
1501 3585 1666 3684 deinceps
1682 3588 1821 3682 aliqua-

411 3719 513 3784 tenus
528 3709 708 3784 molestare
724 3711 801 3786 sive
823 3732 969 3805 muare
991 3719 1178 3806 presumat.
1196 3709 1299 3796 Quod
1314 3709 1345 3782 si
1360 3709 1440 3806 qais
1459 3719 1578 3784 contra
1594 3710 1661 3784 boo
1682 3712 1817 3806 lecerit,

411 3835 499 3910 sciat
511 3855 550 3909 se
566 3835 731 3909 offensam
743 3835 877 3928 regiam
893 3835 1067 3908 incurrere
1084 3843 1118 3907 et
1135 3833 1420 3929 indignationem.

359 4039 363 4050 ,
459 3961 585 4034 Datum
600 3957 865 4046 Frankenwort,
882 3979 974 4032 anno
997 3957 1134 4033 Domini
1157 3957 1401 4050 mccxxvnl,
1422 3955 1610 4030 indictione
1626 3957 1737 4054 prima
1752 3957 1814 4056 (2)

448 4268 483 4344 (l)
501 4267 686 4328 Verisimilitar
695 4266 849 4326 llelkbctm.

447 4365 483 4441 (2)
502 4366 547 4426 Sic
557 4367 586 4424 iu
596 4365 712 4437 duobus,
725 4363 865 4423 deficiente
875 4362 1011 4422 notatione
1021 4359 1133 4420 mensis.
1145 4359 1188 4420 lc
1197 4375 1319 4419 mensem
1333 4359 1458 4435 aprilem,
1477 4362 1635 4436 praesertim
1652 4377 1686 4421 ex
1703 4367 1825 4440 sequenti

410 4462 582 4536 documento,
594 4475 625 4520 ee
633 4461 725 4535 lector,
735 4461 759 4520 si
770 4461 848 4535 velit,
859 4459 965 4520 referat.
