4642 6106
580 632 642 694 234
1079 635 1291 698 rulunutcl
1316 635 1487 698 secuntur
1798 635 1877 720 [Anu.
1897 635 1981 698 teto

580 789 655 842 cem
676 768 777 842 aunis
792 771 1014 865 permanserit
1029 796 1049 846 u
1065 773 1159 846 nullo
1174 773 1368 870 impetitus,
1389 771 1552 866 deinceps
1570 791 1712 842 securus
1732 773 1947 866 permanebit
1961 795 1983 844 a

578 891 636 966 tali
661 891 884 987 impetitione.
905 897 987 969 ltem
1003 897 1215 992 quicumque
1232 897 1370 988 domos,
1386 895 1525 980 vineas,
1543 915 1659 983 areas,
1683 895 1796 968 curius
1819 897 1875 968 vel
1895 895 1980 969 elias

577 1016 810 1112 possessiones
827 1018 915 1092 inire
936 1021 1099 1093 terminos
1121 1021 1215 1118 pacis
1235 1020 1385 1092 civitatis
1399 1019 1654 1114 lletisponensis
1676 1019 1752 1092 sine
1768 1019 1980 1114 impetitione

575 1139 766 1235 possederit
787 1138 906 1214 decern
923 1143 1023 1216 annis
1039 1152 1074 1216 et
1092 1153 1210 1240 postea
1228 1165 1333 1240 super
1349 1143 1417 1214 illis
1438 1142 1541 1214 luerit
1561 1141 1755 1237 impetitus,
1774 1142 1804 1215 si
1826 1143 1978 1238 quietam

573 1263 822 1359 possessiouem
838 1265 984 1362 septima
1003 1289 1108 1341 manu
1125 1267 1283 1364 probabit
1301 1267 1337 1338 in
1355 1287 1441 1362 pace
1459 1287 1515 1338 res
1529 1265 1622 1362 ipses
1643 1274 1760 1360 postea
1777 1265 1975 1362 possidebit.

572 1388 657 1462 ltsm
674 1387 762 1461 inira
778 1411 895 1464 muros
916 1391 1026 1486 ipsius
1045 1391 1196 1465 civitatis
1218 1390 1255 1462 in
1275 1389 1391 1464 vicino
1412 1397 1448 1462 et
1468 1389 1551 1463 ioris
1568 1397 1667 1462 extra
1685 1391 1849 1462 fossatum
1868 1391 1977 1462 nulla·

572 1519 672 1584 tenus
695 1510 964 1613 edificabit[ur],
988 1493 1055 1588 nisi
1077 1515 1140 1588 Xll
1160 1513 1268 1612 pedes
1292 1513 1419 1588 distent
1440 1513 1528 1586 inter
1552 1535 1669 1586 muros
1691 1521 1726 1586 et
1747 1512 1922 1586 editicium
1944 1523 1978 1587 st

571 1633 714 1708 totidem
732 1635 813 1708 loris
830 1637 919 1710 inter
937 1639 1115 1712 fossatum.
1135 1638 1281 1726 Quodsi
1302 1637 1399 1712 eliter
1415 1639 1541 1710 luctum
1560 1637 1663 1710 luerit
1679 1645 1792 1731 preter
1807 1635 1977 1708 licentium

573 1759 721 1850 civium,
738 1761 971 1836 removebitur
989 1761 1165 1838 edificium
1189 1785 1251 1859 per
1267 1761 1440 1854 judicium
1457 1761 1618 1834 civitatis.
1639 1761 1723 1832 ltem
1742 1759 1817 1834 dux
1838 1759 1977 1854 quando

571 1885 782 1980 solempnem
798 1885 929 1958 curiam
947 1886 1106 1960 babuerit
1121 1887 1157 1959 in
1173 1887 1313 1959 civitate
1330 1885 1569 1981 llatispouensi
1583 1884 1682 1956 solito
1697 1904 1793 1956 more
1808 1883 1975 1954 indictum

573 2028 642 2080 uon
659 2007 833 2080 exercebit
848 2008 1021 2100 judicium
1039 2019 1156 2084 contra
1177 2009 1415 2082 ministeriales
1434 2008 1586 2082 Ecclesis
1610 2029 1724 2102 neque
1744 2015 1861 2080 contre
1882 2005 1977 2079 cives

572 2129 639 2202 nisi
653 2131 752 2202 tertio
769 2129 840 2222 die,
860 2153 924 2204 nec
939 2141 1055 2206 contre
1073 2132 1166 2206 cives
1187 2131 1348 2228 procedet
1366 2131 1432 2204 nisi
1449 2153 1511 2228 per
1523 2131 1726 2204 seutentiam
1740 2151 1880 2203 suorum
1894 2151 1976 2203 con-

572 2252 701 2326 civium
719 2263 755 2325 et
766 2275 836 2326 nou
854 2255 1014 2327 eliorum.
1030 2257 1115 2328 ltem
1132 2257 1240 2350 mejor
1254 2255 1445 2330 advocatus
1465 2255 1526 2350 qui
1541 2255 1711 2349 'l'umvogt
1724 2253 1777 2351 (l)
1791 2255 1976 2349 vulgariter

571 2377 761 2472 appellatur
780 2387 815 2450 et
835 2387 1037 2474 potestatem
1061 2381 1165 2454 babet
1184 2379 1366 2473 judicandi
1390 2401 1436 2452 ex
1461 2387 1557 2474 purte
1580 2377 1731 2474 episcopi
1755 2386 1790 2450 et
1808 2399 1853 2451 ex
1880 2387 1975 2474 parte

570 2498 671 2572 ducis
690 2500 898 2596 burgravius
920 2501 956 2574 in
975 2503 1108 2576 nullum
1133 2504 1245 2578 civem
1271 2502 1531 2600 proscriptionis
1551 2502 1754 2576 seutentiam
1779 2503 1973 2597 promulga-

569 2622 674 2713 bunt‚
690 2624 756 2696 nisi
776 2625 917 2718 quando
941 2627 1120 2723 publicum
1148 2627 1277 2702 hebent
1299 2627 1464 2722 placitum
1488 2648 1536 2700 ex
1558 2625 1701 2720 antiquo
1725 2634 1852 2698 statuto
1878 2626 1973 2722 quod

568 2755 711 2842 uterque
735 2748 870 2822 illorum
895 2751 1023 2824 babere
1048 2751 1153 2826 debet
1176 2751 1415 2825 tautummodo
1439 2760 1491 2824 ter
1507 2751 1543 2822 iu
1567 2771 1671 2822 anuo.
1699 2751 1783 2822 ltcm
1807 2750 1916 2824 tribus
1936 2751 1972 2822 in

568 2892 659 2944 anno
678 2872 814 2945 vicibus
829 2873 924 2946 cives
942 2882 1044 2970 prout
1063 2874 1256 2972 expediens
1277 2875 1378 2948 luerit
1396 2875 1442 2948 de
1457 2875 1634 2948 voluntate
1648 2873 1800 2970 episcopi
1821 2883 1856 2946 et
1873 2873 1973 2946 ducis

567 3005 737 3070 monetam
754 2997 931 3070 intrabunt
948 3019 1027 3070 cum
1042 2999 1213 3094 magistris
1227 2999 1273 3072 ab
1286 2998 1447 3095 episcopo
1460 3007 1494 3072 et
1510 2997 1599 3071 duce
1613 2997 1659 3070 ad
1672 3006 1808 3070 monete
1821 2996 1970 3070 officium

568 3118 741 3214 deputetis
751 3130 785 3193 et
800 3121 959 3194 denarios
976 3121 1238 3212 examinabunt,
1256 3131 1290 3196 et
1304 3123 1333 3196 si
1347 3145 1418 3218 que
1434 3123 1470 3194 in
1486 3121 1617 3196 eisdetn
1635 3121 1775 3196 iuventa
1791 3121 1893 3194 luerit
1910 3121 1973 3194 lal-

567 3243 649 3316 sitas
673 3244 793 3339 prelati
818 3244 1001 3342 episcopus
1023 3254 1059 3318 et
1080 3243 1156 3318 dux
1169 3244 1390 3339 judicabunt.
1416 3247 1500 3319 ltem
1527 3245 1622 3318 cives
1644 3253 1843 3341 potestatem
1865 3243 1971 3318 bube-

567 3367 656 3438 bunt
672 3367 823 3462 eligendi
842 3367 1089 3464 hansgrerium
1105 3369 1167 3464 qui
1184 3369 1345 3466 disponat
1358 3383 1392 3443 et
1405 3369 1541 3443 ordinet
1556 3378 1656 3442 extra
1672 3367 1844 3442 civitatem
1856 3377 1891 3441 et
1901 3389 1970 3441 uon

567 3490 655 3563 iulru
678 3513 720 3564 ea
743 3483 874 3564 tautum
896 3514 966 3586 que
993 3493 1181 3589 respiciunt
1206 3493 1343 3588 negotiu
1364 3492 1613 3566 nundinarum.
1640 3493 1723 3565 ltem
1747 3492 1862 3564 nullus
1884 3489 1972 3562 civis

568 3635 681 3710 nequo
700 3616 789 3688 boue
806 3615 899 3688 illius
914 3617 1059 3690 detineri
1072 3616 1199 3690 debent
1216 3619 1291 3690 loco
1309 3615 1464 3712 pignoris
1479 3637 1542 3712 pro
1559 3616 1720 3711 episcopo
1734 3615 1789 3687 vel
1804 3635 1865 3710 pro
1882 3612 1973 3686 duce

569 3739 625 3810 vel
642 3759 704 3833 pro
720 3761 940 3834 quecumque
954 3740 1021 3814 elie
1039 3761 1184 3836 persona
1199 3739 1267 3812 nisi
1287 3749 1418 3812 tuntum
1432 3761 1496 3836 pro
1510 3761 1574 3812 suo
1589 3741 1744 3830 concive,
1763 3738 1827 3809 boc
1839 3733 1973 3830 adjecto

569 3860 666 3955 quud
691 3861 846 3936 detentor
875 3863 1011 3936 civibus
1038 3865 1147 3959 primo
1170 3863 1385 3960 proposuerit
1410 3885 1549 3936 causam
1571 3883 1671 3936 snum
1695 3873 1731 3934 et
1749 3861 1880 3954 justitia
1905 3859 1971 3931 eibi

571 3985 672 4058 fuerit
687 3985 867 4082 denegata.
888 3987 973 4059 ltem
992 3987 1205 4082 quicumque
1218 3986 1306 4060 civis
1323 3986 1522 4082 acquisierit
1541 3985 1634 4060 bona
1654 3986 1744 4058 vele
1760 3983 1973 4058 monasteriis

569 4110 688 4183 veleb
707 4109 784 4184 aliis
804 4111 1014 4206 quibuslibet
1031 4112 1197 4206 personis,
1219 4112 1351 4204 vineas,
1371 4111 1493 4186 domos
1507 4113 1564 4186 vel
1581 4111 1666 4184 alies
1683 4109 1911 4206 possessiones
1926 4109 1971 4179 art

568 4235 718 4330 spatium
735 4235 806 4308 vite
821 4235 925 4308 unius
941 4237 997 4309 vel
1016 4236 1164 4330 plurium
1180 4257 1424 4332 personarum,
1442 4236 1472 4309 si
1486 4232 1664 4330 contingat
1679 4233 1858 4307 dominum
1874 4232 1975 4325 cuius

569 4367 649 4431 suut
666 4359 758 4432 bona
774 4360 925 4434 vendere
943 4359 998 4434 rel
1015 4359 1193 4435 inleudure
1209 4363 1265 4435 vel
1283 4361 1525 4457 obligaretur,
1544 4381 1614 4433 nou
1633 4357 1748 4431 minus
1764 4354 1903 4430 babebit
1917 4353 1976 4425 illo

608 4737 643 4810 tt)
662 4735 768 4796 Scilicet
779 4735 808 4794 iu
819 4736 907 4811 lingue
919 4735 1060 4796 vernacule
1070 4737 1163 4811 bodie,
1179 4737 1317 4812 bomvopt.
