4710 6076
362 701 459 762 burm.
477 697 538 784 lu]
821 697 1020 760 HISTORIA
1043 691 1336 759 orrnounrtct
1714 697 1774 757 313

363 843 432 908 tate
448 833 633 908 liberaliter
647 842 683 907 et
698 831 886 908 honorifice
903 831 1050 920 dotavit,
1068 852 1139 927 qus
1154 827 1277 927 predia
1298 825 1372 899 suis
1394 827 1562 901 duximus
1577 829 1774 904 nominibus

364 955 594 1053 exprimenda
618 983 627 1028 ε
654 956 725 1031 duo
742 955 940 1031 molendina
955 957 992 1029 in
1007 955 1163 1052 predicta
1181 953 1320 1026 civitate
1339 951 1419 1041 sita,
1434 951 1590 1047 quinque
1611 957 1723 1028 mansi
1738 956 1774 1027 in

363 1079 447 1154 viiia
468 1080 625 1172 Sladem,
643 1090 679 1154 et
695 1081 755 1153 Vll
773 1081 884 1154 mansi
901 1081 937 1152 in
956 1079 1040 1154 villa
1053 1075 1300 1172 Etxingerotb,
1317 1075 1405 1148 silva
1419 1075 1569 1170 quedam
1584 1087 1620 1150 et
1639 1101 1718 1152 casa
1738 1079 1775 1152 in

363 1204 509 1297 Brunla,
531 1214 628 1278 ortne
650 1203 793 1300 quidam
823 1225 930 1300 prope
957 1223 1098 1275 murum
1126 1199 1274 1273 civitatis
1304 1199 1392 1270 situs
1416 1199 1476 1292 qni
1503 1210 1647 1274 vocatur
1671 1202 1775 1296 Niger

363 1336 472 1402 ortus.
495 1329 606 1422 Hujus
621 1337 737 1402 antem
753 1327 835 1400 iacti
857 1327 913 1400 sni
936 1335 1064 1399 etatum
1084 1323 1143 1397 tali
1161 1322 1378 1396 ordinatione
1393 1319 1543 1396 firmavit
1563 1333 1601 1396 nt
1618 1324 1693 1421 ipsa
1713 1324 1775 1398 do·

364 1472 443 1530 mus
459 1451 638 1547 hospitalis
655 1473 735 1526 cum
754 1449 848 1526 omni
872 1449 954 1524 dots
968 1471 1033 1522 sna
1053 1447 1099 1521 ab
1114 1447 1208 1521 omni
1223 1448 1301 1539 jure
1314 1455 1349 1518 et
1369 1445 1503 1520 actione
1523 1447 1599 1520 sive
1620 1447 1774 1521 dominio

364 1572 532 1661 horedum
547 1595 688 1651 suorum
712 1573 820 1649 libera
845 1573 890 1646 sit
911 1573 1050 1669 penitus
1065 1581 1101 1646 et
1116 1578 1291 1666 exempta.
1307 1569 1415 1644 Nobis
1433 1569 1539 1665 igitur
1561 1571 1597 1642 in
1622 1571 1775 1668 predicta

365 1697 504 1772 civitate
522 1695 654 1770 curiam
667 1695 937 1789 celebrantibus,
953 1695 1213 1792 adpetitionem
1234 1693 1356 1790 pietati
1376 1692 1419 1766 G.
1435 1703 1470 1766 et
1486 1693 1675 1768 amicornm
1693 1719 1775 1768 sno·

365 1841 444 1894 rum
462 1819 733 1914 prenominatam
748 1818 891 1893 domum
912 1841 992 1892 cum
1009 1817 1110 1892 bonis
1131 1815 1308 1912 premissis
1322 1825 1357 1888 et
1380 1816 1542 1890 omnibus
1557 1837 1776 1914 quecumque

366 1943 403 2016 in
425 1952 600 2040 posterum
622 1942 808 2018 donatione
831 1964 951 2038 regum
972 1943 1028 2015 vel
1055 1940 1249 2038 principum
1273 1961 1335 2012 seu
1355 1939 1527 2014 oblatione
1545 1939 1700 2015 fidelium
1716 1951 1777 2016 aut

366 2065 466 2140 titulo
482 2065 667 2162 emptionis
688 2087 750 2139 seu
774 2063 1050 2138 commutationis
1069 2065 1126 2137 vel
1151 2063 1229 2170 aiiis
1252 2063 1531 2159 quibuscumque
1553 2065 1666 2138 modis
1685 2067 1777 2160 juste

367 2190 493 2287 poterit
508 2189 655 2286 adipisci
669 2189 736 2264 sub
751 2197 902 2263 nostmm
923 2197 957 2262 et
974 2186 1109 2283 imperii
1131 2187 1375 2283 protectionem
1396 2187 1638 2283 suscipientes,
1659 2210 1776 2263 curam

367 2323 403 2387 et
423 2313 698 2410 procurationem
722 2313 879 2406 eiusdem
905 2311 1030 2385 domus
1055 2310 1167 2384 tribus
1193 2309 1397 2406 subscriptis
1417 2311 1574 2406 personis
1596 2313 1777 2385 committi·

368 2459 446 2511 mus
460 2435 701 2527 ordinandam,
720 2435 851 2510 scilicet
868 2435 913 2510 de
925 2434 1177 2508 Waickenrede
1190 2443 1224 2508 et
1236 2433 1521 2528 Riddagesbueen
1547 2435 1731 2510 abbatibus
1744 2445 1780 2511 et

368 2559 501 2666 decano
518 2561 656 2656 majoris
674 2560 820 2634 ecclesie
834 2558 1078 2652 Gestariensis,
1098 2559 1145 2631 ita
1163 2567 1334 2632 uteorum
1352 2558 1568 2633 ordinatione
1588 2569 1621 2632 et
1637 2561 1777 2636 consilio

367 2685 482 2760 eidem
497 2683 616 2758 domui
640 2683 834 2779 prepositus
858 2683 1037 2757 ordinetur
1058 2681 1103 2755 ab
1128 2681 1259 2756 eisdem
1276 2681 1445 2778 quamdiu
1472 2683 1652 2757 sentilam
1678 2685 1779 2758 exbi-

367 2805 482 2881 buerit
509 2806 707 2881 tolerandus
724 2809 823 2882 vole
850 2806 1018 2880 contrario
1042 2827 1080 2879 se
1102 2805 1258 2878 inutilem
1284 2804 1437 2901 gerendo
1461 2808 1703 2882 removendus.
1723 2809 1777 2883 Ad

367 2930 472 3026 hujus
484 2931 602 3026 itaque
613 2930 739 3005 domus
752 2930 1047 3004 conservationem
1063 2930 1247 3002 statuimus
1261 2939 1296 3004 et
1309 2930 1553 3005 inviolabiliter
1568 2933 1778 3029 precipimus

367 3054 624 3130 observandum
641 3063 682 3128 ut
702 3055 797 3128 nnita
823 3053 965 3127 omnino
989 3075 1137 3150 persona
1154 3075 1281 3149 magna
1297 3055 1354 3128 vel
1379 3077 1510 3151 parva,
1535 3057 1699 3130 secularis
1721 3059 1777 3132 vet

368 3179 612 3270 ecclesiastica,
635 3177 845 3274 sepedictam
861 3176 1004 3252 domum
1025 3177 1082 3251 vel
1103 3173 1268 3274 personas
1286 3178 1335 3251 ibi
1352 3177 1599 3254 decumbentes
1621 3203 1683 3255 seu
1700 3205 1778 3278 pos·

369 3303 539 3377 sessiones
558 3303 636 3396 ejus
649 3301 815 3378 invadere
839 3303 896 3377 vel
912 3302 1028 3398 aliquo
1051 3301 1155 3376 modo
1170 3302 1370 3404 perturbare
1387 3313 1574 3400 presumat.
1596 3303 1698 3392 Quod
1715 3309 1777 3402 qui

369 3444 459 3500 ausu
490 3425 670 3500 temerario
698 3426 970 3521 attemptaverit,
999 3425 1246 3520 indignationis
1275 3437 1391 3501 nostre
1418 3429 1582 3502 offensam
1613 3438 1776 3524 tanquam

369 3567 450 3620 rous
475 3548 546 3622 lese
571 3551 757 3644 majestatis
780 3571 819 3624 se
840 3551 975 3625 noverit
997 3551 1231 3623 incursurum.
1258 3551 1302 3624 Ut
1326 3560 1442 3626 autern
1467 3560 1583 3626 nostra
1602 3553 1777 3626 concessio

370 3669 470 3745 firma
483 3672 520 3744 in
543 3683 718 3770 posterum
735 3685 770 3748 et
785 3676 989 3749 inconvulsa
1002 3674 1177 3772 persistat,
1199 3675 1366 3770 presentis
1379 3677 1506 3772 pagine
1523 3677 1717 3752 testimonio
1730 3678 1777 3751 si·

309 3839 312 3847 ι
371 3795 444 3892 gilli
461 3797 567 3870 nostri
586 3799 796 3896 appensione
812 3801 947 3896 signato
966 3797 1134 3873 duximus
1151 3798 1434 3873 confirmandam.

419 3919 530 4011 Hujus
552 3921 602 3994 rei
621 3932 724 3996 testes
740 3933 821 3996 sunt
838 3925 1053 3998 Hermannns
1074 3923 1257 4020 episcopus
1280 3923 1548 4020 Herbipoiensis,
1572 3921 1778 3998 lodewicus

370 4039 448 4118 dux
464 4043 639 4138 Buwamo,
661 4047 740 4120 Otto
766 4045 858 4120 tilius
883 4047 960 4140 ejus
981 4045 1153 4142 palatinus
1175 4067 1290 4120 comes
1309 4047 1439 4140 Rheni,
1460 4069 1575 4122 comas
1596 4047 1713 4142 Poppo
1733 4045 1778 4120 de

371 4167 641 4263 Hpnnonborcb,
661 4191 777 4244 comes
793 4173 1010 4244 Harmannus
1035 4170 1081 4244 de
1095 4169 1185 4244 Dilie
1202 4169 1408 4268 (Ditingen),
1429 4192 1544 4245 comes
1561 4173 1779 4244 Hermannus

372 4287 418 4362 de
430 4289 657 4380 Orlemunde,
673 4292 852 4368 Conrudus
869 4291 1117 4386 borcbgraviue
1132 4291 1178 4365 de
1191 4293 1438 4385 Nuremberob,
1458 4315 1573 4368 comes
1585 4292 1780 4367 Fridericus

260 4482 263 4487 .
373 4413 496 4490 de.·..'..
516 4415 636 4512 linpbe
652 4416 963 4516 (Trebendingbo),
982 4415 1145 4492 Geriaous
1159 4417 1205 4493 de
1217 4418 1386 4516 Botinghs
1397 4420 1621 4517 (Budingen).

421 4538 661 4616 Actumanno
686 4541 931 4618 incarnationis
953 4541 1126 4616 dominice
1146 4543 1327 4617 millesimo
1352 4545 1586 4620 ducentesimo
1609 4545 1777 4642 vigesimo

372 4661 529 4760 septimo.
