4658 6132
364 553 464 614 lunser.
480 544 524 630 3.]
821 535 1018 602 HISTORIA
1041 537 1330 601 ntenomautctt.
1716 537 1777 600 165

366 683 466 758 obice
485 676 618 774 justitie
643 675 860 771 reprimatur,
883 673 993 768 ipsius
1015 672 1196 746 conatibus
1218 673 1363 769 dignum
1385 673 1552 748 duximus
1575 674 1778 752 obviamne

366 804 485 902 quiin
506 803 593 874 iram
614 806 778 896 provocat
797 797 979 870 exaltetur.
1000 797 1051 868 De
1071 805 1132 868 tua
1152 796 1268 890 itaque
1287 799 1481 872 sinceritate
1503 800 1641 895 plenam
1656 801 1693 871 in
1711 801 1778 874 Do-

367 930 464 1004 mino
480 924 644 998 fiduciam
660 923 869 1010 obtinentes,
891 919 1135 994 fraternitatem
1155 929 1251 993 tuam
1269 916 1432 1014 rogamus
1453 943 1632 996 monemus
1650 931 1685 996 et
1700 924 1778 997 bor·

369 1062 484 1126 tamm
509 1056 638 1122 attente
663 1067 726 1142 per
752 1043 939 1140 apostolica
963 1044 1090 1138 scripta
1114 1043 1150 1114 in
1168 1043 1296 1117 virtute
1317 1044 1514 1118 obedientie
1530 1055 1565 1118 et
1581 1047 1777 1122 subdubito

365 1173 552 1270 iuramenti
567 1170 720 1244 districte
730 1166 953 1264 precipiendo
967 1167 1170 1240 mandantes
1184 1189 1226 1242 ao
1240 1168 1276 1240 in
1292 1169 1526 1242 remissionem
1540 1171 1778 1266 peccaminum

369 1308 440 1371 tam
456 1306 594 1370 tuorum
612 1315 718 1388 quam
734 1313 854 1365 eorum
868 1291 929 1384 qui
948 1290 982 1360 iu
1001 1290 1207 1384 obsequium
1220 1291 1371 1366 Ecclesia
1388 1293 1546 1366 vonerint
1560 1293 1777 1388 injungentes

369 1427 553 1514 qnatenus,
568 1415 659 1489 sicut
673 1413 829 1488 divinam
845 1421 880 1484 et
893 1419 1043 1484 nostram
1061 1412 1205 1504 gratiam
1220 1435 1334 1486 caram
1349 1413 1469 1506 habes,
1483 1435 1614 1486 memor
1630 1416 1726 1510 quod
1740 1416 1777 1488 in

369 1541 573 1615 necessitate
585 1535 804 1611 necessitudo
818 1536 995 1630 pmbatur,
1013 1533 1060 1606 ad
1077 1556 1141 1606 nos
1156 1537 1378 1630 personaliter
1394 1537 1513 1610 venire
1526 1558 1606 1608 cnm
1624 1559 1777 1632 congruo

356 1665 518 1742 ‚extortio
542 1663 744 1736 bellatorum
771 1661 826 1732 vel
851 1657 985 1730 mittere
1007 1658 1081 1730 siue
1103 1657 1285 1754 dispendio
1308 1680 1403 1732 more
1423 1681 1602 1756 procures,
1626 1661 1777 1734 Ecclesie

370 1809 511 1862 romane
531 1787 578 1859 its
590 1807 636 1858 ex
651 1783 767 1858 animo
780 1782 972 1856 serviturus
987 1781 1083 1876 quod
1101 1803 1149 1854 ex
1169 1781 1287 1856 debito
1300 1785 1460 1856 meritum
1473 1785 1537 1856 tibi
1554 1805 1730 1880 compares
1742 1795 1776 1856 et

357 1933 434 2002 ¹nos
446 1910 664 1984 devotionem
676 1917 771 1980 tuam
783 1907 898 2000 dignis
910 1905 1098 1979 debeamus
1105 1905 1268 2001 prosequi
1282 1906 1562 1980 retributionibus
1573 1908 1769 2002 gratiarum.

416 2037 543 2108 Datum
555 2033 700 2128 Pernsii,
722 2031 875 2106 seeundo
892 2029 1057 2104 kalendas
1074 2029 1236 2122 octobris,
1253 2051 1344 2104 anuo
1359 2030 1458 2104 tertio
1474 2029 1539 2126 (t).

421 2675 619 2788 Encyclica
651 2676 828 2760 Friderici
856 2677 1115 2762 Romanorum
1145 2678 1382 2788 imperatoris
1412 2677 1587 2761 fidelibus
1619 2679 1698 2762 suis
1728 2681 1768 2762 in
1793 2690 1972 2798 *pawn

368 2807 597 2892 Lombardia
614 2809 755 2892 directa
768 2835 846 2919 qna
860 2809 915 2892 eis
930 2811 1080 2893 nuntiat
1101 2835 1142 2892 se
1158 2811 1206 2892 de
1222 2809 1394 2920 partibus
1412 2809 1670 2894 ultramarinis
1682 2838 1771 2921 pro-

370 2965 476 3048 spere
491 2966 705 3050 regressum
717 2941 799 3050 jam
818 2941 972 3052 fugasse
989 2943 1117 3024 hostes
1135 2943 1199 3053 qni
1220 2967 1381 3052 regnum
1403 2968 1517 3024 sunm
1539 2943 1767 3052 invaserant,

1819 2801 1833 2843 b
1843 2799 1944 2842 octobrtr.

368 3083 572 3182 monetque
588 3082 631 3155 ut
649 3074 698 3156 ad
714 3099 754 3156 se
771 3099 860 3156 cum
874 3074 990 3156 armis
1004 3083 1042 3156 el
1058 3074 1167 3184 equis
1184 3074 1403 3157 festinanter
1420 3075 1585 3157 veniant.

446 3311 584 3384 (Edlder.
598 3313 771 3374 chcuanus
791 3331 831 3374 nn
851 3315 883 3377 S.
897 3313 996 3377 dm.
1012 3311 1120 3376 utros
1133 3311 1175 3374 cd
1184 3331 1271 3388 cnm,
1287 3332 1335 3393 ap.
1349 3315 1534 3394 aunuum,
1549 3315 1657 3376 illator.
1675 3317 1767 3387 Cara,

485 3421 510 3478 t.
523 3417 577 3491 lv,
593 3422 678 3496 cujus
687 3419 777 3480 edltlo
789 3419 963 3498 Ughelllanu
976 3421 1213 3481 etbluratorluna
1225 3422 1321 3498 potior
1329 3427 1425 3483 cm.-
1432 3421 1540 3494 Panna,
1550 3421 1678 3481 Monam.
1691 3421 1767 3482 Hire.

489 3520 701 3599 cma‚r.1v,
718 3541 750 3602 p.
767 3533 837 3601 stt,
851 3541 890 3586 cx
902 3527 1038 3605 ortuum
1054 3527 1088 3586 ln
1099 3525 1361 3604 momumento.)

406 3862 442 3937 (⁴)
459 3862 570 3921 Duobru
583 3869 662 3922 antea
673 3865 778 3937 diebus,
790 3865 817 3922 in
830 3865 952 3922 eumdem
963 3865 1019 3923 iere
1032 3865 1151 3936 modum,
1161 3865 1241 3940 poulo
1251 3871 1339 3923 umen
1351 3865 1462 3940 leupus,
1473 3865 1616 3939 scripserat
1628 3866 1772 3939 Gregorius

368 3959 569 4036 archiepiscopo
582 3961 751 4035 Lugdunensi
765 3961 842 4036 (ibid.
860 3977 892 4018 n⁰
906 3961 952 4034 et)
965 3968 994 4020 et
1006 3962 1188 4020 verisimiliter
1205 3963 1317 4021 cucuma
1330 3963 1456 4019 Francius
1467 3962 1606 4035 praelatis,
1621 3963 1771 4036 intorques

367 4056 535 4116 mausus
544 4057 687 4132 episcopus
700 4058 753 4116 hoc
765 4075 837 4116 anuo
850 4059 884 4117 ad
896 4059 997 4116 mnam
1014 4075 1151 4118 romanam
1163 4060 1276 4118 accessit
1291 4077 1298 4116 ι
1314 4079 1327 4114 ι
1341 4059 1372 4116 Li
1385 4059 1505 4133 apostole
1517 4059 1614 4116 suanm
1625 4076 1659 4118 eu
1670 4061 1771 4118 france

368 4172 383 4208 a
398 4169 449 4212 con
461 4153 487 4212 le
498 4165 628 4214 sucorum.
644 4155 796 4230 L’llresqne
810 4157 844 4214 de
856 4155 966 4214 bieures
978 4157 987 4213 i
999 4156 1040 4214 ala
1051 4162 1080 4214 et
1091 4161 1168 4230 grant
1176 4156 1324 4214 chevalerie
1335 4171 1427 4214 avoc.»
1439 4156 1549 4214 Oualla.
1560 4155 1646 4214 Gulll.
1659 4158 1769 4230 Tyres.

366 4265 395 4324 p.
409 4252 471 4310 rat.
485 4251 609 4309 Subsidia
624 4253 716 4310 itidem
734 4253 812 4327 petiit
822 4269 892 4328 papa
904 4253 932 4309 iu
945 4253 1038 4327 lingbu
1049 4269 1103 4327 quo
1115 4253 1281 4326 Stephanum
1293 4251 1459 4326 capellanum
1475 4267 1554 4309 suum
1566 4253 1601 4310 ad
1610 4253 1771 4326 colligendas

367 4347 484 4405 dedmas
500 4349 589 4419 misit,
602 4355 630 4406 et
642 4349 724 4408 etiam
740 4350 768 4406 in
783 4350 921 4424 Hispania.
935 4349 1064 4423 Superest
1074 4349 1185 4423 epistola
1196 4351 1292 4419 Petro,
1307 4348 1399 4405 intanti
1410 4349 1590 4422 Portugaliuo,
1604 4349 1704 4407 &ecta
1718 4351 1769 4408 snb

367 4444 443 4518 curius
454 4443 507 4502 line
518 4444 628 4524 tumtur:
637 4465 651 4500 r
661 4445 829 4521 lnjnngimns
843 4451 973 4520 qusoenus
979 4445 1056 4519 juxta
1071 4445 1144 4520 qnod
1160 4445 1302 4504 liberaliter
1318 4443 1438 4502 obtulisti
1446 4461 1507 4502 cum
1520 4447 1640 4520 equitum
1652 4447 1770 4504 multitu-

369 4559 383 4594 ι
398 4541 460 4598 diue
474 4541 509 4598 ad
527 4558 626 4616 sponse
639 4543 738 4600 Christi
754 4543 903 4601 subsidium
923 4543 1083 4618 quantocius
1097 4558 1226 4618 properes
1240 4543 1401 4600 militaturus
1412 4542 1524 4601 Domino
1535 4543 1587 4600 sub
1600 4543 1678 4602 beato
1691 4545 1770 4602 Petro

369 4657 383 4692 r
398 4639 533 4698 exercitus
545 4645 604 4714 ejus
623 4641 700 4700 duce.
713 4641 772 4699 Dat.
786 4641 896 4713 Perusii,
908 4642 1026 4700 llnonas
1035 4641 1112 4716 junii,
1127 4657 1189 4700 unu.
1203 4642 1240 4699 111
1249 4641 1273 4715 (t
1282 4640 1397 4714 juniii.»
