4642 6106
372 646 469 706 lactor.
484 642 528 726 3.]
819 637 1015 700 HISTORIA
1038 639 1333 704 ulammaulas.
1721 641 1782 704 ata

372 787 494 853 caveat
507 776 651 850 ecclesie
664 775 756 848 bona
770 773 841 847 lide
852 796 915 870 per
927 773 1146 868 fidejussores
1157 775 1301 849 idoneos
1314 784 1351 848 ct
1359 776 1506 867 juratos,
1521 773 1708 870 principes,
1722 797 1780 850 oo·

372 903 475 976 mites
489 911 525 975 et
547 903 695 974 bamnas
710 899 914 990 Theutonie,
933 909 967 973 at
982 901 1178 973 communia
1195 901 1375 974 civitatum
1392 899 1617 992 Lombardia,
1640 901 1778 995 Tuscia,

372 1025 525 1102 Marcbie
536 1034 571 1098 et
586 1023 825 1119 llomagniole,
849 1032 884 1096 et
899 1025 1100 1098 earumdem
1114 1025 1371 1121 provinciarum
1384 1024 1619 1117 marchiones,
1641 1026 1782 1100 comites

373 1159 409 1224 et
422 1149 568 1224 barones
579 1171 668 1244 quos
682 1149 834 1221 Ecclesia
848 1149 1052 1240 nominabit,
1068 1149 1129 1243 qui
1145 1151 1191 1225 ad
1202 1149 1461 1244 requisitionem
1476 1149 1630 1221 Ecclesia
1640 1157 1782 1223 tenean-

374 1285 431 1347 tur
445 1273 602 1347 assistere
623 1271 776 1345 Ecclesia
793 1279 912 1346 contm
931 1271 1045 1360 illum,
1074 1273 1186 1346 donec
1200 1272 1387 1346 satisfaciat
1401 1271 1431 1344 si
1450 1270 1615 1344 mandata
1631 1272 1782 1348 Ecclesia

373 1419 442 1472 non
466 1397 656 1472 servaverit
677 1395 734 1468 val
754 1417 875 1492 pacem
897 1397 1037 1490 fregerit
1058 1417 1122 1468 seu
1142 1405 1268 1468 terram
1287 1396 1439 1469 Ecclesia
1461 1395 1519 1468 vel
1534 1415 1653 1468 eorum
1677 1405 1785 1470 terras

373 1542 463 1616 quos
475 1519 628 1601 Ecclesia
645 1528 739 1593 tanat
756 1519 803 1592 ad
817 1518 946 1592 'manus
962 1541 1043 1592 suas
1061 1521 1118 1593 vel
1136 1541 1300 1615 personas
1314 1541 1434 1594 corum
1450 1520 1591 1615 ceperit,
1608 1522 1785 1616 occuparit

374 1646 431 1716 vel
446 1623 646 1735 devastarit,
659 1652 695 1716 et
706 1644 794 1717 infra
808 1655 877 1717 tras
887 1665 1023 1718 manses
1038 1645 1069 1716 si
1082 1643 1186 1716 luerit
1199 1646 1237 1716 in
1251 1667 1371 1740 regno,
1387 1645 1418 1716 si
1431 1645 1468 1716 in
1484 1645 1579 1717 ltalia
1594 1644 1683 1718 inira
1699 1663 1785 1740 qua·

375 1779 465 1861 tuor,
484 1770 514 1842 si
532 1779 648 1842 autam
662 1777 761 1841 extra
774 1769 907 1842 ltaliam
921 1769 1010 1842 infra
1026 1769 1183 1864 quinqua
1196 1791 1238 1842 aa
1257 1791 1326 1842 non
1343 1769 1483 1843 duxerit
1497 1767 1734 1861 emandanda;
1751 1779 1786 1842 et

374 1915 480 1989 super
502 1894 568 1966 boc
590 1893 725 1966 dabunt
746 1893 897 1965 Ecclesia
918 1901 1030 1966 caras
1050 1913 1133 1966 suas
1158 1915 1223 1965 suo
1246 1891 1359 1989 sigillo
1380 1891 1544 1964 munitas.
1569 1892 1786 1988 an'ungimus

374 2037 515 2110 quoque
529 2017 562 2088 ei
579 2016 675 2110 quod
697 2015 785 2088 infra
800 2017 999 2110 quindecim
1019 2016 1096 2090 dics
1109 2027 1240 2090 certum
1258 2016 1420 2088 nuntium
1442 2015 1554 2086 mittut
1571 2016 1618 2088 ud
1637 2016 1782 2105 curiam,

374 2141 436 2234 qui
450 2139 595 2236 recipiat
610 2139 750 2212 nomina
769 2140 905 2212 illorum
925 2163 1074 2236 quorum
1092 2140 1349 2234 fidejussionem
1364 2139 1514 2234 requiret
1531 2139 1696 2210 Ecclesia.
1716 2142 1787 2214 Hac

375 2273 491 2338 autam
507 2264 623 2337 omnia
640 2263 839 2360 supradicta
862 2266 1070 2338 mandamus
1087 2266 1134 2357 ei,
1151 2265 1314 2338 omnibus
1330 2263 1549 2338 cautionibus
1570 2263 1607 2334 in
1621 2285 1685 2336 sna
1699 2263 1787 2337 inte-

375 2389 499 2483 gritate
517 2388 737 2462 manantibus
755 2389 838 2461 olim
857 2389 1007 2484 prestitis
1023 2411 1087 2485 pro
1099 2389 1237 2484 negotio
1248 2391 1350 2462 Terra
1364 2397 1498 2478 sancta,
1517 2397 1558 2460 nt
1573 2409 1636 2484 pro
1654 2389 1714 2460 illo
1731 2411 1787 2462 aa·

375 2639 636 2734 occupationem
654 2638 711 2710 val
730 2637 900 2712 incuriam
920 2650 973 2712 est
990 2639 1158 2712 omissum
1176 2641 1221 2714 da
1234 2639 1302 2712 biis
1315 2660 1385 2733 qua
1402 2638 1569 2712 mandare
1587 2638 1786 2731 debuimus,

376 2761 517 2835 domino
534 2764 627 2859 Pape
641 2771 846 2836 reservetur.

424 2885 480 2958 Ad
496 2887 561 2959 bec
577 2887 856 2984 protestationem
877 2887 1066 2982 quamdam
1084 2890 1241 2962 lecerunt
1257 2891 1293 2961 in
1314 2889 1409 2960 hunc
1427 2885 1571 2961 modum
1590 2915 1599 2958 ε
1620 2888 1789 2964 Protesta·

376 3030 456 3080 mur
474 3009 570 3104 quod
590 3010 752 3085 dominus
770 3012 862 3107 Papa
882 3013 960 3086 vult
983 3012 1050 3084 sibi
1068 3011 1201 3085 restitui
1221 3033 1394 3107 expansas
1412 3033 1501 3106 quas
1520 3020 1619 3085 extra
1642 3035 1787 3108 ragnum

376 3141 495 3206 coacta
513 3145 565 3206 cst
583 3135 737 3208 Ecclesia
756 3135 869 3208 lacere
892 3157 955 3231 pro
977 3135 1207 3209 ecclesiastica
1229 3135 1387 3208 libertate
1404 3157 1447 3208 ac
1463 3135 1556 3208 beati
1573 3137 1663 3209 Petri
1684 3137 1790 3232 patri·

376 3257 493 3330 monio
514 3258 774 3332 conservandis.
798 3260 1175 3333 Excommunicationis
1196 3282 1338 3355 quoque
1360 3260 1565 3333 sententiam
1588 3262 1789 3356 pronuntia·

376 3390 504 3455 varum
520 3383 665 3456 subhac
680 3386 790 3456 torma
808 3411 816 3455 :
835 3384 871 3456 Si
890 3384 1052 3457 dominus
1071 3385 1256 3480 imperator
1272 3393 1377 3480 prout
1392 3383 1586 3477 injunctum
1603 3393 1657 3458 est
1672 3385 1705 3458 ei
1727 3407 1789 3482 per

377 3503 598 3599 fidejussores
616 3528 684 3580 non
705 3507 835 3581 caverit
857 3507 948 3580 bona
962 3507 1044 3601 lida,
1061 3509 1092 3580 si
1108 3509 1202 3581 viam
1216 3509 1311 3604 pacis
1326 3529 1397 3604 qua
1414 3509 1609 3583 invenietur
1621 3530 1685 3604 per
1696 3529 1789 3582 com·

376 3651 518 3702 munem
532 3639 745 3704 contractum
766 3633 823 3706 val
843 3653 906 3728 per
926 3631 1106 3704 arbitrium
1125 3641 1228 3727 prout
1247 3633 1284 3703 in
1307 3634 1416 3706 torma
1431 3631 1687 3728 compositionis
1707 3654 1789 3707 con·

377 3753 506 3828 tinetnr
523 3776 594 3828 non
614 3756 873 3844 observaverit,
899 3756 928 3828 si
950 3765 1076 3830 terram
1099 3756 1250 3830 Ecclesia
1273 3757 1331 3832 val
1351 3767 1459 3832 terras
1477 3778 1597 3830 eorum
1615 3779 1704 3853 quos
1722 3760 1789 3832 Ec·
1839 3767 1842 3775 '

375 3873 480 3949 clesia
497 3883 590 3950 taum
615 3877 664 3950 ad
689 3899 813 3950 manus
837 3899 920 3950 suas
940 3879 997 3950 val
1024 3899 1191 3974 personas
1217 3901 1338 3952 eorum
1359 3880 1505 3976 ceperit,
1528 3881 1705 3976 occuparit
1725 3903 1788 3956 seu

378 3996 582 4092 devastarit,
608 4001 684 4096 ipso
711 4002 801 4074 lacto
828 4002 1032 4074 sententiam
1055 4003 1420 4078 excommunicationis
1445 4004 1597 4076 incurrat
1613 4025 1719 4098 quam
1742 4027 1789 4078 ax

377 4143 472 4194 nunc
485 4123 522 4194 in
535 4123 652 4220 ipsum
670 4123 817 4214 lecimus
830 4125 1033 4198 auctoritate
1047 4126 1179 4199 domini
1193 4128 1298 4224 Papa.

423 4243 510 4318 Acta
528 4255 610 4318 suut
626 4247 692 4320 bac
709 4248 806 4344 apud
824 4249 982 4322 Sanctam
1007 4251 1138 4320 lustam
1159 4251 1262 4342 juxta
1281 4249 1512 4348 Caperanum,
1539 4272 1631 4325 anno
1648 4253 1784 4326 Domini

375 4369 428 4441 Μ’
441 4368 504 4443 CC⁰
515 4370 638 4464 XXX⁰‚
657 4369 694 4444 in
708 4371 795 4446 sesto
810 4374 919 4446 sancti
937 4371 1135 4468 Augustini.

423 4615 494 4688 Nos
506 4615 568 4690 Dei
582 4617 737 4712 gratia..
757 4620 1017 4716 salzburgensis
1033 4621 1311 4718 archiepiscopus
1324 4632 1404 4696 at...
1424 4621 1680 4718 ltatisponansis
1693 4625 1784 4721 epis·

378 4759 503 4834 copus,
521 4741 677 4836 requisiti
689 4763 712 4815 a
724 4745 982 4818 venerabilibus
997 4745 1154 4842 patribus
1169 4745 1325 4820 lobanne
1339 4745 1401 4822 llei
1416 4747 1527 4840 gratia
1543 4747 1705 4844 episcopo
1721 4751 1782 4824 Sa·
