4702 6110
555 565 618 628 los
1085 573 1257 636 nsuulcl
1281 572 1448 635 sssnllll
1779 573 1860 654 [Ass.
1878 576 1962 640 12:30.

553 697 785 808 legationem
808 727 920 787 suem
945 705 1167 790 redeuntem
1182 704 1243 816 (1)
1263 705 1354 790 dieti
1372 704 1540 790 fautores
1561 704 1799 816 imperatoris
1823 706 1965 818 Aquis·

552 831 663 942 grani
681 847 871 943 ceperant.
892 839 1051 922 Gonsnn.
1070 838 1166 924 Mon.
1190 837 1322 922 Conon.
1342 842 1475 922 40004.
1492 863 1555 948 sp.
1572 836 1732 945 Snsnvs,
1747 837 1784 945 Ι,
1800 840 1895 946 597,
1913 843 1963 924 nd

552 987 645 1046 ann.
665 967 782 1050 1228.

351 1519 412 1572 spu
427 1505 528 1563 siem
604 1473 789 1560 Hennious
801 1476 1062 1562 Romanorum
1075 1491 1287 1565 rexnotnm
1303 1481 1394 1564 lecit
1407 1481 1592 1565 universis
1605 1482 1961 1591 quodeumdomus

368 1573 506 1633 mm
551 1611 742 1718 quaedem
764 1609 914 1720 lapides
939 1612 980 1694 in
998 1611 1199 1724 Esslingen
1224 1615 1296 1698 site
1322 1616 1477 1699 attinent
1497 1613 1676 1698 eeclesiae
1696 1613 1737 1694 in
1758 1613 1959 1728 Esslingen

549 1741 663 1852 pleno
676 1743 778 1854 jure,
793 1745 964 1829 onnonioi
984 1745 1140 1858 majoris
1160 1747 1339 1831 ecelesiae
1352 1747 1539 1858 spinensis
1561 1772 1675 1858 snper
1691 1747 1825 1832 eedem
1843 1750 1958 1832 domo

549 1875 706 1960 minime
721 1877 914 1962 molestati
929 1879 1104 1964 debeant.

628 2088 806 2170 (10000.οι
818 2088 867 2154 40.
883 2089 1002 2175 ebdom.
1017 2089 1110 2156 00000.
1124 2093 1217 2175 Spin,
1231 2095 1264 2172 1,
1279 2095 1303 2158 t.
1320 2105 1371 2172 ts,
1386 2106 1431 2170 v0,
1445 2097 1478 2157 m
1490 2094 1611 2158 musteo
1623 2095 1857 2172 0040000004.)

595 2279 764 2352 Henrious
788 2279 847 2352 Dei
872 2279 983 2375 grstia
1010 2281 1241 2356 Romanorum
1265 2303 1329 2355 nex
1352 2290 1388 2356 et
1411 2303 1548 2378 semper
1572 2291 1760 2378 angustus,
1785 2281 1956 2356 universis

547 2403 683 2500 imperii
699 2402 861 2478 fidelibus
879 2405 1009 2499 quibus
1024 2425 1167 2502 presens
1180 2405 1346 2502 scriptum
1359 2405 1555 2480 exhibitum
1572 2405 1675 2480 luerit
1690 2406 1834 2502 gretiam
1855 2429 1955 2481 sunm

545 2539 581 2602 et
597 2549 700 2602 omne
722 2527 866 2600 bonnm.
893 2526 979 2600 Cum
1002 2549 1050 2602 ex
1073 2537 1234 2626 suseepto
1256 2531 1356 2625 regni
1379 2529 1487 2604 nostri
1509 2529 1744 2624 gubernaculo
1766 2530 1954 2626 unicnique

539 2654 599 2748 jue
613 2673 716 2724 snum
732 2672 938 2725 oonservare
952 2661 1131 2728 teneamur
1148 2651 1214 2748 (2),
1234 2652 1317 2728 inde
1336 2663 1390 2726 est
1405 2651 1501 2747 qnod
1514 2675 1557 2728 ea
1570 2675 1640 2748 qne
1658 2662 1826 2748 geruntur
1837 2675 1952 2727 eoram

544 2775 645 2848 nobis
661 2783 697 2848 et
713 2775 959 2870 perjudicium
972 2785 1006 2849 et
1021 2775 1229 2872 eppmbntns
1241 2775 1429 2849 sententies
1443 2775 1726 2866 diffiniuntur,ne
1738 2785 1849 2849 traotu
1867 2787 1952 2850 tem·

544 2899 638 2995 poris
656 2907 716 2972 ant
740 2898 926 2972 calliditate
942 2899 1136 2994 cujuspiam
1150 2899 1284 2996 possint
1301 2899 1474 2974 obt'nsoori
1495 2901 1551 2974 vel
1572 2900 1765 2992 retractari,
1789 2901 1951 2975 memorie

543 3024 733 3096 litterarum
751 3023 870 3119 sepius
892 3021 1186 3097 commendamus.
1205 3023 1261 3096 Ex
1280 3022 1512 3097 insinuatione
1531 3023 1638 3118 igitur
1654 3023 1862 3118 presentium
1880 3045 1951 3098 no-

543 3327 693 3386 relemndo.
706 3325 785 3384 Aliud
799 3326 909 3401 insuper
923 3331 1111 3400 mgumsnttnns
1123 3340 1156 3383 ex
1164 3325 1353 3400 diplomatibus
1365 3327 1530 3386 desumimus
1540 3343 1602 3386 mm
1616 3330 1652 3388 24
1663 3343 1725 3386 nos.
1740 3331 1809 3388 4200
1821 3344 1869 3386 rex
1879 3331 1950 3388 lien·

542 3426 615 3486 rinus
628 3425 733 3484 nivibus
746 3423 939 3484 leodiensibus
950 3424 1092 3499 promittet
1103 3423 1175 3498 qnod
1188 3439 1328 3497 nunquam
1342 3439 1405 3480 eum
1423 3424 1551 3499 episeopo
1567 3423 1708 3484 leodiensi
1723 3423 1840 3499 sliqusm
1856 3432 1951 3486 00040-

543 3528 603 3582 tum
623 3519 733 3580 hebebit
749 3521 800 3580 nisi
820 3521 940 3596 ipsorum
951 3519 1091 3578 libertates
1106 3519 1151 3578 ille
1164 3525 1355 3596 0000000000(
1369 3519 1449 3595 paulo
1468 3527 1531 3596 post
1550 3527 1655 3594 temen,
1672 3521 1776 3580 scilieet
1790 3524 1826 3580 20
1843 3521 1948 3596 jmnsr.

542 3623 608 3680 4234
620 3664 627 3692 ,
644 3621 673 3678 in
687 3620 761 3678 nnis
773 3619 817 3678 oui
830 3619 943 3678 ederent
956 3618 1011 3676 dux
1030 3617 1066 3676 de
1083 3617 1242 3690 limbnmh,
1254 3617 1415 3677 Wdhslmts
1425 3617 1572 3678 advocatum
1583 3619 1718 3694 Aquensis
1728 3626 1758 3678 et
1770 3619 1904 3680 sinotum
1914 3621 1950 3680 de

541 3716 728 3788 0000000400,
740 3717 898 3791 episeopum
906 3715 1031 3774 eumdem
1043 3731 1125 3789 quem
1137 3721 1217 3774 voest
1234 3715 1362 3774 edentum
1379 3715 1530 3791 prinoipem
1548 3722 1577 3776 st
1593 3717 1821 3792 consengnineum
1830 3733 1911 3776 stium
1922 3718 1950 3775 in

540 3814 682 3889 pannem
693 3812 1089 3888 colligatetoonlosdemtiouns
1099 3812 1315 3872 slsodiensibus
1322 3812 1408 3872 tmtss
1414 3813 1715 3874 resonetssonoordism
1721 3814 1950 3888 igiursubliuem

541 3912 606 3970 anni
620 3915 689 3971 4200
701 3917 877 3970 mannum
891 3911 963 3970 olene
975 3910 1112 3969 discimus.

577 4009 614 4084 (4)
632 4011 708 4068 Esne
719 4009 879 4084 legationem
890 4008 1030 4066 Albsrieus
1040 4007 1074 4066 sd
1087 4023 1151 4066 nnn.
1163 4009 1233 4068 4228
1251 4007 1295 4066 his
1311 4005 1401 4066 verbis
1413 4013 1566 4067 memoret:
1584 4027 1597 4062 α
1611 4007 1642 4066 ln
1653 4007 1815 4068 l’rntisvsno
1827 4025 1897 4083 quse
1909 4017 1951 4068 est

543 4125 557 4159 a
570 4105 640 4164 0400
648 4107 784 4164 Poloniun
795 4111 823 4164 ot
834 4105 905 4164 ultre
916 4105 1101 4164 Pomersnism
1113 4105 1256 4180 episeopus
1268 4105 1427 4164 sennensis
1437 4105 1596 4166 Guillelmm
1605 4105 1704 4166 misens
1714 4121 1810 4180 epops
1818 4105 1950 4181 legetis.»

540 4205 596 4262 Iste
606 4210 696 4262 summ
706 4205 851 4278 episeopus
863 4203 936 4279 apud
946 4203 1101 4278 Naumburg
1113 4209 1130 4262 0
1146 4203 1215 4262 febr.
1231 4207 1301 4264 4200
1314 4203 1469 4264 morabatur
1482 4204 1557 4279 (vids
1567 4203 1629 4262 inlr.
1641 4203 1750 4264 docum.
1763 4204 1858 4279 tljunii
1869 4209 1949 4276 4234,

541 4307 598 4361 004.
616 4303 656 4376 4),
670 4309 699 4360 04
710 4318 804 4360 mense
814 4307 929 4376 augusto
940 4301 1012 4376 spnd
1030 4301 1196 4376 Cemrsnum
1209 4302 1266 4376 jem
1278 4301 1307 4359 in
1317 4301 1421 4361 ltslism
1433 4317 1559 4360 reserens
1575 4317 1659 4376 snper
1675 4317 1742 4376 pone
1762 4301 1953 4362 testimomdss

540 4399 643 4458 litteras
653 4399 727 4457 dedit
739 4399 896 4475 (vidsnprs
908 4416 937 4473 p.
950 4398 1025 4473 220).
1040 4399 1134 4474 ltnque
1146 4399 1385 4458 exmmmuniontio
1396 4399 1431 4458 de
1443 4415 1496 4474 qun
1506 4399 1552 4458 hie
1563 4399 1651 4473 egion
1661 4399 1695 4457 sd
1708 4413 1831 4458 mensem
1838 4399 1951 4474 aprilem

541 4496 585 4555 vel
596 4497 695 4554 mnium
708 4497 908 4580 oiroiteshnjns
920 4497 1065 4557 00044200
1079 4495 1448 4572 emendatissimum
1459 4497 1545 4572 mnus
1558 4497 1639 4556 etism
1647 4495 1781 4571 Epidinm
1789 4493 1950 4564 Amssvsll„

539 4594 636 4653 saltem
648 4596 676 4652 in
689 4596 825 4655 notatione
837 4595 914 4667 unni,
927 4610 1018 4654 onore
1031 4595 1127 4670 arguit.

576 4693 613 4765 (2)
633 4693 694 4752 Vid.
706 4709 781 4769 supr.
792 4710 818 4768 p.
836 4697 889 4751 000
903 4699 959 4752 not.
973 4697 999 4750 4.
