4658 6132
529 560 589 624 148
1024 567 1238 630 intueatur
1254 568 1434 630 statuunt
1460 586 1463 592 ¹
1744 567 1821 652 [Asu.
1839 567 1925 631 1229.

528 695 715 770 cariturum
732 724 741 768 ε
759 699 978 794 privilegium
991 701 1084 774 enirn
1099 702 1225 774 meruit
1240 704 1394 776 amittere
1410 701 1586 796 diguitatis
1606 701 1668 796 qui
1688 723 1849 775 concessa
1863 701 1929 774 sibi

526 821 658 892 abusus
669 829 722 894 est
733 831 911 917 potestate.
927 825 1125 898 Secundum
1146 827 1258 921 magis
1278 825 1472 898 execrabile
1493 833 1527 897 et
1546 823 1692 898 inauditi
1706 823 1931 898 admiratione

525 943 675 1040 stuporis
688 943 898 1017 horrendum
911 948 1007 1042 quod
1020 948 1065 1020 de
1078 949 1204 1044 templo
1220 949 1282 1022 Dei
1301 951 1337 1020 in
1354 969 1425 1044 quo
1443 947 1595 1020 Christus
1609 949 1744 1022 oblatus
1756 957 1809 1022 est
1823 957 1858 1021 et
1871 969 1930 1020 se-

526 1067 606 1140 dem
624 1067 690 1140 sibi
706 1091 851 1162 primam
864 1069 1092 1144 cathedralem
1106 1073 1280 1145 constituit
1294 1071 1435 1167 quando
1449 1071 1485 1143 in
1500 1070 1617 1144 medio
1633 1070 1810 1144 doctorum
1821 1071 1926 1162 sedit,

525 1191 671 1264 audiens
689 1201 725 1264 et
743 1194 966 1286 respondens,
983 1194 1096 1288 ipsum
1109 1195 1327 1290 impudenter
1340 1204 1374 1267 et
1387 1195 1612 1267 irreverenter
1628 1194 1728 1286 ejecit
1745 1203 1779 1266 et
1794 1195 1831 1264 in
1847 1195 1930 1268 sede

524 1337 588 1386 sua
603 1315 856 1388 blachometum
872 1316 1047 1410 perditum
1059 1318 1251 1409 collocavit,
1267 1341 1347 1390 cum
1360 1318 1549 1391 doctrinam
1562 1317 1745 1390 uelandam
1764 1326 1799 1389 et
1819 1317 1929 1411 legem

525 1437 636 1532 ipsius
661 1438 697 1508 in
723 1439 849 1532 templo
870 1439 932 1511 Dei
956 1439 1124 1534 predicari
1145 1451 1180 1514 et
1203 1441 1341 1514 clamari
1360 1440 1550 1513 concedens
1571 1440 1742 1513 silentium
1769 1439 1930 1535 preconio

525 1559 725 1653 evangelice
746 1560 899 1632 veritatis
922 1561 1085 1656 imposuit
1098 1561 1169 1658 (t),
1192 1563 1418 1658 ejusdemque
1443 1563 1561 1658 templi
1581 1563 1774 1636 custodiam
1791 1571 1826 1636 et
1843 1563 1930 1658 septi

524 1684 600 1775 ejus
616 1683 731 1754 claves
745 1684 939 1755 Sarraceuis
953 1685 1186 1776 committens,
1207 1687 1339 1758 nullum
1357 1686 1482 1759 intrare
1496 1685 1614 1758 statuit
1627 1684 1849 1758 christianum
1862 1685 1930 1757 nisi

524 1804 570 1878 de
584 1805 766 1878 altitudine
781 1807 900 1900 templi
922 1807 1033 1900 primo
1051 1809 1270 1881 examinatus
1283 1831 1382 1881 suam
1400 1831 1535 1904 pagano
1550 1807 1786 1881 credulitatem
1804 1806 1853 1903 (o)
1866 1829 1930 1881 ex·

524 1937 641 2024 ponat.
655 1929 719 2000 Per
734 1929 829 2021 quod
842 1927 945 2001 datur
960 1931 1105 2024 intelligi
1122 1932 1303 2004 manifeste
1315 1931 1411 2026 quod
1419 1931 1554 2024 judicio
1568 1931 1744 2004 Sanaoeni
1764 1931 1930 2026 relinqui·

525 2061 581 2122 tur
607 2060 723 2122 utrum
749 2051 873 2124 debeat
897 2052 958 2124 Dei
987 2055 1151 2147 templum
1176 2054 1313 2149 ingredi
1336 2055 1555 2126 christianus.
1580 2054 1731 2126 Tertium
1757 2061 1810 2126 est
1835 2053 1931 2149 quod

523 2174 739 2247 Antiochiam
764 2183 797 2247 et
815 2173 1062 2247 Antiochenam
1082 2177 1315 2276 provinciam,
1341 2178 1584 2274 Tripolitanam
1606 2177 1709 2249 etiam
1732 2199 1812 2249 cum
1834 2176 1931 2270 adja-

411 2381 423 2390 ..
525 2297 680 2370 centibus
693 2283 781 2389 suis,
802 2307 950 2370 castrum
962 2299 1057 2392 quod
1073 2298 1199 2372 dicitur
1218 2301 1342 2392 Crach,
1360 2303 1536 2374 castellum
1550 2300 1676 2374 Album
1688 2311 1723 2373 et
1737 2301 1930 2396 biargatum

525 2421 725 2516 occupanda
744 2421 888 2516 paganis
903 2423 1066 2518 exposuit
1077 2423 1218 2516 quando
1232 2423 1306 2518 ipsa
1320 2445 1342 2495 a
1362 2421 1638 2496 confederatione
1654 2433 1852 2517 treguarurn
1867 2445 1930 2496 ex·

526 2545 629 2642 oepit.
645 2545 754 2618 Immo
768 2545 852 2618 si'ea
865 2545 985 2618 invadi
998 2547 1209 2640 contingeret
1219 2569 1240 2618 a
1252 2547 1395 2640 paganis
1410 2569 1480 2620 non
1494 2547 1605 2619 solum
1621 2566 1723 2618 omne
1735 2545 1930 2619 subsidium

525 2690 564 2742 ae
587 2668 838 2762 denegatumm
865 2668 1029 2757 assensit,
1054 2669 1118 2741 sed
1142 2669 1323 2742 universos
1347 2669 1491 2742 ferentes
1512 2669 1683 2742 auxilium
1705 2668 1872 2764 impedire
1895 2679 1931 2742 et

525 2791 686 2864 cohibere
701 2787 945 2884 nefandissimo
961 2791 1148 2882 juramenti
1164 2791 1304 2862 vinculo
1328 2811 1366 2863 se
1383 2790 1549 2863 astrinxit
1562 2791 1661 2884 quasi
1686 2812 1755 2863 nou
1785 2789 1931 2864 sufficiat

526 2913 682 2986 inaudite
696 2912 872 3008 tyrannidi
884 2923 919 2984 et
931 2911 1123 2986 infidelitati
1139 2913 1300 2986 damnate
1317 2913 1482 3008 templum
1500 2913 1563 2986 Dei
1582 2912 1732 2985 hostium
1745 2912 1828 2987 fidei
1846 2915 1930 2986 sub·

525 3037 609 3111 dere
626 3036 779 3131 potestati
802 3045 836 3108 et
856 3036 1063 3130 prophanari
1084 3036 1313 3109 immunditiis
1327 3057 1537 3132 paganorum
1552 3057 1593 3108 ac
1605 3035 1775 3108 Christum
1791 3035 1930 3111 decedo

524 3183 589 3234 sua
613 3159 758 3254 turpiter
785 3159 939 3252 ejecisse,
964 3159 1031 3230 nisi
1056 3161 1158 3232 etiam
1178 3160 1325 3256 primam
1348 3157 1466 3232 sedern
1492 3159 1722 3254 apostolorum
1746 3158 1926 3254 principis,

524 3283 761 3378 ejus'vicarii,
778 3283 1010 3374 juramentum
1030 3283 1063 3355 ei
1084 3283 1263 3378 prestitum
1287 3283 1376 3354 male
1397 3303 1539 3354 servans
1559 3281 1758 3377 exposuerit
1783 3282 1931 3356 inimicis

526 3405 610 3480 lidei
628 3404 824 3494 christiane,
839 3403 1019 3476 manileste
1032 3413 1223 3499 protestans
1244 3403 1342 3498 quod
1355 3401 1505 3476 infidelis
1524 3403 1628 3498 capiti
1650 3425 1719 3476 non
1734 3406 1846 3478 solum
1867 3405 1929 3477 uni

527 3527 699 3618 membro,
718 3526 781 3600 sed
795 3525 855 3598 toti
870 3526 1004 3621 corpori
1017 3527 1063 3598 sit
1078 3525 1219 3600 infidus.
1233 3528 1362 3612 Quarto
1374 3533 1489 3598 autem
1503 3535 1621 3598 contra
1638 3535 1746 3598 totum
1762 3529 1929 3622 populum

526 3650 749 3723 christianum
760 3657 902 3745 apparet
914 3650 1024 3744 ipsius
1038 3659 1073 3722 et
1083 3671 1297 3744 paganorum
1315 3647 1544 3722 confederatio
1559 3649 1739 3723 manifesta
1754 3650 1815 3722 ubi
1831 3650 1878 3723 ita
1892 3673 1930 3724 se

526 3772 767 3848 damnabiliter
783 3772 950 3866 obligavit
961 3773 1057 3866 quod
1072 3793 1191 3844 omnes
1203 3772 1266 3866 qui
1279 3772 1443 3866 predictis
1455 3771 1543 3844 inter
1561 3791 1600 3843 se
1619 3771 1712 3843 initis
1724 3771 1928 3845 factionibus

526 3899 654 3970 vellent
665 3897 924 3991 quomodolibet
940 3895 1285 3987 obviamjuramento
1299 3903 1434 3968 tenetur
1449 3895 1523 3966 suis
1540 3893 1703 3990 expensis
1721 3903 1758 3967 et
1774 3893 1927 3968 exercitu

565 4071 607 4153 (a)
629 4072 686 4150 Ap.
701 4071 862 4151 Rayuald„
880 4066 1086 4132 Gntdolitotrm
1098 4067 1185 4130 male.

563 4377 601 4449 (t)
619 4375 710 4434 lielart
720 4375 792 4434 enim
803 4375 975 4451 ibn-Djouzy,
987 4393 1021 4434 ex
1030 4377 1110 4435 unius
1122 4375 1203 4436 imani
1212 4375 1288 4434 testis
1296 4373 1433 4446 relatione,
1445 4373 1641 4447 imperatorem,
1654 4372 1759 4448 dioquo
1767 4372 1928 4447 mmquimm

528 4473 620 4532 onai
629 4471 824 4546 inspiciendam
833 4471 926 4542 voluit,
940 4473 1111 4546 prohibuisse
1119 4489 1153 4530 ue
1162 4471 1288 4531 sacerdos
1295 4471 1403 4546 quidam
1411 4469 1466 4526 huc
1477 4484 1539 4530 cum
1547 4469 1689 4542 Evangelio
1699 4469 1727 4525 iu
1736 4485 1818 4526 mann
1828 4469 1928 4525 inuare

528 4575 638 4646 paratus
657 4570 754 4628 ostium
774 4568 843 4628 ultra
863 4571 1005 4642 transiret,
1027 4586 1088 4628 cum
1109 4571 1198 4628 nullus
1217 4570 1379 4628 christianus
1399 4567 1528 4643 templum
1545 4567 1714 4625 moslemicae
1738 4567 1790 4641 legi
1810 4567 1928 4624 dicatum

528 4665 636 4740 speciali
649 4665 709 4723 dna
717 4663 823 4723 licentia
837 4663 949 4723 deberet
961 4665 1074 4738 ingredi.
1090 4665 1151 4724 vid.
1161 4667 1297 4738 munuc,
1312 4663 1443 4724 Br'tliotlt.
1458 4662 1502 4722 dra
1513 4661 1638 4724 Groisud.
1651 4663 1844 4738 t.1v,p.tas.
1925 4663 1928 4670 “
