4658 6132
545 655 605 716 ltt
1043 651 1255 714 Fllllllilllcl
1279 651 1451 715 suctum
1759 649 1839 734 [dra.
1858 651 1942 716 1229.

542 791 618 878 ejus
635 785 791 860 districtu
805 787 1010 860 remittimus
1023 786 1177 882 predicta
1190 779 1306 859 omnia
1320 796 1464 882 excepta
1478 783 1642 880 pensione
1664 783 1832 880 imperiali
1846 784 1945 860 vide·

541 911 619 982 licet
641 909 766 1002 viginti
789 931 853 981 sex
879 909 1028 982 denariis
1051 931 1114 1004 pro
1135 910 1210 982 loco
1234 909 1443 1004 singillatim.
1470 909 1522 980 De
1545 905 1787 980 abundantiori
1806 930 1946 1004 quoque

542 1033 652 1128 gratia
675 1055 745 1128 qua
764 1033 1009 1106 consuevimus
1024 1031 1185 1106 fidelibus
1200 1032 1419 1104 benemeritis
1435 1029 1619 1126 providero
1632 1038 1768 1125 portum
1784 1032 1946 1104 llacanati

541 1177 622 1229 cum
638 1155 800 1228 omnibus
813 1155 1066 1248 integritatibus
1082 1165 1116 1228 et
1126 1157 1205 1248 jure
1221 1177 1285 1228 suo
1299 1163 1522 1227 manutenere
1536 1154 1698 1226 volumus
1713 1161 1747 1226 et
1760 1152 1945 1228 defendere

540 1289 611 1350 tam
627 1299 689 1373 per
707 1299 801 1350 mare
818 1299 924 1371 quam
942 1301 1004 1374 per
1024 1285 1167 1367 terram;
1186 1275 1412 1350 concedentes
1432 1275 1630 1348 hominibus
1647 1277 1808 1348 Racauati
1832 1277 1944 1350 iacere

540 1401 655 1496 ipsum
667 1409 804 1497 portum
822 1410 856 1472 ct
869 1401 996 1473 habere
1010 1400 1221 1494 unicumque
1232 1400 1405 1472 volueriut
1420 1399 1758 1472 alluminePotcutie
1772 1399 1853 1472 etin
1868 1400 1942 1494 ipso

541 1524 648 1596 lluvio
659 1544 770 1617 usque
781 1523 827 1596 ad
839 1523 984 1594 fluvium
996 1521 1100 1616 Aspie
1113 1531 1148 1594 ct
1159 1523 1195 1594 in
1208 1522 1284 1618 ipso
1297 1523 1405 1596 llorio
1416 1543 1524 1616 aquas
1534 1519 1727 1594 conducere
1736 1531 1771 1594 et
1782 1523 1828 1595 ad
1840 1544 1942 1595 usum

539 1655 658 1742 portus
672 1649 784 1718 lacere
796 1645 971 1740 quidquid
986 1645 1051 1716 sibi
1068 1645 1192 1718 melius
1207 1653 1242 1718 et
1254 1646 1375 1718 utilius
1388 1645 1540 1718 viderint
1552 1643 1730 1738 expedire,
1742 1646 1848 1718 salvis
1866 1667 1943 1741 pro·

540 1769 761 1842 missionibus
775 1777 809 1841 et
821 1769 1011 1862 pactisque
1029 1768 1117 1839 inter
1134 1767 1227 1862 ipsos
1245 1768 1494 1842 llacauatenses
1506 1775 1540 1840 et
1557 1767 1736 1840 Osimanos
1752 1776 1833 1839 sunt
1855 1768 1941 1841 inita

537 1899 575 1962 et
598 1899 790 1978 contracta3
816 1889 936 1962 dantes
961 1897 995 1961 et
1023 1889 1251 1962 consedentes
1275 1889 1406 1963 eisdem
1430 1889 1628 1962 hominibus
1649 1889 1811 1962 llacnuati
1835 1889 1941 1963 libero

540 2011 682 2108 pacifice
696 2021 730 2084 et
747 2013 863 2106 quiete
880 2020 985 2084 totam
997 2012 1107 2106 ripam
1133 2021 1251 2107 portus
1262 2021 1296 2084 et
1312 2013 1418 2085 maris
1439 2013 1527 2086 inter
1543 2013 1669 2086 llurioa
1682 2021 1887 2085 memoratos
1906 2021 1941 2086 et

538 2137 573 2206 in
593 2135 677 2230 ipsis
690 2135 810 2207 ‘fluviis
826 2135 974 2225 datium,
996 2135 1196 2230 ripaticum,
1213 2136 1441 2210 arhoraticum
1458 2145 1492 2208 et
1506 2135 1751 2230 quodcumque
1766 2138 1825 2228 jus
1843 2135 1940 2209 aliud

538 2256 706 2351 imperiali
724 2255 853 2329 exinde
872 2256 1018 2351 pertinet
1037 2257 1216 2350 majestati.
1239 2259 1454 2330 Remittimns
1469 2257 1572 2330 etiam
1592 2255 1723 2330 eisdem
1741 2255 1939 2329 hominibus

539 2379 700 2451 Racanmi
718 2387 753 2451 et
772 2379 839 2450 hiis
853 2380 914 2473 qui
934 2390 1015 2452 sunt
1032 2379 1077 2452 de
1098 2401 1163 2452 ειιο
1185 2379 1339 2452 districtu
1360 2401 1462 2453 omne
1482 2381 1668 2468 tributum,
1693 2380 1850 2452 collectos
1875 2401 1938 2452 seu

539 2501 650 2574 datias
661 2524 749 2596 quas
764 2501 891 2575 debent
907 2501 1047 2574 domino
1061 2503 1257 2598 imperatori
1268 2497 1528 2576 vel'marcbioui
1542 2513 1604 2575 aut
1617 2503 1720 2576 alicui
1733 2503 1809 2596 ejus
1821 2501 1938 2596 bajulo

538 2624 594 2696 vel
620 2626 760 2716 nuntio,
786 2627 883 2698 salvo
899 2645 940 2698 eo
961 2624 1056 2719 quod
1077 2625 1214 2720 triginta
1237 2634 1305 2698 tres
1318 2626 1423 2698 libras
1442 2627 1679 2700 Ravennatum
1695 2634 1731 2699 et
1750 2625 1937 2698 Anconita-

537 2769 661 2821 norum
687 2749 826 2822 domino
849 2749 1043 2844 imperatori
1074 2750 1130 2820 vel
1159 2753 1234 2842 ojus
1267 2750 1388 2822 nuntio
1416 2747 1592 2822 annuatim
1624 2750 1818 2822 exsolvant.
1854 2749 1936 2819 ltcm

537 2872 901 2965 promittimuseisdem
919 2871 1115 2944 hominibus
1128 2872 1278 2944 Osimiet
1292 2873 1453 2945 liacanati
1466 2872 1561 2967 qnod
1574 2871 1936 2968 oonpreponemuseis

524 2995 592 3066 »vel
609 2995 761 3090 ipsorum
780 2995 948 3067 districtui
973 2995 1121 3088 aliquem
1143 2995 1373 3069 marchionem
1391 2997 1427 3066 in
1458 2993 1612 3068 dominio
1628 2995 1685 3067 vel
1700 2995 1856 3088 segnoria
1874 3015 1935 3066 εει]

536 3117 691 3209 bajulum
700 3117 924 3212 autquemvis
934 3117 1500 3213 aliom,promittenteshominihus
1508 3119 1608 3190 castri
1616 3119 1777 3190 llacanati
1788 3125 1934 3189 castrum

534 3237 674 3312 Fidardi
698 3261 777 3311 cum
800 3239 960 3311 omnibns
985 3240 1057 3310 suis
1091 3241 1304 3335 pertiuentiis
1333 3242 1369 3312 in
1396 3261 1460 3313 sno
1482 3241 1574 3314 bono
1605 3249 1695 3313 statu
1721 3251 1756 3312 et
1780 3235 1935 3311 libertato

533 3383 684 3434 servare.
706 3365 790 3435 ltem
805 3362 1007 3434 remittimus
1024 3383 1086 3456 per
1099 3383 1162 3433 nos
1179 3372 1214 3434 et
1238 3363 1467 3457 promittimus
1491 3365 1601 3436 lacere
1626 3362 1804 3436 dominum
1826 3362 1934 3456 impe·

532 3493 679 3557 ratorcm
692 3486 864 3558 remittere
879 3505 1015 3557 omnem
1031 3503 1155 3578 penam
1179 3505 1240 3556 seu
1257 3487 1428 3578 bannum,
1445 3507 1551 3580 quam
1566 3507 1690 3582 penam
1703 3507 1764 3557 seu
1780 3484 1932 3556 bannum

531 3609 692 3681 dominus
721 3609 904 3704 imperator
929 3617 1135 3700 extorquere
1162 3618 1275 3703 posset
1300 3607 1347 3682 ad
1367 3609 1565 3682 hominibus
1593 3611 1700 3682 Osimi
1716 3618 1752 3681 et
1773 3606 1933 3680 Racanati

530 3732 709 3803 occasione
741 3730 886 3822 alicujus
902 3728 1099 3802 offensionis
1117 3731 1205 3802 lacte
1222 3731 1438 3826 imperatorie
1458 3731 1626 3824 majestati
1639 3733 1695 3804 vel
1709 3731 1861 3804 Ecclesia
1876 3729 1932 3801 vel

530 3873 650 3924 eornm
664 3852 795 3924 nuntiis
806 3851 852 3924 ab
868 3851 999 3924 eisdem
1016 3851 1186 3924 Osimanis
1201 3863 1237 3924 et
1249 3853 1539 3925 liacanatensibus
1556 3853 1759 3947 generaliter
1772 3853 1829 3924 vel
1845 3850 1933 3925 divi·

529 3975 614 4065 sim,
631 3975 676 4048 de
696 3973 927 4048 destructione
941 3973 1087 4066 alicujus
1104 3975 1206 4046 castri
1222 3976 1278 4047 vel
1298 3975 1379 4046 ville
1397 3997 1462 4048 nec
1477 3975 1605 4048 exinde
1625 3976 1870 4070 compellentur
1886 3973 1931 4046 ad

527 4097 774 4169 restitutionem
789 4097 892 4169 alicui
907 4095 1097 4170 taciendam
1113 4122 1122 4166 ε
1136 4117 1206 4190 que
1222 4097 1338 4169 omnia
1349 4097 1578 4192 promittimus
1589 4095 1685 4191 qnod
1696 4097 1931 4170 dominnsim·

527 4231 662 4315 perator
673 4219 938 4292 mtahabebitet
952 4219 1053 4292 faciet
1067 4217 1149 4292 inde
1163 4218 1213 4290 eis
1227 4219 1448 4314 privilegium
1462 4219 1557 4292 bolla
1570 4241 1675 4292 aurea
1684 4219 1930 4292 communitum

526 4343 602 4414 sine
622 4341 786 4437 expensis
805 4363 938 4414 eorum.
951 4341 1006 4416 Ad
1020 4343 1121 4435 cnjus
1143 4341 1371 4415 concessionis
1388 4355 1502 4414 nostre
1523 4341 1722 4414 memoriam
1735 4352 1770 4414 et
1789 4341 1929 4413 inviola-

526 4464 631 4536 bilem
656 4463 850 4537 firmitatem
873 4485 1015 4559 prasens
1040 4465 1259 4561 privilegium
1292 4486 1355 4560 per
1389 4485 1512 4537 manos
1540 4465 1695 4559 Procopii
1728 4462 1773 4537 do
1801 4463 1929 4536 Matera

526 4583 712 4678 imperialis
727 4585 806 4656 aule
821 4585 944 4656 notarii
961 4586 1063 4658 scribi
1079 4586 1247 4678 jussimus
1261 4595 1295 4659 et
1310 4587 1416 4658 nostri
1433 4585 1534 4680 sigilli
1551 4584 1741 4657 munimina
1754 4585 1923 4672 roborari,

527 4729 638 4800 anno,
660 4727 778 4780 mense
793 4715 828 4779 et
843 4705 1029 4782 indictione
1045 4709 1259 4806 subscriptis.
1286 4709 1443 4783 Preterea
1457 4711 1649 4782 Humanam
1671 4729 1751 4780 cnm
1773 4728 1837 4780 suo
1857 4716 1926 4780 toto
