4642 6106
590 631 651 693 2i8
1089 631 1302 696 salutate!
1327 633 1501 696 secuso!
1815 633 1894 719 [ilus.
1913 635 1999 700 12³0.

591 768 796 862 scriptorum
825 767 1057 840 venerabilem
1085 767 1222 840 fratrem
1247 777 1449 842 nostrum...
1476 770 1677 866 Capuanum
1705 769 2001 867 arehiepiseupum

591 891 652 986 qui
672 901 706 964 et
722 899 836 964 nostre
858 891 1057 964 intentionis
1077 891 1237 965 allectum
1254 901 1290 966 et
1312 915 1376 966 sue
1392 893 1566 988 judicium
1584 893 1725 968 rationis
1741 893 1888 968 fideliter
1902 895 2003 990 plene

591 1038 632 1088 ac
657 1017 759 1111 plane
784 1016 845 1086 tibi
875 1015 965 1086 siout
988 1013 1195 1089 confidimns
1221 1017 1412 1108 intimabit,
1441 1016 1647 1091 fiducialiter
1668 1015 1907 1110 admittentes,
1932 1041 2002 1114 que

590 1139 753 1214 addenda
772 1140 827 1212 vel
850 1139 1066 1214 immutanda
1094 1141 1340 1236 conspeximus
1360 1142 1422 1214 tibi
1441 1142 1658 1240 presentibus
1683 1141 1866 1237 dirigimus
1887 1143 2000 1216 inter-

590 1265 698 1354 clusa,
719 1265 936 1338 serenitatem
951 1273 1046 1337 tunm
1065 1265 1250 1337 affectuoso
1264 1275 1424 1358 rogantes
1440 1275 1475 1338 et
1494 1275 1673 1340 monentes
1689 1275 1817 1340 attente
1828 1276 2001 1362 qnatenus

589 1387 818 1460 sinoeritatem
839 1397 988 1460 nostram
1013 1387 1089 1460 sine
1113 1386 1249 1462 fictione
1273 1389 1390 1484 aliqua
1410 1387 1593 1484 diligenter
1610 1387 1792 1462 attendens
1812 1409 1855 1460 aa
1880 1409 2000 1461 secura

589 1511 664 1583 sine
680 1509 896 1584 dubitatione
915 1511 1057 1584 studeas
1075 1510 1282 1607 adimplere,
1301 1511 1350 1583 nil
1365 1513 1503 1608 penitus
1518 1511 1698 1608 suspicans
1712 1511 1864 1606 quesite
1879 1511 1913 1583 in
1932 1513 2002 1584 nli-

589 1655 659 1728 quo
676 1635 919 1709 circumveniri
948 1635 1114 1727 velimus,
1136 1657 1215 1708 oum
1234 1637 1307 1729 jam
1325 1658 1387 1733 per
1404 1636 1466 1709 Dei
1485 1637 1629 1732 gratiam
1653 1637 1816 1708 omnibns
1836 1638 2001 1710 serenatis

589 1759 770 1853 cupiamus
791 1767 830 1830 ut
848 1757 963 1831 omnia
990 1759 1026 1830 in
1054 1759 1131 1831 luce
1156 1758 1361 1856 pmoedant,
1390 1760 1486 1832 nullo
1510 1781 1650 1856 prorsus
1672 1760 1748 1832 loeo
1770 1759 1999 1832 versutiarum

590 1883 739 1954 tenebris
755 1881 932 1973 derelicto,
950 1891 1106 1978 optantes
1122 1891 1162 1954 ut
1179 1883 1225 1956 ad
1240 1891 1362 1956 votnm
1373 1892 1473 1956 tuum
1489 1883 1605 1956 omnia
1620 1903 1782 1980 pmspera
1792 1883 1996 1978 diriguntur.

590 2007 717 2078 Verum
739 2005 843 2078 valde
864 2003 1038 2078 credimus
1062 2005 1229 2102 expedire
1251 2015 1291 2078 ut
1308 2007 1451 2080 nuntius
1474 2007 1531 2082 ille
1550 2016 1632 2080 tuus
1650 2007 1712 2104 qui
1737 2007 1910 2090 nescimus
1930 2029 2000 2102 qno

590 2129 713 2225 spiritu
738 2139 893 2202 nostrum
912 2128 1089 2204 declinans
1108 2139 1286 2226 aspectum
1309 2131 1346 2202 in
1365 2131 1590 2204 Tbeutoniam
1606 2139 1659 2204 est
1682 2131 1876 2228 pmleotus,
1901 2132 1999 2204 eele-

590 2253 673 2326 riler
700 2261 897 2342 revocetur,
925 2275 970 2326 ne
998 2261 1116 2326 eontra
1141 2255 1284 2328 lormnm
1311 2255 1536 2352 prescriptam
1558 2255 1735 2348 eontingat
1760 2253 1999 2328 cautionemu

590 2377 805 2474 principibus
818 2377 988 2452 exhiberi.

639 2503 763 2575 Datum
777 2502 949 2590 Laterani,
966 2501 1010 2574 lll
1027 2521 1136 2575 nonas
1153 2499 1364 2596 deoembris,
1383 2501 1602 2598 pontificatus
1621 2502 1728 2576 nostri
1745 2522 1836 2576 anno
1851 2503 1925 2574 lV0.

395 3055 554 3159 oiddia..
645 3061 849 3172 Gregorius
872 3087 971 3170 papa
992 3061 1182 3145 Friderioo
1208 3061 1470 3145 Romanorum
1496 3059 1713 3170 imperatori
1740 3059 1999 3168 exponitque

591 3219 706 3277 eausa
723 3196 771 3278 de
788 3195 967 3304 petitione
988 3193 1071 3306 ejus
1090 3221 1203 3304 super
1221 3193 1374 3304 juribus
1395 3195 1542 3304 imperii
1561 3195 1601 3275 in
1620 3191 1817 3276 vainoio
1835 3201 1873 3274 et
1890 3192 2000 3272 terris

591 3327 779 3412 haeretica
809 3327 993 3438 pravitate
1027 3327 1175 3410 iniectis
1212 3327 1261 3410 ud
1297 3338 1447 3436 tempus
1476 3325 1801 3436 supersedendum
1829 3323 1999 3429 duxerit,

590 3461 815 3572 nuntiatque
830 3487 870 3544 se
883 3461 933 3544 ad
946 3459 1201 3544 exhibendum
1213 3459 1401 3570 justitiam
1417 3469 1594 3570 paratum
1612 3459 1644 3542 si
1671 3458 1774 3542 idem
1796 3455 2002 3566 imperator

589 3622 703 3706 super
719 3595 868 3680 civitate
886 3597 934 3678 de
952 3595 1115 3680 Casoello
1128 3593 1194 3706 jus
1210 3595 1315 3706 quod
1328 3595 1489 3679 intendit
1506 3593 1686 3704 prosequi
1702 3589 1877 3675 voluerit.

669 3812 789 3888 (lnadlt.
805 3829 843 3873 eu
854 3812 973 3892 liegest.
988 3811 1125 3891 (tragon,
1142 3829 1212 3874 ann.
1229 3811 1283 3887 Ν,
1293 3813 1380 3890 epist.
1398 3821 1436 3873 ta
1450 3818 1481 3872 et
1495 3817 1546 3884 9⁵,
1561 3827 1599 3871 ex
1612 3809 1904 3891 duplleluoplaquae
1917 3815 2000 3874 extat

708 3920 741 3978 ln
754 3917 868 3980 oollaet.
883 3919 1010 3996 Luporta
1020 3917 1062 3978 du
1076 3917 1160 3980 Thell
1171 3921 1202 3978 ln
1212 3918 1352 3980 Btbllutb.
1366 3915 1472 3997 Parta.)

636 4105 833 4200 Gregorius,
844 4113 926 4196 eto,
936 4103 1109 4178 Friderioo
1123 4104 1245 4177 illustri
1258 4105 1488 4178 Romanorum
1500 4104 1696 4201 imperatori
1708 4126 1843 4202 semper
1851 4114 2000 4200 augusto

585 4239 621 4303 et
637 4229 711 4324 regi
730 4228 860 4316 Sicilie,
882 4237 947 4301 etc.
976 4229 1212 4302 venerabilem
1236 4229 1373 4302 lrutrem
1398 4237 1599 4302 nostrum...
1616 4229 1913 4326 arehiepiscopum
1931 4227 1999 4301 Ga·

589 4375 743 4450 pnannm
758 4351 804 4426 ad
821 4373 884 4425 nos
901 4353 946 4425 ab
967 4352 1135 4448 imperiali
1153 4353 1357 4426 celsitudine
1374 4351 1583 4427 destinatum
1601 4353 1805 4451 recipientes
1820 4353 2000 4428 affectione

589 4477 737 4572 gratanti
753 4487 788 4550 et
801 4474 1059 4549 honorificentia
1074 4476 1192 4550 debita
1205 4486 1461 4573 pmsequentes,
1474 4497 1544 4572 que
1556 4477 1658 4551 nobis
1672 4499 1718 4552 ex
1730 4487 1828 4574 parte
1843 4487 1903 4552 tua
1919 4497 1999 4574 pm·

590 4601 704 4698 posuit
725 4601 959 4674 intelleximus
984 4600 1180 4696 diligenter.
1206 4602 1363 4674 Ceterum
1390 4623 1494 4698 super
1517 4601 1561 4674 iis
1587 4625 1666 4674 oum
1691 4601 1852 4674 iratribus
1873 4599 2000 4672 nostris

590 4747 743 4819 congrua
767 4723 1013 4798 deliberatione
1038 4726 1237 4822 prehabito,
1262 4727 1341 4800 lieet
1364 4727 1452 4800 forte
1473 4725 1634 4800 videatur
1656 4734 1836 4819 uteunque
1858 4722 2000 4798 difficile
