4710 6076
487 609 550 672 att
970 667 972 672 ,
1015 613 1186 676 llENlllCl
1210 615 1377 676 sttltlttt
1713 615 1793 696 [Aac.
1812 614 1897 677 1227.

488 747 535 818 ab
548 745 721 820 abbatissa
737 749 793 821 vel
807 770 828 822 a
841 749 1028 846 preposito,
1044 751 1188 824 oonsilio
1202 751 1359 842 ecclesie,
1377 751 1580 824 necessitate
1595 751 1777 846 ingruente
1790 747 1835 846 (t)
1849 749 1898 848 (a)

484 869 618 962 justitie
640 871 744 946 fuerit
767 871 953 962 invitatae,
982 895 1048 948 nec
1072 873 1118 946 sit
1134 875 1320 970 quisquam
1344 875 1539 948 mortalium
1561 875 1649 948 liber
1672 876 1730 948 vel
1751 897 1896 966 servus,

487 995 576 1068 civis
591 999 648 1070 vel
663 997 834 1086 villanus,
856 1021 921 1072 nec
943 999 1183 1096 cujuscunque
1204 1001 1413 1076 conditionis
1428 1021 1491 1074 seu
1510 999 1729 1096 professionis
1754 1019 1898 1096 persona

485 1141 555 1215 que
582 1131 755 1196 monetam
781 1122 838 1196 vel
865 1123 1061 1198 theloneum
1085 1127 1142 1196 vel
1168 1126 1354 1199 maceniam
1375 1126 1432 1198 vel
1454 1145 1591 1198 mensas
1618 1124 1896 1202 concambiorum

486 1243 613 1318 feodali
626 1245 707 1338 jure
726 1247 783 1318 vel
806 1246 1014 1321 hereditaria
1038 1249 1254 1344 possessione
1278 1249 1431 1342 requirat
1448 1249 1505 1322 vel
1522 1247 1708 1322 vendicare
1725 1247 1793 1320 sibi
1818 1270 1897 1344 pre-

486 1377 619 1459 sumat,
653 1369 744 1442 sicut
770 1369 896 1444 dilecta
921 1369 1035 1444 fidelis
1059 1381 1175 1444 nostra
1201 1372 1406 1445 Nivellensis
1435 1371 1609 1444 abbatissa
1641 1379 1828 1444 memorata
1859 1372 1895 1442 in

486 1489 666 1564 dexteram
679 1502 831 1568 nostram
846 1516 1025 1590 nunquam
1038 1517 1076 1568 se
1093 1496 1162 1568 hiis
1175 1495 1289 1569 modis
1302 1517 1541 1570 concessuram
1556 1495 1726 1592 promisit,
1744 1509 1778 1568 et
1791 1516 1896 1590 gene·

484 1615 565 1688 ralis
583 1617 778 1714 principum
804 1619 940 1715 imperii
958 1621 1127 1692 sententia
1144 1641 1208 1694 uec
1231 1621 1277 1692 ab
1291 1643 1333 1694 ea
1348 1643 1413 1694 nec
1427 1622 1473 1694 ab
1488 1620 1555 1692 alia
1571 1619 1639 1692 sibi
1660 1619 1696 1690 in
1719 1627 1894 1715 posterum

483 1760 685 1815 successura
711 1765 813 1838 posse
837 1744 1001 1838 predictis
1029 1743 1142 1817 modis
1162 1744 1305 1818 concedi
1327 1745 1512 1838 judicavit.
1538 1743 1690 1838 ldeoque
1712 1743 1895 1816 statuimus

483 1873 519 1936 et
543 1866 651 1960 regali
675 1867 877 1940 auctoritate
899 1867 1076 1940 sancimus
1103 1875 1143 1938 ut
1167 1869 1284 1940 nullus
1309 1868 1402 1959 dux,
1432 1869 1549 1940 nullus
1575 1867 1749 1956 marchio,
1778 1868 1894 1940 nullus

484 2009 611 2081 comes,
628 1991 744 2062 nullus
757 1991 961 2084 advocatus,
971 1993 1066 2064 nulla
1082 1991 1234 2087 denique
1246 2014 1391 2088 masona
1407 1993 1548 2064 humilis
1560 1993 1616 2065 vel
1631 1992 1712 2084 alta,
1728 1991 1894 2065 emulans

484 2114 540 2185 vel
560 2113 806 2207 ecclesiastica,
826 2117 916 2188 banc
936 2115 1228 2189 confirmationem
1243 2127 1277 2188 et
1292 2116 1503 2190 auctoritatis
1528 2126 1643 2189 nostre
1668 2136 1800 2188 sacrem
1823 2137 1893 2210 pa-

482 2236 600 2330 ginam
619 2237 747 2312 audeat
767 2239 897 2313 violare
917 2241 973 2312 vel
995 2240 1172 2335 aliquibus
1195 2241 1398 2334 injuriarum
1421 2240 1627 2336 calumpniis
1649 2261 1711 2312 sen
1732 2239 1893 2336 dampnis

482 2372 658 2456 presumat
681 2372 896 2460 attemptare.
923 2365 1027 2450 Quod
1053 2365 1115 2459 qui
1141 2387 1230 2438 ausu
1257 2363 1437 2438 temerario
1460 2366 1572 2438 fecere
1594 2365 1651 2437 vel
1675 2365 1892 2458 aliquatenus

481 2485 563 2558 huic
583 2487 697 2560 edicto
719 2497 835 2561 nostro
854 2510 892 2561 se
910 2488 1157 2586 presumpserit
1178 2510 1368 2585 opponere,
1392 2509 1473 2561 reus
1490 2489 1676 2581 majestatis
1692 2498 1831 2562 centum
1850 2489 1891 2560 li-

479 2610 561 2684 bras
579 2611 658 2706 puri
674 2612 751 2708 auri
769 2635 832 2708 pro
852 2635 943 2708 pena
962 2623 1162 2710 componat,
1181 2614 1366 2688 dimidium
1381 2613 1465 2686 fisco
1481 2623 1610 2706 nostro,
1624 2613 1791 2708 reliquam
1808 2635 1892 2686 vero

482 2743 614 2830 partem
630 2735 804 2810 abbatisse
821 2747 857 2810 et
873 2737 1017 2810 ecclesie
1038 2739 1218 2834 prelibato.
1243 2741 1315 2811 lloc
1331 2746 1446 2811 autem
1469 2738 1682 2811 autenticum
1704 2737 1889 2831 majestatis

482 2869 596 2932 nostre
616 2860 834 2955 privilegium
858 2871 1029 2936 atratum
1053 2863 1217 2937 consistat
1234 2874 1268 2936 et
1290 2863 1336 2937 ad
1356 2885 1462 2936 evum
1483 2863 1727 2935 inconcussum
1751 2883 1890 2957 perma-

481 2992 561 3056 neat
572 2983 740 3056 conscribi
746 2984 914 3078 Jussimus
925 2995 960 3057 et
971 2985 1076 3079 sigilli
1089 2986 1196 3058 nostri
1206 2986 1431 3082 impressione
1441 2985 1658 3081 precepimus
1667 2985 1885 3057 communiri.

529 3108 640 3200 Hujus
657 3108 774 3202 itaque
794 3109 874 3182 facti
894 3112 1002 3182 nostri
1017 3119 1120 3183 testes
1133 3121 1214 3183 sunt
1229 3113 1265 3184 S.
1293 3110 1581 3204 Moguntinensis,
1602 3111 1644 3181 ll.
1663 3109 1885 3201 Coloniensis,

479 3231 542 3303 Th.
573 3233 858 3325 Treverensis,...
889 3234 1150 3329 salzburgensis
1181 3236 1397 3310 venerabiles
1427 3235 1698 3330 archiepiscopi,
1728 3235 1770 3305 Η.
1804 3235 1889 3306 leo·

478 3355 624 3446 diensis,
642 3357 685 3428 ll.
703 3357 975 3452 Herbipoleneis,
1002 3360 1045 3430 H.
1068 3359 1284 3452 Eistetensis,
1301 3361 1343 3432 ll.
1364 3359 1578 3447 basiliensis,
1601 3356 1642 3429 G.
1662 3357 1889 3431 Cameracen-

477 3480 527 3553 sis
554 3481 724 3576 episcopi,
757 3483 795 3555 L.
821 3481 977 3570 Austrie,
1004 3483 1043 3554 L.
1073 3483 1248 3576 Bawario,
1275 3485 1313 3556 L.
1344 3481 1534 3574 Corinthio,
1561 3481 1623 3554 Tb.
1649 3481 1884 3575 Lotberingie,

477 3606 519 3679 H.
542 3605 588 3684 de
608 3606 778 3678 Lemburc
796 3605 920 3700 duces,
933 3607 977 3678 t.
993 3605 1220 3701 landgravius
1236 3605 1440 3702 Thuringie,
1463 3607 1506 3678 Η.
1524 3605 1678 3680 marchio
1700 3603 1746 3678 do
1760 3605 1884 3695 Badiu,

476 3728 513 3800 C.
540 3728 750 3824 burgravius
771 3729 817 3804 de
834 3729 1055 3822 Nurimberc‚
1076 3731 1238 3805 Gerlacus
1258 3733 1303 3806 de
1327 3731 1528 3826 Budingen,
1552 3732 1610 3803 W.
1642 3729 1688 3804 de
1709 3730 1886 3804 Bollandia

477 3851 623 3948 dapifer,
640 3853 679 3925 C.
701 3853 746 3926 de
762 3853 926 3950 Walpurc
946 3855 1096 3950 dapifer,
1114 3857 1151 3928 C.
1169 3867 1204 3928 et
1223 3857 1264 3928 Ε.
1282 3855 1446 3950 pincerne
1460 3854 1506 3927 de
1522 3855 1762 3944 Winterstete,
1782 3855 1819 3924 l..
1841 3853 1887 3926 de

475 3975 695 4066 Griadelabe,
712 3979 754 4050 H.
775 3976 820 4050 de
833 3979 1019 4070 Sollzbnro,
1036 3979 1073 4052 C.
1092 3979 1136 4053 de
1151 3982 1351 4073 Hagenowe
1365 3977 1472 4052 etalii
1488 3978 1722 4073 quamplures.

524 4101 670 4196 Signum
684 4101 816 4175 domini
831 4103 969 4176 Henrici
986 4103 1123 4200 septimi
1137 4105 1367 4176 Romanorum
1387 4101 1480 4198 regis
1493 4101 1722 4178 invictissimi.

523 4225 647 4299 Actum
657 4224 1033 4322 apuddqaisgranum,
1049 4247 1141 4300 euno
1152 4227 1324 4301 dominice
1337 4226 1584 4301 incomatiouis
1594 4225 1881 4316 M.CC⁰.XXVll⁰,

473 4349 575 4424 tertio
587 4349 753 4424 kalendas
768 4351 898 4446 aprilis,
918 4351 1107 4426 indictione
1120 4352 1195 4424 XV.

503 4549 556 4634 ’(α)
578 4553 644 4616 Vox
657 4553 733 4615 lectu
747 4552 929 4618 difficlllfmo.
