4658 6132
386 652 544 733 unica]
831 647 1027 713 HISTORIA
1051 645 1343 710 errrouerrcm
1734 641 1790 704 iti

383 789 487 862 tionis
495 787 667 861 auxilium
679 785 959 860 sicutliberaliter
966 785 1181 882 promisistis,
1191 784 1275 879 qnia
1286 805 1365 856 cnm
1374 803 1436 878 per
1447 781 1510 854 Dei
1522 780 1667 874 gratiam
1675 779 1792 852 Eccle-

384 911 436 985 eia
454 931 596 984 romana
608 910 725 982 multis
738 909 851 982 modis
864 909 972 1006 possit
983 908 1050 982 sibi
1066 909 1257 1000 consulere,
1273 927 1491 1002 nequaquam
1505 905 1729 1001 imputaretur
1745 903 1792 976 ei·

386 1033 467 1108 dem
483 1034 513 1106 si
527 1033 768 1106 assistentibus
785 1033 850 1105 sibi
871 1032 1015 1106 libenter
1030 1031 1192 1106 assistens
1210 1030 1333 1104 adesse
1348 1029 1544 1104 nolentibus
1560 1050 1630 1102 non
1641 1027 1788 1102 adesset.

433 1161 558 1230 Datum
571 1156 717 1247 Perusii,
734 1157 779 1230 Vl
793 1155 958 1230 kalendas
967 1155 1060 1247 julii,
1077 1153 1296 1252 pontificatus
1312 1153 1419 1226 nostri
1434 1173 1526 1226 anno
1546 1152 1657 1226 [erbe.

442 1715 645 1826 Gregorius
667 1740 769 1826 papa
785 1715 866 1826 regi
884 1714 1063 1798 Franciae
1080 1713 1210 1798 scribit
1232 1715 1425 1826 quomodo
1443 1712 1654 1796 Fridcrieus
1675 1712 1796 1822 impe-
1859 1707 1959 1817 iffi:

388 1855 653 1958 mturpaotum
661 1846 1044 1930 execrabileinTerra
1052 1855 1280 1930 sanctucum
1288 1846 1484 1930 Saracenis
1496 1845 1636 1948 inierit,
1646 1853 1795 1956 etpost-

387 1979 547 2062 modum
560 1980 686 2063 ilcoon
704 2005 878 2064 reversus
895 2005 936 2063 se
948 1978 1120 2090 gesserit,
1134 2003 1224 2063 eum
1240 1978 1445 2062 exhortans
1457 1977 1507 2062 ad
1520 1978 1794 2062 vendicandam

387 2113 566 2224 injuriam
579 2114 798 2199 Salvatoris.

467 2326 592 2408 [incdit.
606 2330 710 2391 saitem
723 2329 779 2391 sub
792 2328 848 2390 bno
861 2327 957 2390 forma
969 2344 1008 2389 err
1022 2327 1135 2389 collect.
1149 2325 1227 2388 Bibl.
1240 2327 1347 2404 Paris,
1360 2343 1430 2388 ann.
1444 2328 1503 2400 ΠΙ,
1516 2336 1549 2426 ιι·
1559 2335 1607 2388 aa.
1621 2327 1705 2388 llanc
1717 2343 1796 2390 earn·

507 2435 575 2496 dem
587 2435 657 2496 duci
669 2434 956 2497 Austrlaedlreotam
968 2434 1061 2496 edidit
1072 2435 1247 2506 anrrrn„
1261 2429 1370 2493 dcccl
1386 2429 1493 2504 melec,
1506 2433 1544 2494 ad
1553 2450 1624 2495 nnn.
1635 2429 1654 2513 S
1667 2431 1794 2513 XXIII.)

439 2620 635 2714 Gregorius,
654 2629 737 2714 ete,
758 2620 935 2694 carissimo
950 2620 987 2692 in
1007 2619 1139 2694 Christo
1163 2617 1234 2692 lilio
1251 2619 1324 2714 regi
1346 2620 1487 2693 Francia
1508 2619 1631 2692 illustri
1651 2620 1796 2692 salutem

389 2753 424 2816 et
440 2743 660 2839 apostolicam
674 2745 963 2818 benedictionem.
982 2745 1074 2817 inter
1090 2744 1157 2817 alia
1173 2743 1303 2838 liegitia
1317 2745 1447 2839 quibus
1461 2745 1498 2817 F.
1522 2743 1636 2819 dictus
1651 2742 1797 2838 impera-

389 2876 443 2942 tor
457 2866 562 2940 iidem
579 2867 730 2940 nominis
744 2867 921 2940 christiani
938 2867 1094 2941 confudit
1106 2876 1142 2940 et
1153 2867 1320 2963 prodidit,
1340 2876 1488 2962 quatuor
1504 2869 1666 2963 precipue
1681 2876 1800 2941 notare

389 2991 499 3066 debes
515 2991 699 3088 alphabeto
713 2991 930 3088 quadruplici
943 2989 1154 3088 deploranda
1168 3013 1237 3086 que
1249 3013 1312 3087 per
1324 2991 1454 3065 litteras
1467 2991 1673 3065 venerabilis
1688 2993 1800 3066 fratris

389 3113 1025 3210 nostri...l’atriarohclerosolymituni
1036 3113 1220 3210 apostolice
1231 3114 1324 3188 sedis
1332 3114 1435 3210 legati
1449 3115 1550 3188 nobis
1561 3126 1643 3190 eunt
1653 3115 1800 3192 fideliter

388 3233 545 3308 intimate
564 3243 600 3309 et
627 3235 664 3307 in
687 3237 797 3309 iorrnu
818 3245 937 3330 beuge
960 3235 1043 3308 inite
1062 3257 1143 3308 cnm
1166 3236 1309 3330 paganis
1326 3235 1586 3331 perpenduntur
1604 3239 1795 3312 manifeste.

388 3355 541 3428 Primum
561 3357 658 3452 quod
683 3379 779 3432 arma
804 3357 988 3432 christiane
1011 3357 1148 3450 militie,
1165 3357 1273 3452 gladii
1295 3367 1495 3454 potestatem
1516 3360 1687 3436 deuitare
1706 3361 1798 3436 beati

388 3477 478 3550 Petri
503 3479 650 3574 sumpti,
677 3480 725 3553 ad
748 3479 938 3554 vindictam
970 3482 1226 3554 malefacterum
1251 3481 1460 3576 laudemque
1486 3484 1656 3557 boncmm
1680 3483 1747 3558 sibi
1776 3507 1798 3559 a
1906 3490 1911 3496 “

390 3599 523 3674 Christo
542 3624 723 3698 persuum
748 3604 917 3678 vicarium
937 3605 1114 3700 assignati,
1133 3625 1204 3699 quo
1221 3625 1342 3701 pacem
1362 3605 1503 3699 Christi,
1527 3606 1630 3680 fidem
1647 3609 1797 3684 Ecclesia

390 3723 589 3799 defenderet
605 3735 641 3800 et
665 3727 832 3820 muniret,
854 3729 1003 3803 soldano
1016 3728 1203 3825 Babylonis
1224 3727 1364 3800 inimico
1382 3725 1481 3820 fidei,
1496 3729 1694 3806 adversario
1711 3736 1795 3809 'iesu

390 3847 531 3940 Christi,
556 3851 678 3924 cultori
701 3852 827 3948 perditi
857 3853 1080 3946 blachometi,
1109 3851 1406 3948 impudentissime
1430 3855 1634 3950 resignavit,
1660 3856 1796 3930 denun-

390 3971 480 4044 tians
501 3973 535 4045 ei
552 3982 591 4045 ut
610 3973 655 4047 de
672 3975 749 4071 ipsc
771 3977 898 4050 laceret
914 3976 1087 4071 quidquid
1107 3977 1210 4049 veliet
1227 3985 1263 4050 et
1283 3976 1456 4049 affirmans
1470 3999 1507 4050 se
1527 3979 1617 4051 nolle
1633 4001 1728 4055 arma
1750 3983 1795 4057 de

391 4101 503 4166 cetero
515 4117 690 4171 assumere
705 4107 823 4172 contra
835 4099 969 4194 ipsum,
987 4122 1091 4194 quem
1108 4108 1148 4172 ut
1165 4099 1438 4195 impugnatorem
1460 4099 1541 4172 lidei
1567 4101 1712 4194 fideliter
1729 4105 1794 4178 im-

391 4227 576 4312 pugnaret,
601 4235 780 4318 acceperat
802 4223 989 4320 imperialis
1010 4223 1169 4296 culminis
1191 4221 1405 4317 dignitatem.
1433 4223 1496 4296 Per
1520 4225 1615 4319 quod
1641 4199 1795 4322 patenter

389 4339 547 4435 arguitur
569 4344 666 4436 qued
691 4344 850 4440 dignitati
877 4345 1011 4442 imperii
1031 4347 1175 4440 ejusque
1196 4355 1407 4440 spontaneus
1430 4327 1640 4423 renuntiavit
1657 4351 1791 4446 honori,

390 4485 472 4536 curn
496 4467 735 4541 executionem
756 4469 861 4565 gladii
880 4479 998 4543 eontra
1019 4469 1134 4542 hostes
1153 4467 1236 4542 fidei
1259 4479 1358 4565 pacto
1380 4443 1565 4544 execrabili
1586 4481 1620 4545 et
1636 4473 1794 4550 inaudita

390 4587 647 4684 presumptione
664 4592 858 4683 remittens,
877 4593 1053 4690 potestatis
1074 4602 1109 4664 et
1132 4591 1309 4686 dignitatis
1335 4614 1398 4666 sue
1420 4614 1458 4667 se
1483 4594 1643 4690 spoliavit
1660 4597 1790 4689 officio,

391 4732 496 4788 causa
507 4735 546 4788 se
559 4715 734 4812 privatum
751 4717 931 4792 insinuans
947 4718 1047 4812 eujus
1061 4717 1185 4792 ellectu
1198 4717 1356 4814 pmmisit
1369 4726 1405 4791 et
1417 4718 1548 4812 juravit
1563 4739 1602 4794 se
1620 4719 1667 4796 de
1680 4730 1793 4797 oetam
