4642 6106
345 639 442 700 lunum.
458 634 500 718 4.]
799 629 993 694 fllsroltlll
1018 631 1308 694 oleaollurlca.
1696 629 1756 690 269

345 780 382 844 et
399 745 481 843 ante
499 767 624 842 laoiem
639 767 715 860 ejus
736 765 822 862 pmh
840 763 969 861 pudor!
988 766 1025 838 in
1039 766 1200 860 injuriam
1225 766 1307 842 lidei
1328 763 1475 862 perlidia
1493 775 1563 838 tam
1585 765 1755 840 obstinata

347 900 548 986 consurgat,
570 889 656 964 dum
673 889 794 963 hericii
810 891 929 962 loreas
946 890 1096 978 babeant
1115 901 1150 964 et
1167 892 1270 965 lamie
1286 890 1420 964 nudent
1440 911 1607 964 mammas
1625 899 1663 962 ut
1678 891 1756 964 lao-

347 1027 421 1090 tent
437 1017 569 1090 catulos
586 1015 751 1088 infelices.
772 1014 862 1098 Quia
881 1014 987 1108 igitur
1005 1035 1051 1088 ex
1071 1015 1256 1112 apostolice
1278 1014 1487 1112 provisionis
1504 1015 1667 1088 instantia
1685 1039 1755 1108 qua

348 1140 512 1214 tenemini
534 1139 581 1213 ad
609 1136 853 1233 extirpandam
879 1136 1062 1212 hereticam
1087 1140 1289 1236 pravitatem
1320 1138 1506 1234 polentiam
1535 1147 1684 1210 nostram
1709 1139 1755 1210 ad

347 1263 503 1356 ejusdem
529 1260 660 1334 heresis
685 1260 929 1334 exterminium
949 1261 1111 1356 precibus
1128 1271 1163 1336 et
1185 1261 1325 1336 monitis
1343 1259 1502 1332 excitatis
1521 1260 1591 1356 (t),
1608 1281 1689 1332 ecce
1710 1261 1755 1331 ad

348 1407 469 1461 vooem
486 1385 625 1458 virtutis
642 1393 756 1458 vestre
771 1385 843 1456 zelo
862 1383 942 1457 lidei
963 1405 1035 1478 quo
1053 1394 1209 1457 tenemur
1224 1385 1271 1460 ad
1291 1384 1474 1458 fovendam
1491 1383 1755 1456 eeclesiasticam

349 1512 513 1584 unitatem
540 1517 712 1604 gratanter
741 1507 974 1601 assurgimus,
1005 1508 1229 1603 beneplacitis
1255 1508 1379 1580 vestris
1408 1507 1543 1580 devotis
1576 1506 1756 1580 affectibus

347 1641 600 1718 concurrentes,
613 1632 708 1704 illam
720 1630 934 1724 diligentiam
948 1641 983 1704 et
996 1632 1262 1705 sollicitudinem
1278 1631 1466 1726 impensuri
1479 1627 1525 1704 ad
1537 1629 1754 1702 evellendum

347 1765 383 1827 et
396 1753 637 1850 dissipandum
654 1752 699 1827 de
710 1753 874 1848 predictis
890 1753 1089 1826 civitatibus
1103 1765 1234 1849 pestem
1250 1755 1398 1827 heretice
1411 1754 1589 1848 pravitatis
1601 1765 1655 1844 ut,
1672 1775 1755 1826 auc·

348 1889 421 1950 tora
439 1877 579 1952 domino
604 1876 660 1948 oui
679 1885 816 1969 gratum
842 1875 924 1949 inde
940 1877 1146 1970 obsequium
1169 1887 1320 1973 prestare
1339 1875 1546 1950 confidimus
1569 1899 1610 1948 ac
1634 1878 1756 1950 vestris

348 2000 637 2094 coadjuvantibus
651 2000 797 2090 meritis,
819 1999 952 2072 nullum
967 2001 1002 2071 in
1019 2001 1070 2072 eis
1088 2001 1272 2095 vestigium
1289 2001 1437 2096 supersit
1456 2001 1599 2089 erroris,
1620 2022 1661 2074 ao
1678 1999 1755 2072 lini·

349 2125 449 2198 limas
472 2133 508 2197 et
534 2133 681 2197 remotas
711 2145 949 2219 quascumque
974 2124 1093 2220 previa
1116 2125 1175 2220 (o)
1202 2126 1294 2196 lama
1319 2135 1433 2220 partes
1456 2125 1605 2218 attigerit
1626 2125 1753 2196 inllicta

348 2267 437 2340 pena
456 2255 640 2342 perterreat
657 2244 723 2342 (2),
743 2255 777 2319 et
791 2247 955 2319 omnibus
975 2247 1164 2320 innotescat
1184 2269 1248 2320 nos
1262 2247 1396 2321 ardenti
1413 2259 1493 2320 volo
1506 2248 1615 2320 zelare
1633 2269 1754 2343 pacem

347 2369 499 2442 Ecclesia
513 2379 548 2442 et
559 2369 728 2443 adversos
743 2370 859 2443 hostes
873 2369 954 2443 fidei
969 2381 1004 2444 et
1014 2371 1060 2444 ad
1078 2370 1221 2466 gloriam
1239 2380 1273 2444 et
1290 2372 1454 2444 honorem
1469 2372 1588 2444 matris
1605 2372 1754 2444 Euolesie

348 2494 458 2566 ultore
469 2492 586 2586 gladio
600 2501 756 2588 potenter
768 2493 915 2587 accingi.
1319 2545 1321 2550 -

396 2619 521 2691 Datum
535 2618 685 2707 Tarenti,
704 2617 843 2690 XXVlll
857 2617 1033 2710 februarii,
1053 2617 1095 2690 lv
1110 2617 1318 2692 indictionis.

564 2923 1538 2936 —mffl-..n—

402 3209 605 3321 Gregorius
618 3235 717 3319 papa
731 3209 919 3293 Friderico
934 3212 1192 3294 Romanorum
1207 3213 1424 3322 imperatori
1438 3220 1636 3326 respondet
1652 3227 1756 3330 quod
1830 3230 1928 3324 “55:5¹5

348 3343 530 3452 cumipse
542 3352 796 3452 conqueratur
808 3343 856 3426 de
869 3345 1062 3427 communi
1076 3344 1265 3428 Esoulaoo
1278 3346 1453 3430 fidelibus
1467 3351 1546 3432 suis
1559 3353 1625 3460 qui
1640 3381 1756 3462 quas-

348 3477 439 3556 dam
452 3474 566 3558 feuda
586 3475 693 3586 regui
712 3474 794 3585 ejus
816 3475 983 3559 delinere
999 3477 1193 3582 dicuntur,
1213 3479 1428 3586 imperiales
1442 3480 1635 3589 justitiarii
1658 3487 1777 3569 eirca·

391 3663 431 3742 (a)
454 3666 490 3725 ln
501 3667 649 3744 lmpressls
657 3667 787 3746 pecua,
803 3670 889 3728 male.

385 3955 419 4026 (t)
439 3953 536 4012 Extam
552 3955 673 4028 Gregorii
689 3971 774 4028 papae
790 3955 893 4012 litterae
905 3955 1024 4026 ejusdem
1038 3957 1179 4030 temporis,
1195 3957 1297 4016 scilieet
1307 3959 1363 4016 dat.
1379 3960 1512 4029 Laterani,
1527 3963 1562 4018 lV
1573 3978 1637 4020 non.
1651 3967 1752 4034 martii,

348 4053 484 4122 annolll⁰‚
495 4055 597 4124 n042'l,
607 4051 697 4110 abbati
709 4052 818 4110 Cavensi
827 4051 954 4120 directae,
963 4052 1062 4126 quibus
1071 4053 1200 4128 quosdam
1209 4055 1358 4114 haereticos
1366 4057 1424 4129 ejus
1433 4058 1571 4116 euswdiae
1579 4063 1756 4122 committitis

347 4149 497 4206 amtissima
510 4148 587 4206 lovea
600 4155 628 4206 et
639 4149 691 4206 sub
704 4149 817 4207 vinculis
827 4148 920 4206 lerreis
933 4151 1076 4222 separatim
1088 4151 1288 4209 munerandos«
1304 4153 1395 4210 llense
1409 4153 1534 4212 februarii
1550 4159 1668 4214 nonnulli
1681 4161 1755 4217 Pate-

349 4263 363 4296 »
379 4259 504 4302 renonum
517 4245 545 4301 io
559 4245 631 4304 Urbe
640 4245 741 4304 inventi
753 4253 816 4302 sunt
828 4261 942 4320 quorum
960 4245 1003 4302 alii
1014 4253 1078 4304 sunt
1087 4245 1148 4322 igne
1157 4249 1267 4306 ommati
1285 4265 1346 4306 curu
1360 4251 1577 4312 inconvertibiles
1589 4263 1696 4325 essent,
1711 4259 1755 4314 alii

350 4361 364 4394 s
379 4343 466 4400 donee
483 4342 637 4416 poeniteam
649 4349 713 4400 sunt
729 4343 764 4400 ad
776 4341 949 4400 cremensem
963 4341 1103 4400 eeclesiam
1112 4349 1140 4400 et
1151 4343 1223 4418 apud
1235 4345 1319 4403 Caras
1332 4346 1435 4404 directi.
1450 4349 1546 4406 laroc.
1560 4366 1596 4407 na
1608 4351 1636 4407 S.
1650 4353 1753 4424 Grau„

349 4437 476 4496 Oltrouio.
489 4438 526 4496 od
538 4455 605 4498 ouo.

383 4535 418 4608 (ἱ)
439 4556 452 4590 a
467 4537 614 4610 lmperator
626 4553 676 4611 pro
689 4538 827 4612 capiendis
842 4539 979 4597 Patemnis
992 4539 1064 4614 apud
1077 4540 1214 4616 Neapolim
1236 4543 1318 4600 mittit
1335 4544 1462 4616 Quum
1481 4546 1711 4625 archiepiscopum
1730 4561 1757 4610 et

350 4651 364 4682 a
379 4631 542 4689 lliehardum
555 4631 589 4690 de
600 4633 754 4708 Principale
762 4635 953 4694 marescalcum
963 4651 1056 4709 auum,
1070 4637 1211 4712 dequibus
1222 4639 1301 4714 aliqui
1311 4647 1373 4698 suut
1385 4639 1483 4700 inventi
1496 4651 1523 4702 et
1534 4645 1647 4704 vinculis
1659 4651 1760 4706 manci-

349 4745 363 4780 s
379 4729 443 4802 pati.
455 4749 467 4780 a
480 4729 553 4787 Rrec.
568 4745 604 4788 nn
616 4730 643 4789 S.
660 4731 762 4804 Grau,
777 4731 888 4792 ididem.
