4658 6132
557 575 598 638 ss
1059 573 1271 634 rarornrcr
1296 573 1471 638 sncuuor
1778 573 1857 660 [nn.
1877 576 1965 640 reso.

556 708 747 783 Salomonis
758 707 924 802 templum
938 716 991 780 est
1006 729 1070 780 nec
1088 709 1253 803 templum
1267 709 1406 781 Domini
1419 711 1477 784 vel
1491 707 1684 804 quidquam
1697 729 1817 782 eornm
1832 711 1964 784 ambitu

556 834 811 930 complexuque
836 839 1054 924 contentum,
1080 854 1144 904 nec
1161 833 1232 928 pati
1261 833 1365 907 dehet
1387 835 1556 906 Francum
1580 834 1689 906 ullum
1715 834 1967 930 cujuscumque

555 959 668 1052 gentis
684 956 786 1028 luerit
801 955 868 1028 hec
881 954 1059 1045 invadere,
1080 956 1144 1029 sed
1163 957 1259 1029 nullo
1277 979 1419 1052 prorsus
1433 957 1611 1030 immutato
1625 965 1727 1030 erunt
1746 957 1782 1028 in
1798 965 1964 1053 potestate

555 1091 590 1153 ει
603 1102 710 1152 manu
723 1081 989 1152 sarracenorum
1001 1078 1117 1172 quiea
1131 1079 1359 1153 adorationes
1374 1103 1455 1154 suas
1467 1080 1665 1154 fundendas
1672 1103 1841 1175 suamque
1852 1083 1963 1175 legem

552 1203 832 1302 proclamandam
843 1202 1062 1294 obtinebunt,
1083 1205 1179 1276 nulla
1196 1204 1238 1276 iis
1251 1205 1480 1300 prohibitione
1494 1213 1555 1278 ant
1570 1203 1840 1278 contradictione
1858 1205 1960 1295 lacu,

552 1330 738 1422 clavesque
755 1335 931 1422 portamm
950 1349 1020 1422 que
1040 1327 1076 1398 in
1095 1327 1227 1400 ambitu
1243 1329 1396 1400 locorum
1411 1337 1494 1400 sunt
1510 1328 1606 1424 apud
1623 1349 1684 1400 eos
1700 1327 1761 1422 qni
1772 1327 1818 1400 ad
1833 1349 1875 1400 ea
1888 1327 1964 1400 loca

552 1451 754 1524 instruenda
783 1449 1007 1546 curandaque
1036 1449 1190 1524 resident
1225 1453 1482 1546 remanebunt,
1513 1473 1578 1526 nco
1610 1453 1647 1524 in
1676 1449 1852 1548 posterum
1877 1452 1963 1548 ipsis

552 1575 754 1671 eripientur.
1689 1603 1691 1608 ·

601 1699 709 1796 §Heu
724 1707 776 1770 est
793 1697 917 1770 abusio
936 1697 1116 1770 manifesta
1134 1720 1203 1793 qne
1219 1699 1436 1796 expositione
1458 1720 1527 1772 non
1546 1699 1679 1792 indiget
1697 1725 1706 1769 ε
1732 1697 1797 1772 hec
1813 1706 1869 1771 est
1882 1719 1965 1772 con·

552 1823 669 1896 ventio
686 1821 810 1894 Christi
833 1820 880 1894 ad
899 1819 1005 1894 Belial
1030 1849 1038 1892 :
1060 1843 1121 1918 per
1144 1822 1211 1894 hoc
1236 1831 1379 1918 apparet
1400 1821 1429 1894 si
1444 1821 1669 1916 frequentatio
1691 1821 1814 1919 psalmi
1839 1823 1960 1894 illius:

552 1950 644 2020 Deus
655 1955 825 2019 venerunt
842 1955 979 2038 gentes,
1000 1967 1135 2019 cessare
1153 1946 1291 2039 debeat,
1309 1969 1389 2018 oum
1408 1945 1525 2018 adhuc
1541 1947 1706 2043 templum
1724 1953 1882 2018 sanetum
1892 1945 1965 2041 pol·

551 2071 649 2144 luant
668 2069 837 2142 infideles.
866 2071 950 2141 ltem
974 2070 1164 2145 reundum
1180 2069 1373 2164 quodcum
1394 2069 1431 2142 in
1456 2069 1541 2142 locis
1564 2069 1804 2163 adjacentibus
1828 2068 1960 2142 civitati

552 2194 648 2266 nulla
665 2193 734 2264 sint
755 2193 881 2264 casalia
896 2192 1053 2264 restituta
1065 2203 1099 2266 ει
1112 2203 1313 2267 remaneant
1326 2194 1363 2264 in
1378 2193 1540 2266 manibus
1555 2213 1789 2288 paganorum,
1808 2201 1844 2264 et
1859 2191 1961 2286 longe

552 2319 661 2410 major
681 2317 746 2388 erit
759 2315 945 2388 multitudo
959 2317 1223 2389 sarracenorum
1244 2317 1459 2390 venientium
1475 2337 1579 2390 cansa
1592 2315 1716 2389 orandi
1732 2315 1778 2388 ad
1797 2316 1963 2412 templum

554 2441 689 2514 Domini
715 2461 821 2536 quam
844 2440 1029 2514 multitudo
1057 2441 1320 2514 christianorum
1341 2439 1555 2512 venientium
1570 2439 1617 2512 ad
1634 2441 1855 2534 Sepulcmm,
1875 2459 1964 2532 quo-

555 2567 659 2639 modo
677 2573 837 2660 poterunt
857 2563 985 2636 hahere
1005 2564 1197 2637 dominium
1222 2563 1398 2637 christiani
1417 2584 1529 2658 usqne
1552 2561 1598 2635 ed
1623 2562 1743 2634 decem
1759 2581 1868 2633 annos
1888 2560 1964 2633 sine

554 2689 727 2764 discordia
756 2697 791 2760 et
804 2687 958 2783 periculo
984 2709 1221 2784 personarum,
1247 2710 1341 2780 cum,
1368 2687 1458 2760 siout
1483 2685 1677 2783 predictum
1690 2695 1755 2776 est,
1784 2684 1853 2760 sihi
1871 2683 1963 2756 vires

553 2813 720 2886 retineant
737 2810 936 2883 Sarracenii

602 2997 794 3094 Capitulum
809 2997 871 3070 ill.
890 2997 984 3070 Nulli
997 2999 1184 3072 Sarraceno
1197 2998 1344 3071 vetitum
1362 2996 1427 3070 erit
1441 2997 1478 3069 in
1493 2995 1667 3070 Bethleem
1684 2993 1792 3068 libere
1806 2992 1959 3090 peregri·

553 3124 729 3196 nationem
738 3122 848 3196 chire.

604 3308 798 3403 Capitulum
813 3309 833 3382 l
837 3307 872 3380 V.
894 3307 930 3380 Si
944 3308 1025 3404 quis
1037 3308 1189 3380 Francus
1205 3305 1339 3381 lirmam
1354 3305 1460 3380 fidem
1478 3307 1514 3378 in
1527 3308 1738 3400 majestatem
1758 3301 1962 3398 dignitatem

552 3455 622 3529 que
639 3433 756 3528 templi
766 3431 904 3504 Domini
920 3431 1093 3524 hahuerit,
1114 3452 1224 3526 eoque
1238 3430 1285 3504 ad
1300 3453 1419 3526 preme
1436 3429 1634 3504 tundendas
1646 3427 1781 3523 ingredi
1798 3424 1959 3514 voluerit,

551 3557 590 3631 id
603 3557 652 3628 illi
673 3555 789 3628 licehit
810 3583 819 3628 ε
840 3563 876 3628 at
889 3555 920 3628 si
935 3555 971 3626 in
987 3557 1063 3648 ejus
1078 3556 1197 3650 templi
1214 3557 1426 3649 majestatem
1449 3555 1721 3650 dignitatemque
1739 3572 1809 3624 non
1830 3548 1958 3640 credit,

551 3679 587 3753 in
606 3689 677 3752 toto
693 3679 759 3752 loci
771 3678 903 3752 ambitu
918 3679 1103 3752 consistere
1119 3678 1370 3774 permittendus
1386 3699 1456 3751 non
1470 3687 1534 3751 est.

601 3801 772 3900 §Mirum
802 3802 977 3898 estquod
1005 3803 1108 3876 etiam
1138 3804 1332 3876 clausuram
1363 3801 1458 3875 illam
1490 3799 1671 3893 utriusque
1701 3796 1820 3891 templi
1845 3795 1961 3868 nullus

552 3926 759 3999 christianus
773 3927 908 4021 ingredi
928 3927 1154 4022 permittetur,
1178 3926 1245 3998 nisi
1265 3924 1383 4000 credat
1400 3924 1490 3996 sicut
1511 3921 1686 3996 Sarraceni
1700 3919 1859 3993 credunt.
1877 3919 1961 3991 ltem

551 4049 679 4122 mirum
687 4059 740 4123 est
751 4049 919 4146 quodipsi
931 4059 1077 4146 possunt
1087 4049 1326 4124 lihereintrare
1338 4046 1525 4139 Bethleem,
1536 4047 1650 4120 locum
1659 4043 1789 4116 scilieet
1797 4041 1962 4116 orationis

552 4182 679 4262 nostre,
692 4173 728 4244 in
740 4172 942 4247 infidelitate
951 4196 1015 4246 sua
1028 4175 1101 4246 sine
1112 4173 1207 4246 omni
1222 4171 1489 4262 examinatione,
1509 4177 1543 4241 et
1556 4191 1619 4242 nos
1629 4167 1795 4262 templum
1806 4164 1957 4254 Domini,

552 4295 658 4367 immo
675 4315 740 4366 nec
757 4297 951 4368 clausuram
974 4297 1010 4368 in
1027 4295 1097 4370 fide
1114 4305 1149 4370 et
1166 4295 1306 4368 nomine
1330 4295 1411 4366 lesu
1439 4292 1563 4364 Christi
1586 4312 1657 4363 non
1682 4289 1870 4386 poterimus
1896 4307 1961 4360 nec

551 4419 787 4514 permittemur
803 4420 949 4508 intrare,
969 4419 1035 4492 nisi
1050 4420 1147 4515 prius
1160 4421 1211 4492 eis
1224 4426 1356 4491 constet
1375 4415 1471 4512 quod
1492 4415 1537 4488 dc
1553 4415 1680 4510 templo
1695 4411 1792 4508 quod
1804 4411 1871 4508 ipsi
1886 4431 1960 4482 cre·

552 4540 640 4616 dunt
654 4539 846 4612 credamus.
876 4543 960 4614 ltem
985 4545 1177 4616 notandum
1191 4543 1287 4636 quod
1305 4541 1473 4636 templum
1491 4539 1627 4612 Domini
1642 4538 1707 4610 tuit
1726 4537 1838 4632 primo
1860 4533 1961 4608 sedes

552 4661 831 4756 episcopalisqne
841 4685 936 4736 nnnc
946 4665 1180 4760 patriarchalis
1190 4667 1279 4738 taeta
1292 4673 1358 4755 est,
1370 4672 1405 4735 et
1415 4661 1463 4735 ihi
1479 4683 1573 4735 nunc
1583 4660 1685 4734 sedes
1695 4669 1749 4734 eet
1758 4657 1959 4734 hlahometi.
