4702 6110
380 634 476 694 lucror.
492 629 538 702 l]
828 614 1024 680 HISTORIA
1051 608 1342 674 blaterantes.

434 1208 618 1292 Henricus
648 1205 911 1289 Romanorum
932 1228 999 1284 rex
1020 1209 1148 1282 ratum
1175 1195 1292 1280 habet
1318 1193 1423 1304 quod
1446 1188 1720 1276 monasterium
1746 1189 1794 1272 de
1842 1207 1966 1318 mg

357 1407 361 1416 .
383 1341 628 1426 Wallenried
646 1339 696 1422 ad
709 1338 910 1422 utilitatem
925 1359 1035 1418 suam
1050 1332 1156 1446 sylva
1169 1332 1217 1414 de
1231 1329 1330 1412 Harl
1343 1327 1508 1432 fruebar,
1523 1350 1569 1408 ea
1580 1321 1796 1408 conditione

383 1485 427 1560 ut
447 1473 576 1558 comiti
603 1470 834 1556 Theoderico
858 1470 907 1552 de
929 1465 1160 1551 Hobenstein
1189 1461 1385 1546 annuatim
1413 1456 1615 1543 duodecim
1645 1479 1794 1538 marcas

385 1609 532 1718 argenti
550 1604 760 1717 persoluat,
781 1603 878 1688 sicut
891 1602 931 1684 iu
948 1599 1145 1712 privilegio
1160 1596 1331 1708 ejusdem
1345 1593 1493 1678 comitis
1511 1591 1736 1676 continetur.

462 1823 624 1898 (Memorat
642 1835 692 1898 ap.
707 1819 854 1880 Boram
862 1857 872 1891 ,
885 1815 997 1898 nequa.
1012 1815 1127 1894 cuper„
1141 1830 1173 1890 p.
1190 1821 1259 1886 2³7,
1271 1819 1305 1870 n·
1319 1817 1390 1884 πθ,
1404 1825 1443 1870 ex
1456 1806 1592 1886 orlgtnalt
1608 1805 1689 1884 apud
1705 1803 1793 1864 llan-

501 1943 641 1988 noveram
654 1925 871 1988 aBetbmaono
885 1923 1124 1996 communicato.)

433 2119 558 2190 Datum
574 2113 670 2212 apud
682 2111 912 2203 Franlinfort,
930 2109 992 2182 ΧΗ
1010 2105 1176 2182 kalendas
1188 2105 1285 2198 maii,
1302 2103 1490 2178 indictione
1506 2111 1641 2196 quarta.

604 2392 1218 2410 ffl--nu--u—-n
1228 2391 1273 2400 ma-
1286 2391 1337 2399 --ο-ιι
1346 2389 1465 2398 ιο-ι--υω
1475 2389 1497 2397 ι.
1513 2389 1517 2396 a
1527 2389 1546 2396 ι.
1565 2385 1580 2396 ,ι

439 2677 622 2761 Hearicus
642 2675 903 2759 Romanorum
921 2701 987 2757 rex
1005 2683 1190 2758 statutum
1209 2673 1403 2784 Beriogeri
1422 2673 1610 2782 Spirensis
1632 2671 1796 2783 episcopi
1834 2685 1992 2795 „offlam

385 2811 604 2918 confirmat,
625 2836 703 2922 quo
721 2809 854 2920 iniqua
872 2809 1062 2920 quaedam
1081 2808 1316 2892 consuetudo
1335 2806 1525 2905 aboletur,
1544 2833 1593 2890 ne
1609 2805 1799 2892 debitores
1848 2795 1876 2840 ²⁹
1891 2793 1974 2848 '⁹¹⁰¹‘

386 2975 409 3032 a
432 2947 592 3030 sculteto
619 2945 787 3054 Spirensi
811 2969 925 3052 super
946 2941 1185 3027 contumacia
1208 2940 1286 3024 sive
1307 2941 1507 3048 uiolentia,
1525 2939 1798 3052 quaeVurerel

386 3077 559 3190 (Vrel'el)
586 3078 749 3183 dicitru,
778 3076 1006 3185 puniantur,
1032 3075 1257 3186 priusquam
1284 3083 1389 3158 actor
1415 3075 1694 3159 contumaciam
1721 3074 1799 3160 sive

386 3209 850 3321 violentiamprobaverit.
1681 3199 1690 3220 '

467 3423 1228 3504 (Edlt.ap.MoncncBotc.,tom.XllX,pars1¹,
1247 3440 1278 3502 p.
1305 3433 1377 3500 169,
1400 3433 1435 3485 ιιο
1456 3431 1530 3496 697,
1552 3440 1591 3484 ex
1613 3423 1747 3504 orlglnall
1766 3425 1798 3485 la

508 3531 619 3593 archiv.
635 3533 727 3612 Sptr.,
741 3539 771 3594 et
783 3547 832 3610 ap.
848 3533 958 3607 Purra,
973 3531 1104 3592 Monam.
1119 3531 1197 3592 Hr'st.
1212 3531 1320 3606 Germ,
1335 3537 1360 3593 t.
1375 3529 1429 3605 IV,
1445 3547 1476 3608 p.
1492 3528 1575 3608 280.)

436 3719 478 3790 Η.
497 3719 560 3790 Dei
583 3719 700 3812 gracia
719 3720 952 3792 Romanorum
969 3741 1030 3792 rex
1054 3728 1090 3792 et
1105 3739 1240 3814 semper
1258 3729 1444 3812 auguratus,
1465 3719 1637 3822 universis
1660 3717 1797 3814 imperii

389 3842 550 3917 fidelibus
562 3843 693 3938 quibus
707 3865 850 3938 presens
861 3845 1027 3938 scriptum
1039 3843 1234 3916 exhibitum
1250 3843 1354 3916 tuerit
1368 3843 1519 3937 graciam
1535 3863 1634 3916 suam
1648 3851 1684 3916 et
1696 3863 1800 3915 omne

389 3968 531 4042 bonum.
555 3966 700 4040 luolevit
713 3967 845 4062 quippe
861 3989 883 4040 a
899 3967 1012 4060 longis
1030 3977 1121 4041 retro
1140 3967 1351 4063 temporibus
1373 3967 1563 4040 incivitate
1582 3976 1697 4041 nostra
1713 3969 1798 4064 Spi-

388 4090 479 4164 rensi
495 4091 585 4164 sicut
598 4091 833 4164 intelleximus
846 4089 997 4186 quedam
1012 4091 1227 4164 cousuetudo
1240 4091 1464 4185 detestabilis,
1480 4092 1576 4188 pacis
1590 4093 1718 4185 emula,
1737 4091 1800 4166 di-

388 4214 461 4286 vini
474 4225 509 4287 et
525 4214 667 4286 humani
681 4215 771 4306 juris
789 4215 940 4288 inimica.
961 4217 1032 4288 Hec
1045 4215 1175 4288 scilicet
1193 4215 1334 4310 quodsi
1353 4216 1433 4309 quis
1451 4215 1555 4289 alicui
1573 4217 1739 4289 laicorum
1761 4218 1798 4288 in

388 4337 531 4412 minima
545 4339 766 4414 denariorum
778 4338 968 4434 quantitate
981 4339 1115 4412 solvere
1129 4339 1320 4428 tenebatur,
1337 4339 1484 4414 creditor
1500 4340 1690 4414 debitorem
1703 4340 1798 4414 nulla

389 4461 445 4534 vel
468 4462 606 4538 modica
625 4465 812 4546 monitione
826 4464 991 4558 premissa
1011 4485 1127 4536 eoram
1144 4463 1281 4537 officiali
1304 4465 1449 4538 sculteto
1465 4465 1617 4560 Spirensi
1637 4465 1743 4538 traxit
1762 4465 1798 4538 in

388 4605 542 4680 causam,
574 4609 789 4683 conquerens
819 4589 934 4684 ipsum
965 4589 1210 4661 contumaciter
1234 4597 1270 4662 et
1294 4588 1462 4660 violenter
1487 4587 1583 4682 quod
1610 4587 1800 4682 vulgariter

388 4709 616 4787 Vurevelicbe
641 4723 785 4787 vocatur
809 4713 959 4810 pecunie
984 4713 1035 4786 sic
1058 4711 1175 4788 debite
1199 4711 1404 4786 solutionem
1434 4711 1641 4807 neglexisse,
1661 4733 1682 4784 a
1701 4713 1801 4806 cujus
