4652 6092
852 613 982 676 ranna
1007 610 1357 676 nocuununonou.
1752 594 1812 676 661

389 813 528 936 Q

818 959 908 1022 super
920 945 1113 1022 requisitione
1125 947 1274 1023 precariae
1286 959 1359 1005 6666
1372 943 1702 1007 credantetobedlnnt.
1754 955 1813 1009 466

555 1081 761 1106 ·······
777 1035 1814 1218 6666666666

388 1200 528 1280 mm]
818 1249 889 1312 parc
902 1242 1046 1314 unquam
1060 1237 1244 1300 subvasalius
1261 1241 1483 1311 tenuerant‚at
1501 1253 1578 1314 quae
1594 1229 1814 1318 postre‘sigoa-

818 1334 930 1394 tlonem
948 1333 987 1395 ab
1009 1341 1138 1414 auoque
1154 1336 1294 1397 ecclesiae
1311 1334 1479 1414 praedictae
1495 1333 1617 1411 1661666,
1638 1333 1678 1396 cd
1694 1337 1815 1399 166166-

820 1431 894 1491 1166
917 1432 1043 1494 conradi
1063 1432 1101 1494 de
1124 1433 1283 1512 Winsperc
1308 1449 1361 1509 per
1387 1433 1557 1510 episcopum
1585 1432 1751 1496 marchioni
1776 1435 1815 1498 de

820 1527 922 1589 Badeo
941 1529 1063 1591 fuerunt
1082 1531 1206 1611 coliata,
1224 1531 1305 1591 idam
1322 1527 1477 1591 conradus
1497 1530 1598 1609 regius
1617 1531 1815 1596 ministerialis

819 1625 852 1686 ln
865 1627 1134 1704 compensationem
1147 1627 1286 1689 ccclesiae
1297 1631 1407 1704 sepiem
1421 1626 1508 1688 vitias
1520 1641 1559 1687 ex
1569 1642 1625 1688 suo
1636 1629 1814 1706 patrimonio

818 1723 960 1786 66616661.
1752 1737 1812 1790 464

396 1821 516 1898 ejunii.
555 1817 751 1882 Wormociae
780 1819 1023 1883 —Sententiam
1043 1823 1083 1885 ab
1102 1823 1206 1884 abbate
1224 1821 1326 1884 Sancti
1340 1820 1417 1882 Galli
1434 1819 1545 1882 editam
1566 1823 1736 1903 promulgat
1752 1842 1814 1904 qaa

322 1905 324 1915 ’
819 1915 959 1980 1666666166
971 1919 1111 1981 homodei
1123 1920 1163 1982 ad
1176 1924 1301 1980 mortem
1318 1917 1506 1980 condemnati
1523 1917 1610 1979 bonis
1623 1923 1688 1997 ejus
1705 1920 1812 1984 haere·

819 2013 935 2078 dltariis
949 2017 1077 2096 gaudere
1085 2017 1204 2090 debent,
1214 2015 1366 2078 beneficiis
1375 2015 1471 2094 adjus
1480 2015 1667 2078 dominorum
1675 2034 1694 2078 a
1703 2019 1813 2096 quibus

818 2111 1003 2176 habebantur
1029 2116 1220 2178 redeuntibus
1244 2121 1274 2178 et
1298 2113 1386 2176 bonis
1412 2113 1570 2176 mobilibus
1594 2113 1634 2176 ad
1656 2115 1812 2181 dominam

817 2211 947 2276 bominis
961 2215 1157 2277 condemnati.
1751 2227 1810 2282 466

398 2301 515 2378 ojani.
553 2295 753 2364 (1616666666.
777 2340 819 2354 -
837 2307 884 2368 Ex
905 2311 1099 2388 resignatione
1111 2311 1232 2370 iianrlcl
1249 2311 1365 2371 comitis
1377 2309 1568 2374 daiiassowa
1581 2313 1811 2392 6611666666·

817 2411 907 2467 natus
919 2408 952 2467 ln
968 2408 1091 2470 66616616
1110 2405 1311 2468 Herbomensl
1330 2407 1368 2468 de
1385 2407 1552 2487 lantgravio
1564 2407 1746 2490 iburlngiac
1761 2419 1809 2473 te·

817 2503 918 2577 nebat,
928 2504 1062 2566 eamdem
1073 2505 1227 2566 ecclesiam
1238 2503 1340 2566 domui
1349 2503 1546 2568 Thautonicee
1558 2506 1645 2584 piano
1655 2509 1725 2585 Jura
1738 2525 1809 2586 pos-

816 2601 970 2664 sidendam
984 2602 1109 2676 coalent,
1123 2618 1193 2664 cum
1206 2603 1365 2682 resignatio
1377 2601 1509 2681 legitima
1521 2603 1601 2665 locta
1613 2605 1663 2666 slt.
1750 2613 1810 2670 466

396 2693 511 2770 stanit
553 2691 749 2757 Gelubauscu
777 2731 818 2744 -
836 2699 949 2762 Reium
964 2700 1056 2762 babet
1068 2707 1099 2762 at
1115 2699 1272 2763 confirmat
1289 2701 1444 2762 arbitrium
1456 2707 1524 2779 post
1535 2702 1655 2783 longam
1668 2703 1751 2766 litem
1764 2707 1811 2768 in·

816 2801 863 2858 ter
874 2798 1038 2876 capitulum
1049 2797 1293 2877 Naumburgenee
1305 2803 1336 2859 et
1347 2797 1509 2875 capitulum
1524 2799 1661 2875 0166666,
1675 2801 1811 2865 median·

815 2893 897 2956 tibus
907 2895 1125 2973 archiepiscopo
1133 2894 1393 2974 Magdeburgensi,
1403 2899 1548 2974 episcopis
1558 2896 1808 2978 Noumbnrgenn,

815 2991 1051 3072 ilerseburgensi
1073 3000 1104 3054 et
1126 2991 1308 3066 Mutinensi,
1332 2996 1577 3072 compromissum
1604 3011 1664 3076 quo
1689 2997 1811 3060 66616616

814 3089 1067 3169 Naamburgensis
1080 3097 1222 3170 unquam
1242 3091 1417 3154 cathedralis
1427 3095 1478 3170 166
1493 3093 1621 3173 eligendi
1638 3096 1811 3174 episcopum

814 3187 904 3266 plano
917 3191 986 3267 jura
1005 3187 1114 3248 babere
1134 3187 1310 3264 declaratur,
1331 3195 1471 3268 66161666
1492 3205 1531 3251 66
1551 3191 1619 3270 quis
1640 3191 1810 3254 Naumbur-

815 3301 936 3365 genmm
949 3287 1120 3364 episcopum
1133 3286 1165 3346 la
1177 3287 1372 3366 ignominiam
1392 3293 1446 3349 eut
1464 3287 1606 3350 lesionem
1618 3291 1685 3367 6166
1706 3289 1812 3350 (11666-

815 3400 879 3446 666
891 3385 1033 3446 nominet
1750 3395 1808 3448 466

385 3465 521 3542 ”imill-
604 3463 694 3542 Apud
775 3512 817 3526 -
835 3481 885 3543 ild
902 3482 1123 3560 requisitionem
1135 3487 1301 3542 conventus
1313 3479 1352 3542 dc
1364 3479 1543 3542 liaulbrona
1562 3497 1616 3560 per
1632 3484 1810 3546 senientiam

566 3542 728 3608 ΜΨ·
814 3591 916 3638 coram
937 3592 969 3636 sa
991 3577 1081 3637 iotam
1100 3575 1232 3637 declarat
1252 3581 1287 3636 ut
1307 3577 1333 3636 61
1353 3591 1416 3654 qua
1435 3576 1557 3638 66616616
1575 3575 1728 3639 bominem
1749 3579 1811 3640 be-

814 3677 912 3738 buerit
926 3677 980 3754 qai
997 3675 1037 3738 ad
1052 3677 1202 3736 6161161666
1217 3675 1349 3754 aliquam
1366 3691 1398 3737 se
1417 3675 1598 3737 transtulerit
1613 3681 1643 3737 et
1661 3678 1724 3738 6166
1738 3677 1811 3740 bac-

814 3776 884 3838 redc
894 3776 1061 3848 (1666666616,
1069 3776 1259 3853 proprietates
1268 3775 1360 3854 ipsias
1371 3776 1436 3853 ipsa
1447 3774 1571 3836 ecclesia
1581 3773 1811 3855 obtineatpieno

809 3875 891 3952 jore.
1749 3883 1809 3936 aro

394 3958 514 4038 4616111.
545 3959 747 4025 (1616666666.
772 4001 814 4017 -
832 3969 929 4032 Fratri
950 3968 1108 4047 liudolpho
1129 3975 1161 4030 at
1182 3969 1401 4032 successoribus
1420 3971 1486 4047 eius
1502 3969 1677 4048 praepositis
1698 3970 1811 4032 ordinis

813 4065 937 4129 Sanctae
952 4065 1065 4128 11166166
1081 4065 1275 4146 Magdoienas
1290 4069 1324 4127 ln
1337 4067 1514 4128 Alamannia
1530 4067 1668 4128 concedit
1679 4073 1715 4130 at
1731 4067 1811 4131 bona

812 4166 942 4242 recipere
960 4165 1076 4242 possint
1094 4179 1114 4226 6
1133 4163 1321 4244 magnatibus
1341 4181 1394 4226 666
1415 4164 1657 4227 ministerionbun
1678 4165 1809 4244 imperii,

813 4259 1313 4322 ilcetlstlasciaarintlnieodali.
1749 4273 1806 4326 416

403 4355 500 4428 9668.
550 4340 746 4424 Nimbis&
773 4387 814 4402 -
832 4356 1003 4419 Potentibus
1023 4356 1131 4418 abbate
1151 4363 1183 4418 ct
1205 4363 1356 4419 conventu
1379 4355 1459 4420 beati
1477 4357 1610 4421 Udalrlcl
1632 4365 1663 4422 et
1684 4359 1810 4424 Sanctae

812 4453 903 4515 inae
923 4455 1003 4533 apud
1025 4454 1209 4534 Augustam,
1228 4455 1348 4532 praedia
1362 4471 1465 4516 eorum
1486 4457 1520 4516 ln
1539 4457 1619 4518 villis
1637 4457 1807 4536 1166666166,

812 4551 1016 4615 Voctcswiiler
1029 4557 1059 4612 et
1071 4552 1183 4613 tluotln
1195 4566 1214 4613 6
1227 4550 1344 4614 duobus
1357 4553 1599 4616 ministerialibus
1616 4558 1706 4635 reglis
1722 4571 1808 4620 com·

810 4658 915 4730 parata
926 4655 960 4714 in
968 4654 1180 4731 protectionem
1193 4667 1280 4714 cuam
1292 4653 1407 4732 recipit,
1422 4655 1580 4732 ipsumque
1592 4658 1806 4719 monasterium

810 4764 948 4810 securum
960 4749 1058 4812 reddit
1074 4749 1155 4830 qaod
1168 4751 1201 4812 in
1219 4747 1332 4812 eisdem
1344 4749 1471 4830 praediis
1483 4757 1599 4832 preater
1612 4752 1804 4816 consuetudi·

1604 4865 1642 4920 68
