4702 6110
394 653 552 740 imma]
847 653 1044 716 nrsrorm
1069 653 1361 716 orraosmrron.
1584 611 1589 618 ’
1750 651 1808 713 aar

649 922 707 930 ...Π
718 923 724 928 .
733 921 1554 934 ...-———-—-—--—------—--—---——-—-

450 1175 635 1258 Hemieus
659 1174 919 1258 Romanomm
945 1201 1010 1258 rex
1035 1175 1166 1260 Ottoni
1189 1175 1358 1286 palatino
1380 1175 1509 1258 comiti
1533 1173 1653 1258 Rheni
1681 1172 1812 1255 villam
1842 1182 2011 1294 *apfgprv

399 1305 596 1390 Waltdorf
606 1333 696 1392 oum
711 1307 891 1392 omnibus
908 1309 1114 1392 attinentiis
1129 1307 1212 1418 ejus
1226 1309 1396 1392 remittit.

482 1522 582 1596 (Edid.
597 1522 739 1596 norm,
753 1521 986 1604 Zaeiucltrytsitr
997 1520 1207 1598 metum,
1221 1539 1291 1602 pars
1306 1524 1350 1597 11,
1366 1540 1395 1602 p.
1412 1532 1482 1596 511,
1496 1532 1530 1584 η’
1544 1531 1602 1598 ²³3
1615 1539 1654 1584 ex
1673 1521 1816 1584 ilbrooo-

520 1629 590 1706 ptult
607 1630 639 1690 tn
656 1628 768 1690 nahra
784 1629 948 1704 carlsruh.)

453 1817 620 1896 Hennous
640 1817 703 1890 Dei
727 1816 836 1909 gratia
854 1818 1085 1892 Romanorum
1110 1839 1174 1891 rex
1196 1839 1332 1914 semper
1354 1826 1540 1912 augustus,
1562 1815 1731 1888 universis
1752 1817 1818 1888 im·

403 1942 491 2039 perii
505 1941 668 2016 fidelibus
684 1941 812 2036 quibus
833 1963 975 2038 presens
993 1941 1157 2038 scriptum
1177 1943 1278 2015 tuerit
1295 1942 1490 2014 exhibitum
1509 1943 1653 2036 gratiam
1670 1963 1767 2014 suam
1784 1953 1819 2014 et

401 2087 505 2140 omne
526 2067 673 2140 bonum.
693 2067 737 2140 Ut
755 2065 802 2139 ad
825 2076 941 2139 nostre
962 2067 1171 2162 posteritatis
1192 2065 1241 2162 (a)
1267 2067 1422 2139 notitiam
1448 2088 1488 2139 eu
1515 2087 1585 2161 que
1607 2077 1773 2160 gemntur
1797 2087 1819 2138 a

321 2275 324 2282 ¹
406 2192 506 2264 nohis
524 2191 727 2286 perveniant
745 2192 903 2278 oertiora,
921 2191 1112 2264 litterarum
1131 2191 1334 2264 testimoniis
1352 2189 1634 2264 sommendamus
1647 2211 1691 2262 ne
1710 2199 1819 2262 tractu

403 2317 567 2410 temporis
588 2316 721 2412 possint
745 2315 933 2388 obfuscari.
954 2317 1149 2389 innotescat
1171 2317 1278 2410 igitur
1299 2315 1471 2389 universis
1495 2313 1591 2410 quod
1612 2335 1675 2388 nos
1693 2315 1818 2390 dilecto

404 2449 519 2512 nostro
535 2440 682 2536 principi
708 2441 832 2514 illustri
848 2441 889 2513 Ο.
910 2441 1063 2538 palatino
1083 2441 1199 2514 eomiti
1216 2441 1326 2514 Rheni
1344 2441 1462 2514 villam
1483 2440 1669 2514 Waltdorff
1682 2440 1816 2514 remisi·

404 2583 483 2634 mus
506 2585 585 2634 eum
612 2563 774 2635 omnibus
802 2563 992 2636 attinentiis
1018 2585 1089 2658 que
1116 2563 1163 2636 ad
1187 2563 1345 2637 eamdem
1369 2565 1487 2638 viliam
1513 2573 1668 2660 spectaro
1697 2563 1814 2636 diuos·

406 2697 545 2760 cuntur.
564 2687 607 2759 Et
624 2687 670 2760 ad
688 2689 852 2780 maiorem
871 2687 1089 2761 securitatem
1107 2709 1249 2783 presens
1266 2689 1433 2784 scriptum
1454 2687 1566 2782 sigillo
1588 2695 1702 2759 nostre
1719 2685 1817 2759 eelsi-

405 2810 538 2884 tudinis
553 2811 802 2884 eommunitum
816 2820 994 2908 prenotato
1008 2813 1158 2907 palatino
1170 2811 1285 2885 oomiti
1296 2811 1403 2885 Rheni
1415 2811 1632 2908 precepimus
1641 2809 1811 2882 exhiberi.

454 2937 580 3009 Datum
603 2936 697 3032 apud
719 2937 865 3031 Egram,
887 2959 978 3010 anno
1001 2937 1172 3010 dominice
1190 2937 1433 3010 incarnationis
1450 2935 1631 3008 millesimo
1653 2933 1817 3008 dueente-

405 3061 494 3134 simo
512 3061 696 3154 trioesimo,
715 3062 837 3158 quinto
854 3063 989 3136 decimo
1004 3061 1171 3135 kalendas
1184 3061 1282 3156 julii,
1301 3059 1491 3136 indictione
1509 3060 1618 3133 tertia.

462 3625 645 3710 Henrious
678 3627 937 3712 Romanomm
969 3655 1033 3711 rex
1066 3627 1115 3710 de
1144 3625 1379 3736 pmvidentia
1405 3623 1552 3706 oonsilii
1581 3622 1642 3704 sui
1668 3621 1819 3706 ludaeis
1856 3639 2009 3749 unffi,

408 3759 745 3870 Ratisponensibus
769 3761 980 3844 libertatem
1000 3787 1023 3842 a
1046 3761 1126 3843 suis
1147 3756 1452 3870 progenitoribus
1466 3755 1661 3839 obtentam
1678 3763 1817 3837 sueto-

409 3893 519 3976 1itate
533 3895 639 4004 regia
654 3893 869 4000 confimat,
885 3903 929 3976 ut
946 3919 1083 3978 aurum
1106 3901 1143 3976 et
1166 3899 1368 4003 argentum
1389 3913 1514 3972 emere
1535 3897 1573 3970 et
1596 3889 1758 3971 vendere
1779 3887 1819 3966 in

409 4027 558 4111 civitate
571 4027 834 4136 liatisponensi
847 4027 996 4135 possint
1007 4052 1078 4109 neo
1091 4035 1177 4108 ante
1188 4025 1357 4138 judicem
1372 4023 1445 4105 nisi
1464 4047 1580 4132 quem
1598 4021 1670 4130 ipsi
1688 4019 1821 4130 elege-

410 4160 488 4241 rint
502 4161 541 4242 in
561 4186 677 4243 eausa
694 4160 796 4242 trahi
813 4159 996 4267 debeant3
1014 4160 1178 4270 denique
1195 4159 1414 4269 possideant
1436 4155 1582 4265 absque
1601 4153 1822 4236 oontradie-

411 4293 513 4378 tione
544 4293 747 4404 cujuslibet
764 4319 1027 4404 quaecumque
1049 4293 1179 4376 decem
1206 4291 1317 4376 annis
1337 4291 1377 4372 in
1400 4297 1583 4399 potestate
1604 4287 1819 4371 habuerint.

495 4489 590 4572 (uua.
605 4493 636 4552 tn
651 4494 776 4552 Monam
792 4491 1105 4569 Botc.,tom.xXX1,
1121 4507 1190 4568 pars
1207 4497 1247 4564 ι’,
1260 4507 1291 4568 p.
1311 4498 1385 4564 5³8,
1401 4505 1439 4550 ex
1452 4492 1638 4564 transumpto
1648 4489 1718 4548 unni
1733 4493 1822 4561 1⁴99,

531 4607 612 4661 -st
624 4616 673 4678 ap.
688 4599 865 4671 omnm,
887 4597 956 4660 νοω
965 4615 1114 4680 urspmap
1130 4593 1279 4679 ramo,
1292 4613 1321 4676 p.
1332 4595 1395 4676 ts.)

454 4769 493 4852 (a)
516 4771 707 4851 mimeram
717 4771 931 4852 mauro,
946 4771 1032 4832 mue
