4710 6076
364 651 463 715 lamen
483 651 524 731 l.]
815 645 1016 710 HISTORIA
1041 644 1333 710 blrtoltal'lca
1725 649 1781 711 351

362 786 499 884 imperii
515 783 680 859 fidelibus
694 781 826 878 quibus
847 784 914 858 hee
930 783 1043 858 littere
1059 793 1198 858 ostense
1213 781 1343 856 fuerint
1356 781 1502 876 gratiam
1518 803 1619 856 suam
1632 794 1667 858 et
1680 805 1783 860 omne

362 911 508 986 bonum.
535 907 809 1006 Significandnm
834 907 1003 984 duximus
1028 907 1384 998 universitati-vestre
1408 905 1504 1003 quod
1527 908 1783 1006 aprinaipibne

363 1044 399 1111 et
416 1033 638 1130 magnatibus
659 1033 794 1130 imperii
808 1033 887 1108 telis
905 1055 1020 1108 coram
1036 1033 1136 1110 nobis
1156 1033 1227 1108 late
1246 1039 1299 1106 ost
1316 1033 1486 1107 sententie
1506 1033 1603 1128 quod
1620 1034 1784 1108 universa

361 1159 532 1258 promissa
545 1169 580 1233 et
596 1159 816 1236 laudamento
839 1180 909 1256 que
930 1158 1086 1234 fecerunt
1111 1158 1232 1234 dilecti
1247 1155 1369 1234 fideles
1389 1157 1496 1230 nostri
1513 1157 1657 1232 comites
1675 1155 1717 1231 G.
1738 1159 1784 1234 de

363 1283 465 1360 Gelre
487 1292 523 1358 et
545 1283 757 1360 Giselbertns
774 1283 821 1358 de
844 1282 1042 1359 Amesteillo
1059 1292 1094 1358 et
1116 1283 1246 1379 singuli
1269 1292 1305 1356 et
1328 1283 1481 1356 uniuersi
1507 1284 1569 1378 qui
1594 1306 1673 1356 cum
1698 1284 1783 1380 ipsis

363 1408 529 1506 captivati
547 1409 688 1512 fuerunt
708 1418 744 1484 et
758 1429 879 1484 eorum
896 1407 1117 1503 fidejussores
1130 1409 1281 1484 Rudolfo
1300 1407 1345 1482 de
1364 1407 1531 1481 lfofordia
1548 1404 1601 1506 (l)
1619 1418 1654 1482 et
1671 1409 1783 1482 fratri·

362 1534 431 1608 bus
452 1533 527 1608 suis
550 1534 724 1610 Friderico
746 1543 784 1610 et
806 1533 1006 1626 Gotefrido,
1035 1533 1207 1610 Meinnoni
1235 1533 1280 1609 de
1306 1532 1511 1626 Grabsdorf‚
1540 1533 1688 1607 lienrico
1711 1532 1782 1609 lilio

361 1659 474 1756 ipsius
490 1668 527 1732 et
538 1659 732 1734 fautoribus
751 1679 873 1734 eorum
891 1669 1008 1735 tenere
1023 1679 1094 1734 non
1115 1658 1262 1751 debent,
1281 1679 1346 1732 nec
1363 1666 1446 1732 sunt
1465 1657 1683 1754 aliquatenus
1698 1679 1781 1732 exe·

361 1782 520 1882 quenda,
538 1805 600 1880 pro
615 1805 658 1858 eo
670 1783 767 1881 quod
785 1783 892 1858 iidem
908 1783 1144 1859 malefactores
1164 1791 1366 1880 prenotatur
1379 1783 1420 1856 ll.
1437 1779 1488 1880 (a)
1505 1792 1540 1856 ot
1558 1781 1614 1854 sui
1630 1783 1781 1857 fautores

361 1907 654 1983 excommunicati
683 1909 824 1982 fuerunt
849 1917 884 1983 et
914 1929 1079 2005 processu
1105 1908 1271 2006 temporis
1299 1929 1363 2006 per
1386 1905 1779 1981 excommunicationem

362 2031 443 2106 lacti
457 2033 597 2106 fuemnt
614 2031 767 2128 exleges.
785 2031 874 2106 Cum
890 2032 1008 2130 itaque
1020 2055 1084 2130 per
1096 2033 1279 2127 vulgarem
1293 2040 1328 2106 et
1342 2052 1563 2105 communem
1576 2031 1781 2104 sententiam

361 2156 531 2254 premissa
554 2156 638 2232 talia
661 2157 757 2230 irritu
785 2157 855 2230 sint
887 2165 923 2232 et
949 2157 1089 2248 inania,
1119 2180 1184 2232 neo
1207 2159 1442 2231 malefactores
1470 2154 1637 2252 sepedicti
1664 2177 1779 2230 coram

362 2281 464 2355 nobb
487 2291 523 2356 et
544 2283 689 2382 imperio
705 2291 927 2382 compareant
947 2283 1177 2382 expurgaturi
1199 2306 1238 2356 se
1257 2283 1303 2358 de
1316 2281 1482 2356 scandalo
1496 2281 1779 2356 excommunica·

362 2405 468 2479 tionis
488 2415 523 2480 et
534 2407 633 2504 quod
649 2403 790 2504 enleges
805 2408 885 2482 lacti
902 2408 989 2502 sint,
1005 2408 1214 2483 mandamus
1230 2407 1332 2481 dictis
1346 2407 1463 2482 comiti
1478 2405 1654 2499 Gelrensi,
1675 2407 1716 2480 G.
1734 2405 1780 2481 de

361 2528 572 2608 Ameisteille
596 2541 632 2608 et
654 2533 828 2608 universis
850 2507 1044 2608 fautoribus
1063 2543 1099 2607 et
1121 2531 1386 2628 fidejussoribus
1402 2533 1604 2607 eorumdem
1619 2531 1687 2606 sub
1700 2532 1779 2605 inti·

359 2653 512 2730 motione
525 2656 635 2750 gratio
650 2667 767 2734 nosue
780 2667 815 2733 et
831 2659 1034 2734 auctoritate
1050 2658 1186 2756 imperii
1199 2657 1344 2732 firmiter
1359 2657 1590 2755 precipientes
1606 2666 1779 2753 quatenns

359 2778 450 2854 tacta
471 2781 640 2877 pmmissa
658 2791 694 2857 et
716 2782 940 2858 laudamento
961 2783 1163 2858 hominibus
1186 2781 1497 2858 excommnnicatis
1518 2803 1589 2855 non
1613 2781 1779 2877 impleant

360 2905 417 2978 vel
431 2906 631 3001 exsolvant,
651 2907 718 2982 nisi
735 2907 897 3005 primitus
916 2927 1034 2982 coram
1048 2909 1150 2982 nobis
1164 2917 1200 2983 et
1213 2909 1359 3006 imperio
1373 2917 1595 3003 compareant
1615 2907 1778 2980 malefec-

360 3035 451 3102 tores
464 3031 608 3128 eepelati
630 3037 666 3104 et
683 3042 881 3128 expurgent
902 3053 940 3108 se
954 3032 1000 3107 de
1014 3031 1157 3106 crimine
1173 3030 1271 3129 quod
1292 3039 1494 3106 annotatum
1512 3038 1566 3104 est
1583 3029 1634 3105 eis
1654 3040 1689 3103 et
1706 3052 1777 3126 quo

360 3153 512 3248 primum
530 3155 668 3231 fuerant
684 3155 875 3254 vulgariter
893 3157 1068 3232 maculati.
1095 3155 1150 3230 Ad
1170 3157 1272 3252 cujus
1293 3156 1462 3231 sententie
1483 3155 1589 3229 robur
1610 3165 1778 3252 perpetuo

360 3277 547 3354 valiturum
562 3290 756 3377 presentem
769 3282 920 3358 litteram
933 3281 1104 3358 conscribi
1118 3290 1154 3356 et
1167 3281 1281 3378 sigillo
1294 3291 1410 3356 nostro
1419 3281 1589 3376 jussimus
1602 3279 1775 3374 insigniri.

411 3405 537 3479 Actum
558 3406 655 3504 apud
671 3405 883 3506 Augustam,
900 3428 993 3482 anno
1010 3406 1182 3483 dominice
1202 3405 1448 3481 incarnationis
1469 3407 1518 3480 Μ.
1544 3404 1607 3480 CC.
1632 3405 1774 3500 Xllllll,

362 3529 522 3604 kalendis
536 3533 706 3626 octobris,
726 3533 916 3612 indictione
932 3535 1058 3634 primu.

413 4177 612 4264 Heinricus
640 4180 902 4266 Romanorum
931 4206 999 4266 rex
1030 4179 1160 4266 abbati
1183 4181 1366 4267 Fanoensi
1397 4179 1587 4294 (Fuissen)
1619 4183 1777 4295 ejusque

361 4312 642 4402 successoribus
664 4312 839 4427 indulget
862 4315 1076 4402 sedationes
1098 4316 1271 4402 duarum
1293 4316 1392 4402 inter
1413 4316 1574 4404 rusticos
1595 4327 1634 4402 et
1655 4343 1775 4402 man-

403 4505 445 4588 (o)
465 4506 503 4569 In
516 4507 658 4586 impresso
669 4505 722 4584 A„
738 4507 827 4572 mole.

397 4795 435 4873 fl)
453 4797 563 4859 Scilicet
578 4799 728 4862 Recordare.

1857 4185 1920 4240 tren

1820 4239 1959 4340 lim
