4602 6084
355 687 457 750 rnre.
471 682 516 768 4]
802 678 1001 742 ursinum
1027 633 1321 740 urenouar'rca
1728 675 1770 738 aa

357 820 545 920 apostolice
557 817 657 892 Sedis
667 815 819 908 aversis;
835 815 897 888 ubi
909 814 1087 890 Samaoeni
1099 815 1162 910 qui
1176 813 1441 887 christianorum
1452 810 1658 906 sanguinem
1673 812 1767 886 insa.

358 945 522 1020 tiabililer
545 942 678 1035 eitiunt,
706 961 777 1014 non
796 948 974 1036 parcentes
996 939 1098 1014 sexui
1125 939 1182 1014 vel
1203 937 1284 1012 etuti
1307 936 1501 1032 impietates
1519 937 1769 1014 abominabiles

358 1074 598 1166 perpetrarunt
612 1086 702 1160 qums
712 1064 832 1138 horror
843 1072 933 1138 esset
942 1063 1164 1138 intolerabilis
1176 1059 1357 1136 recenseri.
1371 1059 1415 1132 Et
1426 1058 1508 1134 lieet
1519 1081 1713 1158 eumsupar
1725 1063 1769 1135 iis

360 1215 424 1289 per
453 1191 619 1266 dilectum
649 1188 760 1261 filium
782 1187 956 1261 (linthium
976 1187 1229 1262 subdiaconum
1249 1193 1285 1258 et
1312 1185 1528 1280 capellanum
1554 1193 1710 1258 nostrum
1734 1195 1771 1260 et

361 1319 490 1392 litteras
500 1323 634 1389 nostres
645 1311 882 1386 monuerimus
895 1311 1090 1405 diligenter,
1104 1309 1199 1384 idem
1209 1318 1324 1384 tamen
1338 1308 1477 1382 monitis
1486 1309 1706 1403 acquiescere
1713 1332 1769 1384 as·

360 1445 525 1536 pennatus
540 1444 709 1532 quantum
723 1433 890 1530 potuitad
907 1434 1066 1528 graviora
1080 1433 1249 1530 prorupit.
1268 1431 1382 1518 Quare
1400 1432 1437 1503 in
1452 1431 1614 1506 eumdem
1624 1434 1771 1530 4444444-

363 1562 448 1637 dum
457 1570 493 1636 et
506 1561 690 1656 complices
696 1581 737 1634 ae
746 1560 896 1632 lautores
906 1579 989 1632 suos
1004 1565 1039 1632 et
1052 1559 1089 1630 in
1100 1578 1219 1630 omnes
1232 1563 1268 1629 et
1281 1556 1545 1650 singuloseujus
1554 1558 1610 1628 vel
1621 1579 1768 1652 quorum

363 1686 540 1778 mandato,
558 1684 774 1776 anemalato,
791 1683 935 1756 consilio
948 1691 983 1756 et
999 1679 1131 1755 auxilio
1146 1679 1228 1754 talia
1238 1689 1477 1776 perpetrantur
1489 1681 1771 1755 exeommunica-

365 1811 468 1886 donis
478 1807 886 1882 senteutiamsolemniter
896 1806 1124 1903 publicantes,
1137 1803 1338 1900 quiaipsam
1347 1803 1770 1900 pertinacitervilipendit,

365 1934 411 2009 ad
426 1931 680 2008 defendendam
689 1941 813 2006 terrem
825 1929 977 2004 Ecclesia
985 1939 1020 2004 et
1028 1929 1189 2022 injuriam
1201 1937 1341 2001 4444444
1352 1927 1494 2024 domino
1504 1928 1773 2024 propulsandam

366 2056 757 2154 exercereproponimus
765 2055 951 2152 potentiam
961 2053 1250 2150 temporalem,ne
1258 2050 1456 2124 inimieiDei
1463 2050 1657 2124 etEcclesie
1667 2051 1703 2124 in
1710 2075 1774 2128 suu

365 2183 565 2278 prevaleant
575 2179 740 2272 vanitate,
753 2177 817 2253 sed
829 2179 866 2250 iu
881 2177 1050 2274 pravitate
1058 2176 1391 2272 potiusevanesount
1403 2171 1468 2269 (4).
1483 2173 1572 2260 Quia
1586 2185 1774 2270 quantum·

367 2297 1776 2400 cumquelaoiuoraprenolutenosmoueant,potissimetamennecimmeritoexbor·

367 2449 502 2519 remus,
519 2449 625 2522 44444
641 2425 734 2500 idem
748 2425 943 2499 Friderieus
960 2445 1096 2520 semper
1109 2423 1260 2496 minatur
1275 2431 1310 2495 et
1324 2421 1558 2494 indesinenter
1573 2423 1772 2517 exequitur,

369 2551 625 2646 depressionem
638 2549 866 2624 ecclesiastice
882 2548 1068 2638 libertatis;
1091 2569 1171 2620 cum
1185 2556 1287 2620 antea
1302 2545 1407 2618 etiam
1429 2543 1641 2639 ubicumque
1654 2545 1778 2618 babuit

367 2683 569 2772 potestatem
583 2673 754 2748 Ecclesiae
771 2681 807 2747 et
823 2671 1071 2746 ecclesiasticas
1093 2691 1270 2766 pessume,
1293 2689 1427 2742 necnon
1443 2667 1583 2759 viduas,
1604 2669 1778 2764 orphanos

370 2807 406 2872 et
418 2798 566 2894 pupillos
579 2819 627 2870 ex
645 2795 815 2870 industria
833 2795 1059 2885 conculcarit3
1078 2808 1187 2890 quere
1207 2801 1359 2890 potestas
1377 2791 1578 2885 hujusmodi
1596 2813 1666 2866 non
1685 2792 1779 2867 dila·

372 2921 454 3014 tari,
474 2921 538 2996 sed
552 2919 725 2994 decurtari
742 2929 906 2994 meretur.
922 2917 978 2993 Ad
991 2919 1057 2992 bec
1077 2941 1122 2992 ne
1138 2919 1233 2992 falsis
1246 2917 1443 2991 rumoribus
1458 2937 1523 2991 vos
1535 2916 1778 2990 circumveniri

371 3044 563 3139 contingat,
584 3043 749 3116 noveritis
765 3043 861 3139 quod
882 3042 995 3115 dictus
1014 3041 1208 3115 Fridericus
1239 3063 1309 3114 non
1335 3041 1409 3114 sine
1434 3041 1565 3114 fraudis
1588 3043 1780 3138 excogitate

372 3177 565 3242 commento
585 3167 816 3240 venerabilem
838 3168 978 3240 tratrem
996 3175 1197 3240 nostrum...
1224 3168 1407 3238 Bareosem
1434 3164 1731 3262 archiepiscopum
1746 3175 1781 3238 44

373 3293 560 3366 Henricum
572 3291 732 3366 comitem
749 3293 949 3364 Malteosem
966 3290 1012 3364 ad
1023 3298 1174 3362 nostram
1190 3289 1397 3384 presentiam
1414 3285 1601 3362 destinavit
1611 3289 1674 3386 (2),
1696 3287 1780 3361 scri·

387 3415 578 3488 bensnobis
604 3424 644 3488 ut
667 3415 718 3488 eis
734 3415 920 3510 benignam
947 3413 1160 3488 audientiam
1182 3414 1420 3510 preberemus,
1447 3411 1593 3486 scientes
1612 3413 1708 3508 quod
1734 3413 1780 3486 ad

269 3804 277 3816 ι
412 3732 446 3807 (4)
463 3733 562 3790 Extant
573 3733 602 3788 in
612 3730 726 3806 llegest.'
735 3744 767 3787 u⁰
781 3732 816 3788 'lu
829 3729 932 3787 litterae
948 3727 1070 3802 Gregorii
1086 3726 1286 3802 archiepiscopo
1298 3724 1489 3784 Mediolanensi
1499 3731 1527 3782 et
1538 3723 1712 3798 sullregoneis
1725 3722 1784 3796 ejus
1861 3775 1862 3780 ,

375 3826 785 3899 directae:det.Perusii‚Xkal.
798 3827 948 3884 decembris
957 3825 1002 3900 (44
1012 3824 1147 3899 novemb.)
1158 3841 1221 3882 ann.
1235 3825 1270 3896 ll,
1281 3822 1380 3898 quibus
1388 3821 1498 3880 mandat
1508 3827 1539 3878 ut
1552 3820 1671 3878 subsidia
1682 3819 1795 3892 stipem.

376 3925 459 3984 diario
469 3925 600 3983 exercitui
613 3939 663 3983 suo
677 3923 839 3980 ministrent.

411 4021 446 4096 (4)
463 4023 515 4080 llio
529 4020 709 4079 verisimiliter
727 4020 815 4094 agitur
826 4020 862 4078 de
875 4019 1009 4094 legatione
1028 4035 1073 4094 up.
1088 4019 1184 4077 4444444.
1199 4017 1282 4074 Paris.
1295 4015 1413 4074 indicata
1427 4014 1488 4088 (vid.
1503 4029 1578 4088 supr.
1592 4028 1620 4086 p.
1633 4011 1690 4086 77),
1703 4025 1786 4085 quam

376 4119 456 4178 etiarn
467 4119 618 4176 bernardus
630 4117 821 4176 Thesauruius
832 4116 861 4172 in
876 4116 1074 4174 continuatione
1088 4115 1220 4174 Guillelmi
1233 4113 1361 4188 lunensis
1377 4113 1416 4170 ita
1428 4116 1559 4168 memorat
1572 4109 1609 4182 (in
1625 4109 1691 4166 edit.
1706 4107 1784 4166 Guiz.

377 4221 397 4274 4.
406 4213 518 4292 xmp.
529 4214 588 4286 444)
598 4231 606 4271 =
615 4215 724 4286 404444
733 4215 893 4290 l'empsreor
905 4213 933 4271 lu
945 4228 981 4271 en
991 4214 1071 4285 Aere,
1085 4213 1108 4271 si
1123 4213 1168 4270 list
1178 4217 1282 4270 4444444
1294 4225 1382 4270 armes
1395 4225 1448 4267 une
1459 4208 1528 4284 gabe
1542 4213 1570 4266 et
1578 4208 1643 4264 mist
1650 4221 1787 4280 manages

379 4317 484 4370 444444
493 4310 533 4370 les
543 4309 804 4386 euroiaal’apostcle
816 4316 845 4368 44
854 4309 899 4367 flst
909 4309 1021 4368 4444444
1030 4309 1094 4383 qu'il
1102 4309 1258 4368 estoitenla
1267 4314 1339 4365 terre
1349 4308 1435 4364 sainte
1441 4312 1470 4364 44
1476 4305 1541 4380 qu'il
1548 4304 1687 4375 l’aseusist,
1698 4302 1786 4362 stille

377 4407 561 4466 »4444444444
572 4423 625 4481 que
634 4409 721 4481 J'ames
730 4423 765 4465 ne
777 4406 998 4464 tornacoitariere
1007 4406 1120 4480 jusques
1131 4405 1196 4480 qu'il
1207 4404 1294 4464 auroit
1303 4404 1433 4479 eonqrdse
1446 4409 1503 4461 tote
1516 4403 1541 4460 44
1555 4409 1625 4460 terre
1636 4401 1685 4460 des
1695 4401 1788 4459 Sarra·

378 4507 457 4562 44444
467 4511 496 4562 44
506 4506 575 4563 mise
588 4521 622 4564 en
633 4506 660 4564 44
674 4505 747 4563 main
758 4505 808 4562 des
818 4503 982 4564 Chrestiem
996 4503 1145 4578 L’apostole
1158 4503 1214 4561 dist
1224 4501 1290 4576 qu'il
1300 4519 1336 4559 ne
1349 4501 1504 4560 l'asoudreit
1512 4499 1574 4571 mis,
1585 4498 1650 4572 qu’il
1659 4513 1695 4556 ne
1708 4497 1734 4556 le
1747 4503 1788 4555 to·

378 4601 460 4660 auoit
471 4603 526 4661 mle
539 4619 590 4678 por
609 4602 741 4674 44444444,
757 4602 816 4660 aine
831 4601 911 4660 estoit
927 4601 1006 4676 pamt
1018 4615 1079 4658 com
1093 4599 1153 4658 4444
1165 4605 1194 4658 44
1210 4600 1312 4660 uuus.
1329 4599 1415 4674 Apros
1424 4598 1523 4656 manda
1533 4613 1568 4655 au
1579 4596 1739 4672 patriamba,
1750 4610 1786 4652 au

380 4700 502 4775 »temple
515 4705 544 4758 et
555 4715 572 4758 4
582 4699 697 4774 l’ospital
703 4699 782 4775 qu'ils
792 4699 937 4758 4444444444
946 4716 962 4757 4
970 4713 1020 4757 sou
1030 4699 1131 4757 4444444
1142 4698 1187 4756 n'a
1196 4713 1246 4758 sou
1259 4703 1350 4757 444444
1358 4703 1386 4756 44
1399 4713 1452 4772 que
1464 4697 1527 4756 bien
1540 4711 1571 4754 se
1579 4692 1786 4770 prisseutgarde

380 4796 437 4854 »de
446 4795 497 4869 loi3
512 4812 559 4856 oar
572 4796 591 4855 il
602 4795 717 4856 44444444
726 4799 755 4871 la
765 4796 869 4870 bien,sl
880 4795 1014 4856 semmeil
1025 4795 1133 4856 eoidoit.
1146 4814 1161 4849 4
