4710 6076
588 649 649 713 eso
1113 659 1287 722 sanarer
1311 659 1480 722 snrrrrrr
1817 662 1895 750 [aar.
1913 665 2002 732 rano.

590 785 635 860 Ut
650 795 766 862 autem
784 787 850 864 hee
867 799 940 866 rata
956 801 991 868 et
1011 795 1109 871 salva
1128 803 1354 894 permaneant
1374 803 1568 892 presentem
1587 797 1749 893 paginam
1770 799 1875 894 sigilli
1896 805 2003 878 nostri

589 912 803 1008 appensione
816 913 983 992 duximus
1000 919 1287 996 nonlirmsrndam.

637 1038 763 1112 Datum
777 1040 873 1136 apud
888 1041 1118 1140 Wimpinam,
1135 1067 1227 1120 enno
1243 1043 1380 1118 Domini
1395 1043 1621 1118 MGCXXVlll
1638 1045 1652 1142 (
1677 1045 1703 1142 ).

636 1164 753 1237 Testes
775 1166 958 1242 Dietberus
981 1171 1177 1268 prepositus
1194 1171 1239 1244 de
1256 1169 1450 1266 Wimpina,
1473 1169 1653 1244 Heindous
1671 1171 1865 1269 prepositus
1887 1174 2001 1248 Sancti

587 1285 746 1362 Germani
766 1290 803 1363 in
823 1293 939 1390 Spira,
961 1295 1097 1370 Ulrions
1118 1296 1272 1370 notarius
1289 1305 1417 1388 noster,
1434 1297 1571 1387 olerioi;
1591 1297 1637 1371 de
1650 1297 1760 1392 laicis,
1776 1296 1938 1372 Gerlaons
1955 1298 2001 1373 de

585 1413 781 1509 Rudingen,
797 1417 1003 1516 liudolphus
1018 1422 1064 1496 de
1077 1421 1288 1512 Hohenhart,
1304 1421 1533 1516 blanquardus
1547 1421 1593 1498 de
1607 1423 1764 1511 Bouvelt,
1780 1421 2002 1496 llberbardus
2042 1463 2046 1470 ,

585 1536 630 1610 de
642 1539 899 1617 Winterstetten
912 1545 1090 1642 pincerna,
1102 1545 1481 1642 Heinrious(l)dupiler
1492 1545 1750 1643 deWalpnroh,
1764 1545 2001 1622 Willebelmus

584 1661 800 1758 dispensator
817 1677 932 1742 noster
949 1670 995 1744 de
1008 1671 1200 1768 Wimpina‚
1218 1671 1426 1744 Gnmbertus
1437 1673 1604 1744 scultetus
1619 1671 1770 1762 ibidem,
1789 1670 2000 1746 Ludewious

585 1795 620 1860 et
637 1788 808 1864 Heruldus
821 1793 925 1867 irater
939 1795 1017 1888 ejus
1033 1795 1079 1869 de
1089 1795 1296 1869 Obemkeim
1310 1805 1346 1867 et
1360 1794 1420 1868 alii
1435 1797 1670 1891 quamplures.

440 2485 455 2518 ι
530 2451 540 2520 '.
638 2401 822 2486 Henrious
836 2401 1096 2487 Romanorum
1115 2429 1182 2487 rex
1198 2404 1414 2514 praeposito
1432 2411 1470 2486 et
1486 2401 1669 2486 fratribus
1687 2403 1790 2514 apud
1806 2401 1998 2515 Adelberg

583 2535 758 2648 indulget
784 2545 829 2620 ut
851 2561 1102 2649 quaeeunque
1127 2535 1231 2622 bona
1254 2535 1540 2644 ministeriales,
1564 2535 1664 2620 cives
1684 2545 1722 2620 et
1743 2535 1918 2620 homines
1936 2537 1995 2620 sui

582 2669 760 2754 ecelesiae
777 2669 949 2780 ipsorum
966 2697 1124 2784 erogare
1136 2653 1345 2778 voluerint,
1362 2669 1481 2755 libere
1494 2669 1659 2781 recipere
1671 2677 1709 2754 et
1725 2669 1880 2782 peuifioe
1901 2695 1995 2782 pos-

583 2802 705 2886 sidere
718 2803 811 2912 ipsis
826 2803 951 2888 lineat.

659 3015 760 3098 (Edld.
775 3020 919 3094 Besoun„
934 3019 1051 3080 muros
1065 3017 1154 3082 radio.
1168 3026 1293 3084 memet.
1315 3016 1491 3094 worout„
1504 3025 1529 3081 t.
1542 3021 1569 3096 Ι,
1582 3036 1615 3098 p.
1633 3017 1694 3100 aa.)

625 3205 665 3277 ln
683 3205 822 3280 nomine
837 3215 956 3280 sancte
968 3215 1003 3280 et
1019 3205 1203 3281 individue
1218 3207 1405 3282 Trinitatis.
1426 3206 1595 3280 llenrioue
1612 3207 1781 3303 septimos
1796 3207 1917 3282 divina
1931 3209 1990 3282 la·-

576 3338 681 3406 vente
695 3333 875 3405 elementia
892 3331 1125 3406 Romanorum
1144 3355 1208 3406 rex
1224 3342 1259 3406 et
1275 3354 1412 3430 semper
1429 3342 1600 3428 augustus
1614 3333 1650 3406 iu
1668 3342 1887 3430 perpetuum.
1905 3333 1990 3407 Cum

575 3476 640 3529 nos
668 3476 764 3529 more
788 3456 1072 3552 preueoeesorum
1102 3465 1297 3530 nostrorum
1327 3457 1490 3532 divorum
1513 3464 1742 3552 angustorum
1768 3457 1845 3532 loca
1870 3457 1991 3533 divino

574 3581 682 3654 uultui
702 3581 898 3678 mancipata
920 3602 1123 3677 promovere
1144 3580 1358 3655 intendimus
1374 3589 1409 3655 et
1430 3579 1612 3676 ampliare,
1634 3602 1703 3654 non
1727 3581 1840 3654 solum
1859 3582 1906 3655 ad
1926 3583 1989 3654 fu-

574 3714 651 3778 ture
667 3705 740 3780 vite
756 3707 941 3802 premium,
958 3729 1083 3780 verum
1099 3707 1204 3780 etiam
1220 3705 1267 3781 ad
1281 3707 1427 3780 salutem
1441 3706 1609 3802 presentis
1624 3706 1697 3779 vite
1709 3705 1810 3778 nobis
1826 3727 1897 3780 non
1910 3729 1989 3780 am-

573 3827 725 3925 bigimus
739 3832 971 3926 profuturum.
990 3831 1079 3904 Hine
1094 3830 1255 3926 estquod
1269 3851 1333 3903 nos
1349 3831 1564 3904 attendentes
1578 3830 1792 3904 honestatem
1808 3839 1843 3904 et
1859 3833 1987 3904 bonam

575 3959 867 4030 conversationem
887 3957 1092 4030 dilectorum
1112 3953 1268 4028 fidelium
1290 3963 1485 4028 nostrorum
1505 3955 1671 4052 prepositi
1686 3965 1721 4028 et
1739 3976 1882 4028 suorum
1900 3977 1987 4029 oon·

573 4079 717 4152 fratrum
741 4081 837 4177 apud
858 4079 1071 4164 Adelberoh‚
1095 4079 1311 4153 attendentes
1333 4079 1557 4154 nihilominus
1580 4080 1708 4154 devota
1731 4081 1987 4176 obsequiaque

576 4203 634 4277 die
653 4213 828 4301 noctuque
846 4207 927 4279 lesu
946 4203 1079 4278 Christo
1092 4203 1222 4300 jugiter
1239 4203 1463 4301 impendunt,
1483 4204 1529 4278 de
1548 4225 1643 4278 mera
1661 4204 1875 4300 benignitate
1892 4203 1987 4298 regie

609 4511 646 4587 (t)
664 4511 707 4572 Λᾶ
722 4513 796 4573 buno
807 4529 908 4572 anuum
923 4519 952 4572 et
963 4512 1052 4572 loeum
1071 4513 1262 4572 (lenimentum
1280 4513 1353 4572 istud
1364 4518 1407 4572 sat
1416 4513 1487 4572 bene
1497 4513 1632 4588 pertinere
1642 4525 1793 4584 oensemus,
1807 4512 1870 4571 lieet
1881 4511 1988 4570 nomina

571 4611 680 4669 testium
689 4626 751 4668 onm
762 4611 986 4688 praecedentibus
996 4618 1024 4670 et
1036 4613 1212 4686 sequentibus
1220 4629 1275 4671 uon
1287 4612 1458 4672 oonoordeut.
1464 4610 1635 4685 Privilegium
1645 4610 1751 4670 Ottonis
1762 4611 1867 4669 oomitis
1877 4609 1987 4684 palatim

569 4709 656 4769 libeni
669 4725 766 4783 perum
776 4710 844 4768 lueis
855 4710 932 4767 effert
942 4710 977 4768 ad
989 4709 1172 4768 elucidandam
1184 4709 1381 4784 quaestionem,
1394 4725 1478 4784 quum
1491 4709 1627 4782 ignoretur
1637 4713 1728 4766 utmm
1747 4708 1819 4766 istud
1837 4706 1987 4764 immunita·

568 4809 988 4885 temrogiamcondrmaueritau
999 4803 1914 4882 exoonsultoinimmuuitateregiamenu'oajtndemomissuluerit.
