4702 6110
558 631 619 694 rao
1087 637 1258 700 nnnnrcr
1283 638 1450 700 sarnum
1788 637 1866 723 [nra.
1884 640 1969 704 raso.

555 769 698 843 omnino
722 771 773 843 liti
794 771 844 844 illi
865 793 972 867 quam
1000 771 1174 846 habebant
1198 781 1318 846 contra
1341 771 1453 870 ipsam
1478 773 1659 847 ecelesiam
1682 795 1788 870 super
1814 776 1914 850 alveo
1935 787 1972 850 et

558 893 709 969 decursu
727 897 794 970 rivi
813 897 905 970 illius
918 898 979 992 qui
998 897 1076 970 llnit
1092 900 1195 992 juxta
1212 897 1335 972 silvam
1353 897 1523 972 liscbholz
1540 908 1575 970 ct
1587 897 1818 994 promiscmnt
1842 899 1878 971 in
1892 922 1971 996 pra·

557 1021 668 1094 sautia
693 1019 949 1116 magnificentia
973 1031 1089 1094 nostre
1112 1021 1208 1116 quod
1236 1043 1300 1095 nec
1324 1021 1391 1117 ipsi
1414 1043 1479 1095 noc
1504 1023 1541 1094 in
1559 1030 1734 1118 posterum
1750 1022 1897 1098 heredes
1916 1025 1969 1120 ip·

556 1165 674 1218 somm
688 1143 803 1218 eidem
818 1145 963 1218 ecclesie
982 1145 1019 1216 iu
1034 1145 1111 1240 ipso
1126 1145 1201 1218 rivo
1219 1145 1414 1240 aliqualiter
1433 1153 1535 1218 crunt
1552 1165 1676 1239 graves
1690 1153 1727 1218 et
1742 1146 1889 1238 molesti,
1905 1147 1968 1220 sod

556 1268 702 1342 ecclesia
715 1267 761 1342 de
779 1267 902 1342 eodem
922 1267 1013 1360 rivo,
1032 1291 1101 1342 non
1113 1268 1331 1342 obstantibus
1343 1271 1540 1342 memoratis
1553 1269 1591 1341 F.
1608 1277 1644 1341 st
1660 1269 1690 1342 J.
1702 1269 1759 1342 vel
1773 1291 1892 1343 sorum
1906 1271 1969 1345 be·

557 1393 720 1484 rudibus,
740 1415 843 1465 suum
861 1403 965 1489 prout
985 1393 1134 1466 voluerit
1148 1393 1367 1466 commodum
1388 1392 1595 1488 procurabit.
1615 1393 1661 1468 Ut
1675 1401 1791 1468 numm
1809 1393 1874 1466 bac
1894 1403 1968 1469 rats

556 1527 591 1591 et
614 1517 819 1592 inconvulsa
840 1527 1083 1614 permaneant,
1109 1539 1249 1616 pressus
1267 1519 1433 1614 scriptum
1447 1517 1561 1611 sigillo
1578 1517 1832 1613 magnificentia
1853 1529 1968 1593 nostre

555 1641 729 1714 munitum
745 1643 874 1738 prelata
885 1643 1029 1716 ecclesie
1042 1643 1079 1714 in
1099 1643 1332 1716 testimonium
1348 1641 1516 1714 duximus
1531 1641 1804 1716 concedendum.

602 1769 728 1840 Datum
742 1769 852 1864 spire,
871 1787 962 1840 anno
978 1767 1116 1840 Domini
1139 1766 1319 1840 millesimo
1340 1765 1404 1839 CC.
1420 1767 1535 1858 XXX,
1559 1767 1588 1838 V
1609 1765 1690 1840 idus
1708 1766 1912 1842 decembris.

783 2079 985 2093 -ν--Ᾰ-σ--ι-
1004 2081 1658 2094 *mn-wua—
1690 2088 1695 2094 .
1718 2087 1724 2094 ι

355 2469 370 2515 ⁹
380 2416 508 2517 &aa
605 2391 789 2476 chricus
809 2391 1070 2476 Romanorum
1088 2415 1155 2472 rex
1172 2389 1405 2474 abbatissam
1420 2387 1691 2472 lissindensem
1704 2387 1743 2468 in
1756 2389 1965 2496 possessio-

550 2551 640 2610 nem
655 2525 872 2610 advocatiae
890 2524 938 2607 do
950 2523 1267 2635 Rellingshansen
1280 2523 1396 2605 mittit
1408 2547 1457 2606 cx
1473 2548 1551 2633 qna
1569 2548 1592 2604 a
1610 2521 1747 2605 comite
1762 2520 1900 2605 Adolio
1913 2523 1962 2604 de

549 2658 717 2744 biarchis
739 2657 921 2743 violenter
941 2654 1060 2768 ejecta
1076 2656 1219 2764 fuerat,
1240 2655 1381 2766 jubens
1402 2665 1594 2739 nicomas
1615 2653 1687 2736 iste
1707 2653 1748 2735 in
1769 2653 1876 2736 curia
1895 2652 1960 2763 jus

548 2819 661 2878 sunm
682 2791 715 2874 si
729 2791 834 2903 qnod
847 2789 963 2873 habat
977 2789 1436 2900 proponat3mandatque
1449 2797 1492 2872 nt
1504 2785 1770 2870 ministeriales
1782 2785 1960 2870 ecclcsiae

547 2925 790 3010 Assindensis
803 2949 930 3008 coram
948 2921 1155 3034 burgravio
1167 2921 1368 3008 Werdcusi
1379 2921 1458 3032 juri
1470 2931 1642 3032 pareant.

625 3168 754 3250 (lidldsr.
769 3167 886 3241 Lumo,
900 3162 1108 3238 licicisarcltiu,
1121 3171 1145 3226 t.
1160 3165 1277 3244 xvnl,
1300 3173 1369 3227 ast.
1385 3197 1425 3211 -
1440 3164 1561 3239 (imru,
1576 3164 1619 3224 Da
1631 3160 1816 3245 Enqcibartu,
1831 3180 1863 3242 p.
1881 3171 1956 3237 1²63

666 3275 756 3338 umbo
766 3291 835 3336 cum
847 3273 904 3336 bac
917 3279 1009 3335 nota:
1025 3269 1124 3334 lustau
1137 3267 1292 3333 mosa
1306 3267 1623 3352 (lodoci-Troas,
1638 3265 1825 3350 Wartpltala'a,
1838 3269 1875 3332 ad
1886 3285 1956 3331 nnn.

668 3391 762 3459 usas,
782 3391 816 3444 ιι
833 3381 928 3443 octob
944 3413 984 3429 -
998 3381 1156 3442 Recentlns
1168 3385 1269 3440 nutam
1289 3383 1319 3440 st
1335 3379 1425 3440 simul
1446 3379 1604 3439 musanus
1616 3376 1750 3438 exhibuit
1762 3377 1956 3451 hunnum,

668 3485 917 3571 erumnosus
928 3486 976 3550 dic
990 3485 1089 3550 auct.
1106 3485 1155 3548 des
1166 3483 1334 3561 soona,
1349 3501 1409 3546 ιν.
1419 3483 1514 3558 Band,
1529 3501 1561 3562 p.
1576 3491 1627 3558 tto,
1643 3481 1835 3562 al,n⁰1tt.)

591 3706 636 3778 Η.
656 3703 721 3778 Dsi
745 3703 855 3799 gratia
875 3703 1108 3776 Romanorum
1133 3723 1198 3774 rex
1215 3711 1250 3774 et
1268 3722 1404 3798 semper
1417 3708 1606 3795 augustus,
1631 3696 1802 3770 universis
1822 3695 1956 3792 imperii

544 3827 706 3903 fidelibus
723 3829 851 3924 quibus
868 3849 1010 3925 presens
1026 3827 1195 3922 scriptum
1211 3826 1316 3898 inurit
1332 3834 1509 3898 ostensum
1525 3821 1671 3918 gratiam
1690 3829 1838 3895 suamet
1855 3840 1957 3893 omne

544 3955 687 4028 bonum.
707 3953 942 4026 lnsinuatione
963 3950 1176 4048 presentium
1194 3951 1241 4025 ad
1260 3949 1416 4024 notitiam
1432 3948 1673 4022 nniversomm
1696 3944 1857 4042 cupimus
1877 3963 1956 4038 pcr-

543 4077 664 4151 venire
683 4075 780 4172 quod
798 4097 861 4149 nos
878 4073 1039 4149 dilectam
1056 4073 1250 4170 principem
1264 4081 1415 4147 nostram
1434 4073 1643 4147 abbatissam
1652 4068 1897 4142 Assindensem
1911 4065 1957 4140 de

543 4199 762 4299 plenitudine
779 4199 913 4275 consilii
929 4199 1037 4272 nostri
1057 4198 1093 4270 in
1109 4198 1361 4295 possessionem
1377 4196 1560 4270 advocatie
1576 4217 1640 4268 sna
1657 4193 1892 4268 llnlincbussn
1903 4188 1958 4286 (t)

544 4325 715 4418 misimus,
734 4346 781 4398 ex
798 4345 869 4420 qua
883 4323 1123 4398 advocationis
1136 4322 1353 4420 possessione
1364 4321 1454 4396 sicut
1470 4321 1679 4395 asscrebata
1695 4317 1820 4392 comite
1834 4314 1959 4389 Adollo

545 4449 591 4524 ds
606 4449 759 4525 Marcbia
778 4471 841 4547 per
858 4448 1058 4524 violentiam
1077 4448 1188 4522 inierat
1210 4449 1334 4542 ejecta,
1351 4455 1386 4521 et
1400 4446 1437 4518 in
1448 4445 1572 4520 eadem
1586 4442 1804 4541 possessione
1819 4459 1958 4514 memo-

577 4761 612 4838 (t)
632 4760 739 4822 Scilicet
752 4757 972 4834 llaltinqbooun.
