4658 6132
633 577 692 641 166
1125 567 1339 634 retentet
1363 569 1536 634 securo!
1848 566 1925 658 [An.
1943 573 2022 640 lm

674 707 887 800 Friderioos,
908 717 996 800 etc,
1020 707 1264 804 potoeuubne,
1286 705 1503 800 oonsulibus,
1523 713 1559 780 et
1574 703 1717 780 oonsilio
1733 699 1912 782 civitatum
1931 711 2025 784 lom·

627 833 763 920 berdie,
774 831 936 906 fidelibus
950 831 1035 925 suis,
1050 839 1117 906 etc.
1131 831 1175 904 Ut
1187 829 1233 904 de
1247 839 1440 906 nostrorum
1455 829 1614 904 felicitate
1624 850 1847 904 successuum
1862 843 1953 908 certa
1966 855 2025 908 vos

626 977 718 1031 nova
735 954 915 1044 letilioent,
933 953 1056 1028 vestris
1074 953 1241 1028 dommus
1259 951 1440 1028 desideriis
1455 949 1671 1051 presentibus
1687 951 1917 1030 intimandum
1935 957 2024 1052 qnod

626 1101 690 1155 nos
708 1080 754 1155 de
769 1077 1001 1152 ultramarinis
1016 1077 1172 1174 partibus
1188 1099 1352 1174 prospere
1368 1099 1431 1174 per
1447 1077 1509 1150 Dei
1525 1077 1670 1173 padam
1683 1077 1884 1172 Monotes,
1902 1077 1948 1153 de
1963 1079 2026 1154 ini·

625 1203 725 1277 micis
753 1204 879 1276 nostris
903 1202 965 1298 qni
987 1223 1134 1296 regum
1156 1211 1311 1276 nostrum
1333 1201 1532 1274 invaserant
1555 1199 1698 1274 feliciter
1717 1201 2021 1298 triumphavimus,

626 1325 711 1402 dum
733 1327 914 1400 audientes
932 1347 997 1398 nos
1014 1335 1133 1400 contra
1149 1345 1209 1400 eos
1231 1325 1269 1398 in
1288 1346 1393 1398 manu
1410 1323 1527 1398 valida
1546 1333 1581 1398 et
1601 1325 1731 1420 potenti
1752 1334 1936 1418 venturos,
1959 1347 2024 1400 non

625 1449 816 1546 expectatis
832 1457 894 1522 ant
907 1449 1059 1545 expertis
1076 1449 1211 1522 viribus
1224 1449 1361 1542 nostris,
1381 1447 1417 1520 iu
1432 1447 1616 1546 Campania
1630 1447 1759 1522 linibus
1775 1451 1858 1545 luge
1870 1449 1936 1523 sibi
1953 1471 2025 1547 prc-

625 1573 755 1648 sidium
771 1573 961 1668 elegemnt,
980 1571 1101 1667 sicque
1117 1573 1263 1646 Domino
1276 1579 1480 1668 cooperante
1492 1579 1528 1644 et
1543 1592 1606 1646 nos
1623 1572 1807 1646 monitante
1814 1573 1947 1666 justitia
1960 1595 2025 1668 qne

626 1695 670 1770 de
688 1697 762 1769 celo
785 1695 980 1792 prospexit,
997 1695 1093 1790 qnod
1115 1696 1183 1792 ipsi
1201 1695 1246 1771 de
1263 1717 1370 1792 regno
1390 1703 1507 1768 nostm
1526 1695 1627 1769 nobis
1649 1695 1850 1770 absentibus
1870 1719 1932 1792 per
1947 1697 2024 1770 anni

625 1819 809 1896 dimidium
831 1827 1086 1916 occupaverant
1103 1841 1167 1892 nos
1187 1819 1285 1892 brevi
1303 1818 1438 1893 dierum
1454 1819 1564 1915 spatio
1581 1820 1862 1916 recuperavimus
1877 1829 1913 1892 et
1928 1841 2025 1894 revo-

624 1943 781 2018 cavimus
802 1942 850 2017 ad
870 1943 1071 2016 demanium
1088 1953 1124 2016 et
1141 1942 1333 2016 dominium
1354 1953 1521 2016 nostrum.
1542 1943 1701 2016 Veientes
1725 1943 1831 2038 igitur
1847 1943 1980 2039 imperii
1994 1953 2026 2016 et

622 2067 721 2162 regni
739 2065 845 2140 nostri
858 2065 1010 2160 quietem
1024 2075 1060 2138 et
1076 2087 1197 2162 pacem
1217 2087 1297 2138 cnm
1319 2067 1463 2140 oonsilio
1478 2075 1593 2141 vestro
1607 2065 1789 2164 disponere
1804 2089 1846 2140 ac
1859 2067 1895 2139 in
1910 2067 2025 2140 Theu-

623 2189 751 2262 tonium
764 2211 786 2263 e
800 2189 948 2282 vestigio
962 2209 1158 2286 properare,
1171 2189 1369 2263 fidelitatem
1382 2199 1531 2264 vestram
1545 2211 1725 2264 monemus
1738 2199 1773 2264 et
1786 2191 1965 2264 hortamur
1977 2199 2024 2266 at-

624 2312 751 2385 tentius
767 2309 909 2384 firmiter
922 2331 964 2384 uc
977 2311 1131 2386 districte
1145 2313 1365 2409 precipiendo
1380 2314 1584 2388 mandantes
1596 2315 1776 2410 quatinus,
1796 2314 1865 2388 hiis
1882 2314 2025 2411 receptis

624 2436 758 2528 litteris,
777 2435 813 2506 in
829 2434 930 2530 equis
943 2443 979 2508 et
993 2435 1097 2509 umis
1113 2436 1274 2510 decenter
1288 2438 1411 2510 armati
1423 2445 1576 2512 vestrum
1590 2435 1638 2510 ad
1652 2457 1716 2510 nos
1733 2437 1898 2510 festinetis
1912 2459 2024 2512 acces·

622 2581 719 2648 sum,
739 2558 903 2654 quonium
924 2580 988 2632 nos
1004 2559 1176 2634 universis
1192 2568 1227 2633 et
1240 2559 1386 2654 singulis
1405 2581 1469 2658 pro
1483 2561 1539 2632 sni
1557 2559 1721 2655 qualitate
1739 2561 1870 2634 servitii
1889 2559 2024 2634 curabi-

620 2703 699 2756 mus
715 2680 934 2778 respondere.

670 2809 794 2880 Datum
808 2805 904 2902 apud
919 2807 1082 2880 Sanctum
1097 2804 1318 2900 Germanum
1335 2807 1380 2880 lll
1395 2829 1505 2882 nonas
1517 2805 1667 2882 octobris
1679 2803 1744 2902 (l),
1762 2805 1807 2878 lll
1821 2804 2019 2880 indictione.

674 3389 882 3499 lmperator
899 3413 923 3470 a
941 3387 1079 3469 Sancto
1097 3385 1244 3468 Thomu
1263 3409 1417 3470 movens
1434 3391 1558 3466 metro
1574 3406 1645 3464 sua
1660 3379 1741 3464 XIV
1759 3360 1900 3462 mensis
1921 3388 2025 3461 octo-

622 3522 717 3628 bris,
734 3521 864 3632 pluvia
881 3519 1095 3628 ingruente,
1113 3541 1285 3600 reversus
1302 3525 1361 3598 est
1378 3515 1427 3598 sd
1440 3515 1621 3598 Sanctum
1644 3513 1875 3598 Germanum
1896 3508 2023 3619 ibique

622 3681 689 3765 per
701 3655 782 3737 dies
796 3661 939 3761 septem
952 3675 1101 3734 moram
1116 3648 1257 3730 iaciens
1269 3647 1358 3732 inde
1370 3647 1563 3758 digressus
1575 3654 1647 3752 est,
1657 3645 1727 3727 iter
1738 3643 1880 3726 iaciens
1893 3665 2023 3725 versus

623 3785 838 3896 Aquinum,
854 3808 943 3866 suas
965 3781 1068 3865 orbis
1090 3779 1323 3890 principibus
1340 3779 1508 3890 dirigens
1525 3775 1777 3862 excusatorias
1795 3771 2023 3884 superiecto

621 3919 758 4002 Terrae
780 3926 951 4021 sanotae,
970 3937 1177 4022 superque
1199 3913 1327 4021 ipsum
1344 3911 1442 3994 falso
1459 3909 1645 3994 detulerat
1659 3906 1874 4018 patriarche
1892 3905 2024 3988 Hiero-

621 4049 870 4161 solymitanns
895 4049 942 4131 ad
963 4046 1163 4130 dominum
1174 4070 1334 4154 papam,
1351 4044 1456 4155 quod
1472 4069 1562 4127 cum
1579 4043 1745 4128 Soldono
1761 4051 1943 4150 treuguas
1959 4039 2024 4121 fir-

618 4181 778 4265 maverit
799 4182 839 4262 in
855 4178 1104 4291 ignominiam
1125 4176 1291 4261 nominis
1309 4176 1527 4284 christiani3
1543 4201 1656 4287 super
1669 4199 1747 4286 quo
1765 4171 2023 4256 testimonium

656 4483 690 4560 (t)
708 4484 811 4542 Eodem
829 4484 888 4556 ipso
907 4481 960 4554 die,
973 4483 1026 4540 nisi
1042 4481 1078 4541 sit
1095 4481 1184 4556 aliqua
1195 4479 1293 4540 menda
1310 4480 1339 4538 in
1357 4479 1518 4538 editionibus
1534 4477 1655 4537 Riccardi
1669 4477 1703 4536 de
1718 4477 1746 4536 S.
1759 4477 1864 4549 Germ,
1879 4475 2023 4550 imperator

618 4585 689 4660 apud
703 4583 830 4640 Sanctum
840 4579 969 4638 Thomam
989 4580 1024 4638 de
1039 4582 1128 4640 Strata
1140 4585 1226 4638 rostra
1236 4593 1340 4655 ponens
1352 4578 1442 4636 villam
1452 4577 1631 4651 Pedemonlis,
1647 4591 1717 4654 quae
1730 4575 1828 4634 dicitu
1845 4573 1961 4632 Sancus
1970 4571 2023 4631 tu-

618 4682 685 4755 rias,
695 4679 752 4740 suis
764 4677 839 4738 dedit
849 4677 877 4736 in
888 4676 1065 4752 direptionun
1076 4678 1250 4752 etprasdsm.
1260 4675 1333 4735 idid.
1343 4673 1380 4735 od
1392 4693 1460 4736 ctu.
