4602 6084
545 645 586 706 66
1045 645 1255 706 ratoatttct
1283 645 1456 708 stctttttt
1764 645 1843 724 [llus.
1863 645 1947 708 1228.

548 780 595 854 ad
612 779 778 854 honorem
792 789 944 852 nostrum
959 789 993 852 et
1012 779 1146 876 imperii
1163 780 1343 854 commode
1361 789 1491 868 tractet,
1505 779 1663 876 disponat
1677 791 1712 854 et
1729 790 1856 854 statuat
1873 782 1950 854 uni·

546 927 668 994 versa;
701 903 757 976 cui
784 903 946 978 dedimus
972 905 1159 1000 plenariam
1188 913 1390 1002 potestatem
1417 905 1454 976 in
1482 904 1644 977 omnibus
1670 925 1889 999 quecumque
1914 905 1950 978 in

545 1028 710 1126 predictis
728 1027 811 1102 locis
827 1049 890 1101 nos
911 1028 976 1124 ipsi
999 1030 1221 1124 personaliter
1241 1031 1353 1102 iacere
1368 1028 1548 1102 debemus.
1569 1027 1757 1101 Statuimus
1783 1029 1888 1124 igitur
1915 1040 1949 1102 et

545 1153 715 1248 imperiali
733 1153 934 1225 auctoritate
948 1153 1092 1226 tirmiter
1101 1163 1136 1226 et
1152 1153 1305 1226 districte
1322 1153 1529 1248 precipimus
1550 1162 1721 1246 quatenns
1736 1152 1850 1226 eidem
1869 1153 1949 1226 duci

543 1275 671 1370 Spoleti
688 1273 813 1348 dilecto
832 1275 924 1348 fideli
948 1286 1062 1350 nostro
1083 1285 1247 1370 tanquam
1272 1299 1415 1372 persone
1435 1287 1548 1350 nostra
1571 1276 1607 1348 iu
1627 1275 1788 1348 omnibus
1813 1277 1949 1371 quoad

543 1399 652 1495 ipsius
669 1401 849 1494 legationis
868 1401 1018 1473 officium
1042 1402 1213 1497 pertinent
1232 1401 1385 1474 universi
1400 1411 1435 1474 et
1448 1401 1575 1495 singuli
1596 1399 1742 1474 fideliter
1757 1409 1899 1496 pareant
1914 1411 1949 1472 et

542 1523 667 1598 devote
682 1525 879 1616 intendant,
896 1547 960 1598 nec
977 1527 1022 1598 sit
1039 1525 1166 1620 aliquis
1179 1525 1241 1620 qui
1252 1547 1316 1598 sna
1340 1525 1554 1620 dispositioni
1572 1527 1628 1598 vel
1649 1525 1818 1598 voluntati
1839 1535 1949 1598 tcme-

540 1649 671 1720 rarium
689 1649 725 1720 iu
744 1649 862 1744 aliquo
885 1671 922 1722 se
946 1659 1109 1745 opponat.
1126 1649 1228 1736 Quod
1245 1651 1275 1722 si
1297 1649 1377 1744 quis
1393 1651 1656 1745 presumpserit,
1676 1649 1947 1742 indignationem

540 1774 647 1844 nostri
666 1773 828 1845 culminis
848 1795 886 1846 se
906 1775 1040 1846 noverit
1055 1775 1288 1846 incursurum.
1309 1773 1364 1846 Ad
1386 1774 1491 1865 hujus
1512 1774 1629 1868 itaque
1646 1773 1898 1846 constitutionis
1913 1783 1947 1846 et

540 1899 791 1970 commissionis
808 1907 923 1971 nostre
938 1901 1139 1972 memoriam
1154 1910 1188 1971 et
1202 1901 1307 1972 robur
1320 1909 1485 1996 perpetue
1498 1897 1668 1970 firmitatis
1686 1919 1827 1994 presens
1840 1898 1948 1993 sorip-

542 2031 617 2092 tum
641 2021 715 2093 lieri
740 2031 774 2094 et
802 2023 896 2094 bulla
930 2044 1034 2096 aurea
1065 2024 1200 2118 typario
1233 2031 1346 2096 nostre
1371 2021 1558 2116 majestatis
1585 2021 1751 2117 impressa
1778 2021 1948 2114 jussimus

541 2145 759 2218 communiri.

589 2273 715 2342 Datum
732 2269 937 2356 Brundusii,
960 2291 1052 2342 anno
1069 2269 1243 2344 dominice
1256 2269 1498 2342 incarnationis
1513 2269 1694 2342 millesimo
1710 2267 1948 2342 ducentesimo

538 2396 707 2492 vigesimo
721 2405 863 2485 octavo,
882 2416 1000 2467 mense
1010 2393 1119 2487 junii,
1141 2393 1251 2489 prime
1266 2393 1477 2467 indictionis.

355 2971 486 3028 aarum,
588 2954 817 3058 FridericuS,
837 2952 1095 3036 Romanorum
1113 2950 1332 3058 imperator,
1344 2946 1500 3029 consilio
1515 2955 1552 3028 el
1567 2945 1760 3027 communi
1778 2943 1946 3027 Civitatis

372 3027 472 3081 anam.
535 3089 661 3174 Novae
675 3086 804 3168 scribit
821 3112 876 3190 se,
891 3111 980 3166 cum
996 3093 1158 3166 rectores
1176 3081 1363 3162 Ecclesiae
1377 3079 1416 3159 in
1430 3079 1491 3160 his
1504 3078 1677 3186 partibus
1692 3075 1943 3186 conjurationi

536 3245 694 3303 suorum
713 3217 916 3298 rebellium
939 3215 1177 3297 adhaeserint
1193 3224 1230 3296 et
1247 3211 1475 3295 discordiam
1489 3236 1558 3318 pro
1575 3237 1667 3319 paee
1681 3209 1867 3292 seminare
1883 3234 1944 3290 sa-

534 3353 709 3464 tegerint,
728 3349 992 3432 alienationem
1008 3347 1204 3458 quondam
1220 3346 1259 3426 in
1281 3345 1448 3427 savorem
1466 3343 1653 3424 Ecclesiae
1675 3342 1815 3424 factam
1837 3367 1945 3422 raro-

533 3483 796 3570 oassaetvelle
810 3483 849 3562 in
866 3491 1060 3590 posterum
1078 3489 1121 3562 ut
1138 3479 1210 3586 ipsi
1235 3479 1274 3558 in
1298 3503 1367 3560 suo
1389 3487 1427 3558 et
1450 3475 1635 3584 imperiali
1657 3475 1827 3558 dominio
1844 3500 1943 3556 nun-

533 3644 651 3728 qnam
676 3613 923 3698 subtrahendi
945 3612 1172 3716 consistant,
1201 3611 1381 3719 additque
1404 3635 1444 3690 se
1469 3607 1665 3718 Raynaldo
1689 3607 1776 3690 duci
1802 3605 1942 3714 Spoleti

532 3751 681 3834 dedisse
703 3749 742 3828 in
765 3746 956 3829 mandatis
978 3755 1021 3827 ul
1044 3745 1118 3826 hoc
1140 3770 1209 3851 pro
1229 3753 1335 3851 parte
1358 3767 1428 3824 sua
1452 3741 1544 3848 ipsis
1566 3739 1761 3848 promittat
1775 3749 1812 3820 et
1823 3737 1938 3846 juret,

532 3907 692 3964 monens
708 3881 812 3990 quod
829 3879 951 3960 eidem
965 3877 1163 3958 intendant
1178 3883 1215 3956 el
1229 3883 1399 3980 pareant.

613 4096 729 4170 (Edtdtt
738 4095 937 4166 stramem-1,
953 4091 1090 4151 Memorio
1102 4105 1200 4148 sacac
1215 4083 1288 4147 civil
1299 4082 1331 4144 di
1343 4085 1437 4146 Cioitu
1446 4085 1537 4158 Nova,
1552 4084 1604 4144 lib.
1616 4085 1671 4156 111,
1682 4100 1712 4160 p.
1726 4089 1870 4142 tto-att.
1881 4081 1942 4142 Mt·

649 4219 706 4262 nus
723 4207 801 4261 recte
812 4205 911 4261 autem
922 4198 961 4258 ad
975 4213 1047 4258 ann.
1065 4205 1140 4256 ttts
1151 4193 1322 4270 (legandum
1338 4188 1429 4270 tata)
1443 4191 1500 4250 hoc
1517 4191 1726 4250 documentum
1740 4185 1940 4264 reponendum

651 4309 773 4376 censuit,
784 4305 865 4382 quod
875 4304 914 4363 ad
925 4319 1013 4362 snum
1023 4301 1120 4361 locum
1134 4295 1341 4372 restituimus.)

584 4489 788 4577 Fridericus,
810 4487 869 4558 Dei
884 4487 993 4579 gratia
1007 4485 1236 4556 Romanorum
1252 4481 1447 4576 imperator,
1463 4499 1598 4572 semper
1610 4484 1798 4570 augustus,
1816 4476 1938 4548 Hieru-

536 4614 641 4684 salem
658 4621 694 4683 et
709 4609 824 4681 Sicilie
839 4630 922 4697 rex,
951 4606 1125 4701 potestati,
1156 4604 1298 4675 consilio
1321 4601 1450 4695 totique
1472 4599 1646 4672 communi
1667 4597 1825 4670 Civitatis
1841 4599 1940 4670 Nove

534 4734 696 4806 fidelibus
717 4731 791 4802 suis
808 4730 952 4823 gratiam
969 4750 1067 4800 suam
1090 4737 1124 4798 et
1147 4727 1274 4798 bonam
1297 4725 1521 4797 voluntatem.
1543 4723 1646 4795 Novit
1666 4720 1864 4794 ditissimus
1893 4719 1940 4792 de
