4658 6132
339 685 437 748 nura.
452 684 496 769 a]
778 677 977 742 vrsronra
1001 668 1291 738 nrrnounvrea.
1691 665 1749 730 roe

337 820 496 916 ejusdem
520 816 747 892 absolutionis
767 815 975 890 beneficium
999 820 1182 912 oporteret.
1206 809 1250 882 Et
1272 827 1352 882 ecoe
1375 805 1583 880 rmauimiter
1606 803 1755 878 sabbato

339 945 514 1018 dominice
533 965 604 1038 qua
619 949 775 1015 cantatur
796 937 894 1014 Ocala'
912 944 992 1029 md,
1017 945 1099 1011 sunt
1122 957 1203 1008 oum
1220 931 1377 1029 principe
1396 930 1569 1002 civitatem
1584 927 1746 1022 ingressi,

338 1069 402 1164 qui
415 1088 552 1140 summo
568 1087 670 1140 mane
693 1065 769 1161 ipso
787 1063 846 1138 die
862 1063 1036 1138 dominico
1051 1059 1280 1156 Sepulchrum
1300 1054 1441 1128 intravit
1457 1053 1683 1148 vestibusque
1697 1053 1750 1124 in·

341 1191 448 1266 dutus
464 1191 639 1286 regalibus
651 1188 756 1284 capiti
769 1208 835 1261 suo
847 1187 1011 1284 imposuit
1028 1183 1203 1260 diadema.
1223 1181 1300 1267 Quo
1315 1181 1404 1252 iacto
1414 1178 1577 1273 magister
1591 1176 1750 1250 Aleman-

341 1336 466 1388 uornm
484 1313 635 1388 surrexit
648 1321 685 1386 et
696 1332 888 1384 sermonem
908 1312 1052 1406 longum
1072 1317 1106 1382 et
1125 1307 1300 1402 prolixum
1319 1303 1431 1400 primo
1450 1303 1486 1374 in
1505 1301 1701 1374 theutonico
1718 1311 1752 1376 et

341 1447 461 1536 postea
474 1439 511 1511 iu
529 1437 651 1534 gallico
666 1434 713 1509 ad
730 1435 864 1511 nobiles
882 1443 917 1508 et
932 1433 1101 1530 populum
1121 1429 1308 1519 inchoavit,
1327 1436 1374 1520 et,
1393 1425 1594 1500 sioutuobis
1607 1426 1751 1499 relatum

342 1564 419 1652 luit,
434 1559 658 1635 exonerando
673 1559 779 1632 immo
790 1555 977 1632 exaltando
992 1555 1197 1653 principem,
1206 1561 1241 1625 et
1251 1551 1439 1626 Ecclesiam
1457 1549 1554 1622 salva
1567 1548 1675 1643 gratia
1688 1567 1753 1620 sua

342 1687 577 1782 multipliciter
596 1683 784 1758 onerando.
801 1683 840 1756 ln
859 1681 928 1756 line
945 1679 1113 1754 sermonis
1127 1677 1260 1754 nobiles
1274 1697 1338 1772 pro
1352 1674 1541 1750 munienda
1556 1673 1696 1746 civitate
1705 1671 1752 1746 ad

342 1809 539 1884 subsidium
567 1809 682 1904 operis
705 1807 878 1880 invitavit.
906 1807 1093 1900 Imperator
1120 1802 1311 1876 oblationes
1332 1799 1511 1895 Sepulchri
1531 1797 1699 1872 Dominioi
1718 1806 1753 1870 et

343 1932 489 2006 aliarum
505 1931 739 2021 ecclesiarum,
754 1929 871 2002 invitis
882 1927 1057 2001 canonicis
1068 1935 1103 2000 et
1113 1924 1280 2021 expulsis,
1294 1923 1402 2020 recipi
1415 1922 1562 1996 faciebat
1577 1943 1639 2018 per
1653 1943 1751 1994 secu·

344 2055 434 2128 lares
450 2055 577 2126 milites
588 2053 702 2150 operis
719 2052 900 2125 occasione
918 2049 1086 2148 predicti,
1101 2058 1179 2146 post
1193 2046 1379 2145 prandium
1393 2047 1569 2120 civitatem
1583 2045 1694 2120 exivit
1705 2045 1752 2120 ad

344 2199 383 2252 se
405 2178 525 2251 venire
542 2177 673 2252 faciens
698 2175 915 2250 venerabiles
932 2174 1072 2248 viros...
1104 2172 1375 2246 Wintoniensem
1407 2180 1487 2244 et...
1520 2171 1751 2244 Exoniensem

342 2301 524 2397 episcopos
549 2310 628 2374 et...
658 2299 862 2394 magistrum
893 2298 1073 2394 hospitalis
1106 2295 1216 2370 sancti
1241 2295 1382 2370 loannis
1411 2303 1491 2368 et...
1518 2304 1752 2390 preceptorem

344 2423 469 2498 domus
478 2424 599 2496 militie
615 2423 759 2520 Templi,
774 2422 938 2516 magistro
952 2421 1083 2517 Templi
1099 2421 1259 2512 absente3
1274 2419 1393 2493 habito
1405 2440 1484 2492 cum
1501 2418 1752 2512 magistrante-

343 2570 548 2622 mannorum
576 2548 718 2622 oonsilio
736 2569 799 2644 per
820 2545 983 2621 eumdem
1009 2546 1212 2642 magistrum
1233 2546 1344 2641 primo
1369 2543 1486 2617 abeis
1510 2565 1573 2640 pro
1595 2541 1751 2616 iacienda

344 2673 535 2745 munitione
555 2671 766 2764 adjutorium
790 2669 983 2766 requisivit.
1008 2669 1076 2756 Qui
1092 2667 1344 2766 responderunt
1357 2667 1454 2763 quod
1478 2689 1582 2763 super
1606 2667 1671 2740 hoe
1690 2666 1752 2742 ha·

344 2793 425 2869 bere
439 2797 589 2892 spatium
604 2793 820 2869 deliberandi
834 2795 1008 2869 volebant.
1026 2795 1187 2868 Secundo
1200 2793 1319 2866 habito
1334 2793 1573 2866 consiliosum
1589 2792 1752 2887 magistre
1841 2855 1842 2859 ,

343 2920 495 3013 quesivit
521 2920 567 2994 ab
591 2919 642 2994 eis
660 2919 840 2994 eonsilium
861 2941 924 3016 per
946 2918 1109 2994 eumdem
1122 2918 1325 3014 magistrum
1349 2925 1466 2990 utrum
1484 2917 1551 2990 sibi
1571 2915 1753 3013 expediret

310 3029 313 3034 ’
344 3043 457 3116 lacere
476 3043 701 3118 munitionem
719 3044 922 3141 predictam,
942 3051 978 3118 st
992 3041 1088 3138 quod
1103 3065 1209 3139 super
1225 3043 1291 3114 hoc
1306 3041 1339 3114 ei
1361 3041 1397 3113 in
1414 3041 1561 3114 erastino
1574 3041 1667 3114 illius
1688 3041 1752 3116 do-

344 3166 472 3239 minice
506 3165 764 3262 responderent.
802 3165 1019 3240 Adveniente
1050 3173 1164 3239 autem
1201 3165 1367 3258 crastino,
1384 3186 1541 3238 summo
1582 3163 1749 3256 diluculo,

345 3289 520 3364 civitatem
537 3290 648 3365 exivit
663 3313 743 3364 curn
760 3300 830 3364 tota
845 3291 974 3365 familia
993 3312 1070 3382 sna,
1091 3289 1296 3363 mirantibus
1307 3289 1482 3382 omnibns,
1501 3290 1705 3362 constitutus
1716 3291 1752 3362 in

346 3411 467 3486 itinere
481 3413 670 3488 recedendi
689 3441 698 3486 ε
718 3415 814 3510 quod
829 3415 1010 3489 audientes
1026 3415 1075 3487 illi
1090 3413 1152 3510 qui
1167 3435 1271 3511 super
1284 3414 1437 3510 predicto
1453 3413 1561 3488 verbo
1577 3415 1609 3487 ei
1625 3413 1683 3487 die
1695 3415 1751 3487 illa

345 3537 555 3632 respondere
569 3539 754 3631 debebant,
766 3541 964 3612 festinanter
976 3513 1194 3613 accesserunt
1201 3537 1247 3612 ad
1257 3538 1601 3634 ipsum,nnanimiter
1613 3560 1753 3634 respon-

345 3659 466 3732 dentes
482 3661 602 3734 iratres
616 3662 747 3758 Templi
763 3663 860 3756 quod
878 3663 907 3734 si
925 3663 1027 3736 vellet
1042 3661 1196 3754 munire,
1217 3661 1307 3734 sicut
1325 3661 1545 3758 promiserat,
1563 3661 1749 3751 civitatem,

344 3781 412 3878 ipsi
427 3804 508 3856 eum
528 3783 575 3858 ad
597 3784 635 3859 id
657 3783 855 3860 laciendum
875 3786 987 3859 taliter
1006 3783 1174 3880 adjuvare
1196 3793 1354 3858 curarent
1368 3785 1464 3880 quod
1482 3785 1606 3858 domus
1623 3785 1753 3879 Templi

345 3905 441 4002 apud
460 3908 571 3980 Deum
586 3916 621 3980 et
641 3907 799 3982 homines
819 3907 1022 3982 redderetur
1038 3930 1143 4004 snper
1161 3909 1229 3982 hoc
1244 3909 1365 3981 merito
1382 3906 1669 3981 commendanda.
1685 3907 1753 3992 Qui

345 4029 523 4126 respondit
539 4031 634 4126 qnod
654 4032 792 4106 volebat
808 4030 854 4106 de
868 4033 935 4106 hcc
948 4033 1077 4106 habere
1095 4041 1276 4106 uocatum
1292 4033 1378 4105 alias
1404 4032 1605 4128 pleniorem.
1628 4031 1753 4125 Sioque

344 4152 510 4226 recedens
525 4153 657 4246 abeis,
683 4157 719 4228 in
737 4155 876 4230 civitate
891 4155 1029 4230 nemine
1050 4157 1214 4248 salutate,
1240 4155 1316 4252 ipso
1338 4155 1396 4229 die
1412 4178 1534 4229 versus
1557 4157 1689 4252 Joppeu
1707 4156 1755 4228 ita

345 4276 499 4350 celeriter
524 4278 698 4352 festinavit
718 4279 815 4374 quod
840 4280 905 4354 vix
935 4280 1103 4376 quicum
1132 4283 1231 4375 sequi
1252 4282 1383 4354 valeret
1412 4281 1557 4354 invenit.
1583 4280 1685 4367 Quod
1701 4282 1754 4354 vi·

347 4397 468 4472 dentes
489 4403 662 4497 peregrini
687 4409 765 4478 sese
783 4426 864 4476 cum
890 4404 966 4500 ipso
992 4404 1119 4500 pariter
1139 4413 1338 4502 reputantes
1361 4407 1544 4496 contusos,
1573 4405 1754 4479 audientes

348 4521 436 4595 inter
448 4533 560 4598 cetera
575 4527 877 4622 proclamationem
889 4527 976 4623 legis
987 4527 1190 4602 Machometi
1204 4529 1271 4603 alte
1283 4537 1316 4602 et
1330 4531 1526 4604 solemniter
1532 4531 1751 4626 frequentari,

348 4645 488 4720 luerunt
504 4651 600 4722 velut
613 4651 768 4747 diploide
780 4651 911 4749 duplici
925 4651 1125 4727 confusione
1142 4653 1283 4748 turbati,
1304 4656 1446 4750 iamque
1465 4655 1574 4752 ipsius
1591 4657 1755 4730 malitiam

348 4781 594 4864 cognoscentes
606 4761 781 4850 civitatem
793 4775 1068 4850 exibentomnes
1080 4775 1299 4870 unanimiter,
1324 4779 1508 4876 ipsumque
1524 4780 1756 4875 sequebantur
