4710 6076
395 611 492 681 rsnr'r.
511 612 552 698 ι.]
848 611 1045 675 rrrsroarn
1068 589 1360 674 orrrouarrcn.
1741 594 1805 676 aad

395 748 477 822 tatis
489 745 599 821 oculis
617 755 651 820 et
675 746 860 818 electorum
874 745 1018 820 Romani
1039 747 1137 840 regni
1155 745 1313 819 culminis
1337 745 1559 841 inquisitione
1577 755 1612 820 et
1634 747 1801 822 sententia

394 871 544 946 obtinuit
563 879 641 966 post
659 873 845 943 solemnem
862 877 897 942 et
900 922 990 942 ......
1014 892 1155 942 suarum
1175 871 1396 964 antiquarum
1420 869 1609 942 litterarum
1632 871 1801 946 recitatio·

393 1017 473 1074 nem
489 994 605 1072 omnia
627 1015 691 1066 sua
706 993 784 1085 jura
807 1014 869 1066 seu
898 992 1020 1078 leuda,
1045 995 1284 1087 cujuscunque
1307 993 1376 1064 sint
1400 991 1625 1082 conditionis,
1650 993 1687 1064 in
1709 1015 1798 1088 equo

394 1119 551 1192 residens
572 1117 732 1212 recipiat,
755 1116 881 1188 talibus
900 1115 1139 1188 collationibus
1155 1115 1338 1210 magnifice
1355 1116 1556 1212 preditatus.
1578 1117 1733 1190 Preterea
1750 1118 1799 1190 ei·

396 1239 477 1316 dem
503 1239 732 1312 illustrissimo
756 1239 916 1334 principi.
932 1239 1105 1334 leopoldo
1127 1238 1210 1312 duci
1234 1238 1372 1312 bustric
1398 1248 1432 1312 et
1457 1239 1569 1334 Styrie
1600 1241 1800 1334 cunctisque

396 1361 470 1436 suis
492 1360 700 1455 sequacibus
721 1359 813 1434 banc
834 1360 974 1454 largiter
994 1361 1217 1438 concedimus
1238 1361 1440 1456 dignitatem
1465 1370 1506 1433 ut
1530 1363 1567 1433 in
1592 1362 1646 1434 sui
1673 1363 1800 1458 princi·

396 1492 498 1580 patus
519 1484 745 1580 pileonostre
758 1484 884 1578 regalis
908 1505 1034 1560 corone
1055 1483 1216 1560 diadema
1238 1484 1442 1558 solemniter.
1457 1486 1546 1558 ierne
1565 1487 1712 1582 possint,
1736 1508 1799 1560 vo·

396 1607 505 1680 lentes
518 1607 649 1702 largius
661 1628 781 1680 omnes
794 1629 876 1682 suas
892 1617 999 1686 terras
1015 1631 1077 1683 seu
1091 1608 1251 1700 ditiones,
1270 1608 1444 1682 districtus
1458 1618 1492 1681 et
1507 1617 1618 1683 cetera
1638 1609 1684 1682 ud
1698 1609 1802 1702 bajus

396 1729 492 1816 modi
516 1731 720 1827 pertinentia
742 1733 799 1805 vel
817 1753 887 1826 que
912 1731 949 1804 in
968 1740 1143 1828 posterum
1171 1732 1319 1827 poterint
1346 1731 1501 1805 obtinere
1525 1732 1653 1806 babere
1678 1742 1803 1806 cuncta

392 1855 485 1948 jura,
501 1855 686 1946 libertates,
704 1855 832 1950 gratias
847 1855 1025 1949 bonusque
1040 1855 1308 1929 consuetudines
1324 1876 1412 1950 ques
1421 1855 1529 1928 duces
1543 1857 1626 1929 olim
1637 1865 1802 1929 terrarum

391 1979 466 2071 J'am
490 1978 660 2052 dictorum
687 1978 744 2073 pie
769 1976 1014 2052 recordatiouis
1035 1977 1072 2050 in
1090 1977 1396 2052 commendabilem
1417 1999 1465 2052 ex
1485 1979 1637 2074 antiquis
1657 2001 1803 2053 consue·

395 2099 554 2177 tudinem
567 2102 807 2198 perduxerunt
818 2109 879 2176 aut
893 2123 983 2197 ques
997 2110 1151 2176 recenter
1167 2125 1189 2176 a
1205 2111 1321 2176 nostre
1334 2103 1496 2176 manibus
1511 2103 1713 2176 excellentie
1726 2125 1803 2177 sus·

396 2232 580 2318 oeperunt,
607 2225 792 2320 quibusvis
821 2224 1076 2321 impedimentis
1104 2225 1346 2300 inviolabiliter
1372 2227 1493 2322 procul
1517 2226 1638 2317 motis;
1660 2226 1802 2299 demum

395 2347 600 2422 mandentes
621 2356 657 2420 et
673 2349 744 2424 sub.
768 2347 1044 2422 interminatione
1065 2348 1174 2442 gratie
1199 2357 1314 2422 nostre
1339 2347 1491 2422 districte
1515 2349 1742 2445 precipientes
1764 2357 1803 2420 nt

396 2471 513 2552 nullus
533 2471 578 2546 sit
594 2471 656 2566 qui
679 2493 767 2546 ausu
789 2472 917 2545 ductus
941 2471 1121 2546 temerario
1146 2471 1422 2545 strenuissimum
1448 2471 1638 2567 principem
1660 2473 1802 2567 leopol-

336 2603 339 2610 “
396 2593 482 2668 dum
500 2592 625 2668 ducem
636 2591 775 2668 dustrie
788 2602 823 2668 et
838 2593 949 2690 styrie
961 2595 1132 2689 prefatum
1147 2615 1298 2690 suosque
1314 2615 1480 2688 sequaces
1494 2593 1621 2667 audeat
1633 2593 1801 2688 impedire

395 2717 453 2792 vel
471 2717 617 2809 alicujus
636 2717 768 2812 ingenii
790 2718 953 2813 scrupulo
973 2718 1164 2790 molestare.
1191 2717 1295 2804 Quod
1313 2717 1375 2811 qui
1398 2718 1510 2790 lacere
1534 2717 1798 2812 presumpserit,

396 2839 561 2914 offensam
583 2849 697 2914 nostre
720 2840 935 2918 celsitudinis
955 2861 994 2914 se
1013 2841 1148 2912 noverit
1171 2841 1403 2916 incursurum.
1424 2840 1481 2913 Ad
1503 2861 1651 2934 quarum
1669 2849 1705 2914 et
1725 2861 1803 2935 gra·

396 2963 521 3044 tiorum
543 2985 782 3038 concessarum
804 2962 1017 3058 perhennem
1041 2963 1242 3036 memoriam
1264 2970 1458 3060 presentem
1478 2962 1530 3036 eis
1552 2963 1699 3037 litteram
1720 2982 1802 3036 con·

372 3093 377 3110 ⁸
396 3085 500 3170 scribi
518 3093 553 3158 et
568 3085 682 3178 sigillo
697 3093 814 3158 nostro
825 3084 993 3178 jussimus
1006 3084 1178 3177 insigniri.

444 3208 561 3281 Testes
575 3207 614 3279 hi
632 3217 714 3282 sunt
727 3207 926 3281 Ludovicus
944 3206 1020 3280 dux
1036 3208 1181 3282 Bavarie
1196 3209 1369 3304 palatinus
1390 3228 1506 3280 comes
1523 3207 1649 3301 libeni,
1669 3209 1802 3282 Ulricus

396 3351 439 3404 ac
450 3330 649 3416 Ludovicus
666 3331 808 3406 comites
829 3330 875 3404 de
892 3329 1047 3422 Ferreto,
1068 3329 1246 3406 Corradus
1266 3331 1498 3426 burggravius
1520 3331 1566 3405 de
1585 3331 1799 3423 Norimberg,

396 3451 590 3528 Friderious
604 3452 946 3548 deTruhendinssen,
967 3452 1186 3527 Eberhardus
1200 3452 1334 3548 dapifer
1348 3453 1394 3526 de
1408 3455 1587 3549 Walpurc,
1603 3452 1803 3526 Chomadus

396 3575 561 3672 pincerna
574 3577 620 3650 de
631 3576 903 3665 Wintersteoeq
919 3574 1098 3650 Conradus
1110 3575 1155 3649 de
1166 3575 1356 3648 Smidellelt
1369 3581 1404 3647 et
1421 3575 1481 3646 alii
1494 3575 1727 3670 quamplures.

446 3697 534 3772 Acta
557 3698 653 3794 apud
672 3698 874 3792 Ebelingen,
896 3719 988 3772 anno
1009 3697 1181 3772 dominice
1201 3696 1447 3770 incarnationis
1470 3697 1650 3770 millesimo
1675 3695 1804 3768 ducen-

398 3821 520 3896 tesimo
536 3819 707 3911 vigesimo
724 3829 860 3912 octavo,
876 3841 969 3894 nono
983 3818 1149 3894 kalendas
1162 3819 1379 3916 septembris,
1404 3817 1594 3894 indictione
1605 3819 1729 3916 prime.

454 4507 638 4593 chricus
659 4507 919 4593 Romanorum
940 4533 1007 4592 rex
1028 4533 1182 4592 omnem
1204 4509 1436 4594 exactionem
1460 4510 1756 4596 collectarum
1726 4541 1803 4600 srve
1841 4544 1975 4652 wrm

401 4639 575 4752 obsequii
587 4665 706 4752 quam
722 4639 874 4726 officiati
887 4641 958 4726 soi
963 4641 1113 4753 exigere
1127 4641 1300 4728 solebant
1316 4668 1339 4726 a
1356 4643 1471 4728 oariis
1489 4643 1702 4729 abbatissae
1720 4647 1802 4729 As·
1841 4595 1986 4705 ”dm-⁹
