4658 6132
568 653 612 718 90
1064 659 1278 722 rntnnntct
1302 661 1473 724 suerunt
1787 657 1865 744 [Ars.
1882 659 1967 722 1229.

620 786 641 884 §
664 788 736 861 Hoe
752 811 930 884 nunquam
945 790 1083 882 aoeidit,
1100 794 1191 866 sieut
1204 793 1343 887 dieitur,
1365 796 1401 868 in
1417 805 1506 868 terra
1517 793 1583 866 nisi
1597 791 1713 884 modo,
1730 793 1812 888 quia
1828 791 1969 888 quando

570 911 607 984 in
633 933 740 1008 regno
775 912 1081 1011 Hierosolymam
1109 925 1230 1011 treuga
1262 917 1468 1010 habebatur,
1500 919 1575 992 locu
1601 915 1819 1012 precedantia
1845 915 1970 990 milites

569 1037 668 1131 regni
681 1045 715 1110 et
728 1039 787 1111 alii
801 1039 976 1113 christiani
992 1041 1224 1116 indifferenter
1243 1043 1412 1137 juvabant
1428 1053 1462 1118 et
1475 1065 1517 1116 ea
1540 1041 1652 1116 medis
1665 1039 1792 1135 quibus
1814 1046 1969 1134 poterant

570 1159 812 1234 defendebant.

359 1758 536 1859 ruffi-u
619 1735 875 1842 Burmannus,
891 1737 1184 1822 Teutonioorum
1201 1740 1397 1850 magister,
1408 1741 1532 1849 Papae
1545 1738 1694 1822 nuntiat
1706 1738 1799 1848 quid
1813 1738 1853 1819 in
1866 1746 1966 1820 terra

396 1869 498 1921 aaa]
567 1878 699 1950 sancta
712 1867 922 1974 advenerit,
943 1871 1143 1980 praecipue
1161 1872 1209 1954 de
1221 1873 1432 1955 munitione
1449 1871 1609 1954 civitatis
1621 1871 1736 1980 Joppe
1753 1879 1791 1953 et
1802 1871 1850 1953 de
1863 1895 1965 1954 eon-

566 1999 735 2083 elusione
751 2000 856 2110 paeis
878 1999 976 2084 inter
997 2001 1263 2112 imperatorem
1285 2004 1517 2088 Friderieum
1538 2013 1576 2088 et
1598 2002 1809 2087 Soldanum
1830 2001 1965 2112 Raby-

561 2131 699 2215 leniae.

646 2345 1139 2425 (nuner.1³mz,ttmmnut.
1152 2343 1722 2428 Germ.,1v,p.ara.-11mns,cot
1734 2343 1795 2406 ord.
1810 2343 1962 2418 rovum,

680 2451 901 2534 pommus.)

609 2633 772 2730 Gregorio
787 2635 1002 2710 sanctissimo
1019 2645 1054 2709 et
1069 2637 1259 2710 reverendo
1279 2638 1315 2710 in
1334 2637 1465 2710 Christo
1480 2637 1567 2732 patri
1586 2645 1620 2709 et
1642 2634 1782 2709 domino
1802 2653 1844 2708 ae
1857 2633 1963 2706 bene·

561 2758 680 2831 factori
691 2780 768 2846 sno,
780 2769 993 2832 sacrosancte
1002 2759 1309 2833 RomaneEeeiesie
1320 2782 1454 2833 summo
1461 2759 1627 2858 pontifici,
1640 2761 1963 2832 traterflermannus

559 2880 735 2976 hospitalis
754 2891 870 2954 saneto
886 2881 991 2954 Maria
1013 2883 1137 2956 domus
1152 2885 1440 2958 Thentonieornm
1459 2883 1494 2955 in
1518 2883 1703 2957 Jerusalem
1725 2881 1880 2956 minister
1895 2881 1962 2952 hu·

561 3003 652 3075 milis
673 3003 726 3100 (t)
753 3026 833 3076 eum
856 3005 972 3077 debita
994 3005 1185 3079 reverentia
1208 3015 1243 3079 et
1269 3007 1453 3080 devotione
1472 3007 1590 3079 oscula
1614 3005 1742 3100 pedum
1766 3003 1957 3076 beatorum.

560 3127 725 3200 Rumores
738 3135 773 3199 at
785 3135 894 3199 status
911 3137 999 3200 terre
1014 3137 1131 3201 sancte
1147 3138 1182 3201 et
1197 3129 1369 3202 exereitus
1384 3129 1559 3202 christiani
1577 3129 1614 3200 in
1629 3127 1789 3223 passagio
1804 3125 1961 3198 autumni

560 3249 710 3344 preteriti
733 3248 925 3322 seeundum
952 3249 1047 3343 quod
1070 3259 1153 3322 tuno
1173 3261 1246 3324 erat
1270 3260 1384 3324 vestre
1407 3251 1490 3323 satis
1510 3250 1659 3324 innotuit
1683 3247 1873 3336 sanctitati3
1897 3247 1960 3321 sed

560 3371 704 3465 gratiam
718 3393 823 3465 quam
836 3371 1001 3443 Dominus
1012 3373 1228 3445 exercituum
1236 3375 1328 3445 Dens
1342 3373 1431 3446 circa
1448 3383 1570 3447 terram
1583 3383 1737 3445 sanctam
1751 3393 1821 3443 non
1835 3371 1960 3442 nostris

561 3493 704 3585 meritis,
721 3493 784 3566 sed
797 3493 869 3566 sola
887 3493 1104 3567 miseratione
1115 3495 1233 3568 divina
1251 3505 1329 3590 post
1343 3496 1407 3568 hee
1424 3495 1557 3592 operari
1575 3495 1816 3589 dignatusest,
1836 3491 1960 3586 digna·

561 3614 645 3687 tioni
663 3624 777 3688 vestre
793 3615 829 3687 in
845 3616 1062 3710 presentibus
1079 3617 1273 3712 significare
1290 3619 1435 3713 dignum
1449 3619 1616 3693 duximus
1628 3627 1663 3690 et
1674 3618 1770 3689 utile.
1787 3615 1960 3688 Noveritis

559 3738 665 3832 igitur
676 3737 772 3834 quod
789 3737 1045 3833 quintodecimo
1065 3739 1123 3812 die
1139 3741 1267 3813 mensis
1286 3741 1483 3814 novembris
1498 3741 1659 3815 dominus
1676 3740 1861 3834 imperator
1878 3759 1958 3810 eum

593 4069 627 4143 (tt
644 4069 711 4128 Cum
722 4069 792 4144 Papa
809 4071 995 4144 imperatorem
1006 4072 1188 4130 mandavisset
1199 4077 1324 4146 unquam
1337 4073 1593 4130 exeommunicatum
1602 4071 1637 4130 ab
1648 4071 1772 4130 omnibns
1785 4069 1891 4142 adteri,
1900 4071 1959 4146 ipse

557 4164 719 4239 imperator«
728 4181 782 4222 nnn
795 4165 897 4241 absque
909 4169 950 4226 sui
959 4167 1084 4226 culminis
1096 4170 1171 4243 gravi
1183 4169 1279 4242 injuria
1288 4169 1399 4227 suumin
1410 4169 1528 4226 exercitu
1541 4169 1685 4226 christiano
1693 4169 1775 4242 jussit
1786 4169 1957 4243 praeeeninm

558 4281 572 4316 r
588 4261 725 4333 subtieeri,
738 4268 765 4320 et
774 4279 808 4320 ne
818 4269 906 4322 tarrae
918 4271 1027 4323 emotae
1037 4265 1226 4324 dissolveretur
1238 4265 1373 4340 negotium
1375 4304 1428 4322 .....
1443 4265 1495 4340 ipsi
1505 4265 1633 4323 exercitui
1647 4281 1729 4339 super
1738 4265 1919 4323 Tbeutonieos
1930 4269 1959 4321 et

558 4378 571 4412 r
584 4359 773 4432 longobardos
784 4361 941 4434 megistum
957 4363 1053 4420 domus
1071 4363 1296 4422 'l'beutonieorum
1313 4367 1342 4420 st
1357 4377 1439 4436 snper
1456 4361 1578 4420 homines
1594 4377 1736 4436 regnorum
1747 4359 1913 4420 Hierusalem
1928 4365 1957 4418 st

557 4475 571 4508 ι
588 4455 669 4529 Cypri
674 4456 1015 4530 RieeardumFilnngerium
1027 4461 1337 4518 mmeseulurmsuumae
1346 4459 1487 4533 quemdam
1496 4457 1617 4516 Odonem
1623 4459 1657 4516 de
1663 4457 1871 4516 menatenam
1879 4471 1956 4532 prae·

558 4571 572 4604 »
587 4551 651 4608 feeit
661 4551 814 4626 capitaneos
823 4553 993 4612 etduetores.
1006 4573 1019 4607 a
1030 4555 1148 4613 Ridens
1158 4555 1297 4627 ἅδεα,
1312 4555 1438 4616 utronea.
1450 4554 1487 4612 ed
1496 4555 1786 4612 uue.-«dssentiens
1796 4553 1886 4610 banna
1894 4569 1955 4626 pre-

557 4665 571 4698 ι
586 4645 694 4703 damari
707 4663 741 4704 ax
753 4653 831 4722 parte
840 4649 889 4707 Dei
903 4657 932 4708 et
947 4651 1156 4726 christianitatis,
1172 4668 1318 4727 suppresso
1333 4653 1500 4728 imperatoris
1511 4653 1628 4712 nomine.
1642 4671 1655 4705 r
1669 4651 1771 4710 binum.
1790 4651 1893 4708 Smer.
1907 4665 1952 4723 ep.

553 4743 695 4814 munus,
712 4741 746 4814 11,
757 4746 821 4809 ste.
