4602 6084
627 630 667 692 46
1125 627 1337 690 ualonutct
1361 627 1535 690 sncuxnt
1845 629 1922 714 [Anu.
1942 631 2026 693 1227.

628 773 663 836 et
695 763 848 836 omnium
875 763 1099 858 prelatorum,
1129 765 1346 861 presentibus
1369 784 1509 858 qnoque
1530 761 1661 834 nuntiis
1689 764 1828 854 nosuis,
1855 765 1945 838 sicin
1969 789 2030 861 per

628 909 688 960 eos
714 889 923 985 recepimus,
953 890 989 960 in
1011 889 1130 982 vigilia
1156 889 1247 962 beati
1270 889 1407 962 Martini
1425 887 1478 984 (l)
1504 887 1567 960 luit
1585 889 1782 962 recordatus
1803 889 1899 984 quod
1916 891 2030 964 dictus

628 1011 791 1102 magister
804 1034 866 1108 pro
881 1011 980 1084 nobis
993 1013 1241 1085 absolutionem
1257 1013 1396 1104 habuit3
1414 1012 1552 1087 residua
1566 1032 1650 1085 vero
1662 1011 1784 1106 viginti
1796 1012 1900 1086 millia
1911 1015 2029 1086 nncia-

627 1157 788 1228 rumque
804 1135 1005 1208 tenebamur
1026 1135 1061 1207 in
1081 1137 1353 1210 transfretatione
1370 1145 1485 1208 nostra
1503 1134 1651 1226 deferre,
1670 1156 1750 1207 cnm
1768 1157 1903 1208 camera
1916 1146 2029 1209 nostra

627 1258 866 1354 premisimus,
884 1267 918 1330 et
933 1259 1042 1354 parati
1060 1269 1157 1332 erunt
1173 1259 1278 1334 iidem
1293 1259 1410 1332 nuncii
1427 1259 1532 1334 nostri
1547 1268 1581 1332 ct
1592 1267 1827 1353 procuratores
1837 1261 2030 1355 lacereple·

627 1403 707 1454 nam
723 1381 826 1455 iidem
845 1408 853 1452 :
874 1382 934 1476 qui
951 1404 1049 1472 cum,
1063 1387 1264 1478 priusquam
1282 1383 1401 1478 prelati
1418 1384 1688 1473 consulerentur,
1705 1381 1818 1456 audiri
1834 1383 2026 1474 debuerint,

625 1527 703 1596 eos,
721 1505 842 1578 ordine
856 1505 1044 1602 postposito
1062 1505 1182 1601 inquo
1201 1514 1354 1578 nostrum
1370 1508 1434 1578 luit
1448 1515 1629 1601 gravmum
1643 1505 1873 1602 propositum,
1891 1507 1954 1578 vix
1967 1507 2029 1580 ad·

625 1629 733 1720 misit;
754 1629 836 1722 quia
850 1629 961 1724 primo
978 1629 1178 1702 consultatis
1196 1629 1352 1702 semotim
1372 1653 1432 1724 por
1450 1651 1488 1702 se
1503 1630 1647 1723 singulis
1664 1631 1871 1724 prelatorum
1884 1639 1919 1702 et
1931 1653 2029 1704 com·

625 1752 722 1822 mnni
737 1751 878 1824 oonsilio
894 1773 956 1846 per
970 1751 1128 1824 cedulam
1143 1753 1333 1849 assignato,
1354 1753 1570 1848 premonitis,
1594 1753 1781 1843 utdicitur,
1801 1753 1972 1826 universis
1986 1776 2029 1828 ne

625 1896 646 1946 a
665 1873 909 1946 deliberatione
922 1874 1217 1967 qualitercumque
1233 1876 1410 1970 prebebita
1436 1875 1669 1963 dissentirent,
1694 1875 1825 1948 eisdem
1845 1875 1975 1947 nuntiis
1995 1885 2030 1948 et

624 1998 902 2092 procuratoribus
924 1997 1047 2070 nostris
1070 1997 1282 2070 audientiam
1306 1999 1473 2094 prestitit3
1498 2021 1566 2070 non
1593 1999 1788 2070 deliberans
1812 1998 2028 2094 postmodum

627 2143 706 2191 cum
724 2120 861 2214 prelatis
880 2129 915 2192 et
938 2121 1077 2192 nuntios
1101 2131 1233 2193 nostros
1250 2121 1394 2194 ulterius
1413 2143 1479 2194 non
1498 2121 1703 2212 admittens,
1718 2123 1820 2214 justis
1837 2123 2030 2194 excusatio·

629 2243 731 2314 uibus
759 2253 794 2314 et
821 2243 935 2315 causis
964 2243 1225 2316 rationabilibus
1256 2265 1324 2318 non
1357 2243 1503 2340 receptis
1531 2255 1567 2316 et
1592 2245 1711 2316 clauso
1740 2244 1871 2318 eisdem
1902 2265 2031 2340 procu·

628 2367 798 2439 ratoribus
820 2377 854 2438 et
876 2367 1006 2438 nuntiis
1029 2368 1152 2439 nostris
1175 2369 1262 2440 ostio
1284 2368 1422 2462 justicie
1442 2389 1511 2460 qne
1537 2367 1632 2462 apud
1658 2365 1781 2439 Sedem
1809 2368 2029 2463 apostolicam

629 2511 691 2584 pro
708 2490 868 2561 omnibus
882 2489 918 2560 in
933 2489 1026 2562 omni
1042 2490 1199 2582 debetur,
1218 2491 1516 2564 denunciationem
1536 2499 1636 2584 prout
1650 2491 1760 2562 voluit
1773 2491 1951 2585 replicavit
1964 2493 2026 2586 (2).

628 2615 742 2687 Preter
762 2615 826 2686 heo
846 2613 978 2686 Reatini
997 2614 1057 2708 qni
1084 2625 1166 2686 sunt
1189 2614 1308 2688 fideles
1326 2615 1493 2706 Ecclesie,
1518 2635 1607 2708 qnos
1630 2614 1676 2687 de
1701 2623 1814 2688 nostra
1833 2614 1899 2686 luit
1918 2615 2031 2687 muni·

629 2736 764 2810 licentia
797 2745 998 2825 consecuta,
1031 2747 1100 2809 tam
1123 2738 1192 2809 cito
1218 2738 1313 2832 quod
1342 2739 1393 2812 eis
1419 2737 1568 2811 innotuit
1593 2737 1689 2832 apud
1711 2735 1945 2808 Brundusium
1967 2757 2031 2808 nos

628 2861 772 2932 intrasse
803 2862 938 2953 galeas,
971 2859 1215 2954 instigantibus
1248 2862 1405 2956 illisqui
1434 2862 1463 2933 si
1495 2861 1739 2934 beneficiorum
1768 2861 1901 2956 imperii
1929 2861 2030 2934 remi·

630 2983 840 3055 niscerentur
856 2983 1073 3077 prohibuisse
1088 2982 1297 3075 debuerant,
1320 2985 1451 3079 absque
1468 3005 1617 3078 quorum
1639 2984 1862 3078 permissione
1888 2985 2032 3056 nullate-

629 3127 695 3176 nus
719 3115 991 3201 attemptassent,
1019 3103 1106 3178 finos
1124 3107 1221 3200 regni
1236 3109 1343 3180 nostri
1358 3117 1488 3180 armata
1503 3129 1607 3180 manu
1630 3106 1796 3178 hostiliter
1811 3105 2026 3197 invaserunt,

630 3227 748 3300 lideles
773 3239 906 3302 nostros
931 3229 992 3322 qni
997 3281 1119 3300 ........
1154 3231 1330 3323 quondam
1363 3231 1522 3303 rebellem
1553 3239 1706 3301 nostrum
1737 3229 1864 3301 arctius
1897 3230 2032 3302 obside·

628 3353 712 3424 bant
728 3353 781 3448 (3)
805 3352 1017 3425 confundere
1041 3363 1252 3447 satagentem
1275 3356 1338 3430 sed
1362 3355 1504 3428 dextera
1522 3354 1658 3426 Domini
1676 3353 1836 3444 iaciente,
1855 3352 1983 3426 devicti
1995 3365 2033 3426 et

665 3781 698 3856 (ll
717 3781 821 3838 Scilicet
837 3785 868 3838 to
885 3779 1045 3838 novembris.

664 3901 698 3976 ll)
713 3905 746 3959 tt
759 3903 924 3960 novembris.
942 3901 1072 3976 ulPapal,
1090 3902 1189 3958 vocetis
1200 3901 1233 3958 ad
1248 3901 1343 3958 urbem
1356 3901 1480 3975 praelatis
1491 3898 1664 3959 cismontanis
1673 3907 1702 3958 et
1711 3899 1745 3957 de
1759 3916 1839 3974 regno
1849 3917 1917 3976 quos
1930 3903 2028 3976 potuit,

630 4021 642 4050 ι
655 4001 682 4056 in
695 4001 796 4057 octavis
810 3999 881 4056 beati
894 3999 1001 4056 liertini
1016 3997 1123 4072 publice
1137 3999 1351 4054 excommunicat
1364 3998 1453 4072 ipsum
1465 4003 1494 4054 et
1506 4013 1555 4071 per
1568 4003 1654 4055 totum
1663 3996 1835 4054 Occidentem
1844 3997 1945 4056 litteras
1952 4013 2032 4072 super

631 4098 707 4154 ulroc
721 4098 811 4170 dirigit
824 4095 970 4172 generales.
987 4115 1000 4150 e
1017 4097 1090 4153 mor.
1105 4111 1141 4152 ns
1154 4095 1183 4152 S.
1197 4095 1301 4166 Genu,
1314 4094 1442 4154 comto.
1457 4094 1490 4152 sd
1502 4109 1565 4152 ann.

664 4221 699 4292 lt)
718 4221 748 4276 ln
761 4221 879 4276 Martem
894 4219 989 4291 legitur
1002 4219 1038 4275 ibi
1052 4234 1119 4293 quos
1133 4217 1268 4292 quondum
1279 4216 1387 4274 rebelles
1398 4217 1562 4274 Mamertino
1575 4214 1711 4273 obsidebat
1722 4236 1730 4272 .·
1746 4216 1817 4290 quod
1830 4233 1912 4273 sensu
1924 4216 2032 4273 omnino

628 4323 709 4372 caret.
720 4315 959 4372 Arbitramnrvero
971 4315 1093 4372 lacunam
1104 4315 1141 4373 ita
1155 4313 1281 4388 compleri
1294 4329 1392 4388 posse:
1407 4311 1455 4386 qui
1468 4311 1640 4386 lupualdum
1652 4311 1684 4368 de
1692 4315 1789 4370 Boreto
1802 4311 1936 4386 quondam
1947 4311 2032 4368 rebel·

630 4414 691 4482 lem,
705 4419 839 4480 etc.,cum
853 4412 881 4468 in
891 4411 1014 4468 chronic.
1027 4412 1100 4468 llice.
1116 4411 1150 4468 de
1162 4411 1191 4468 S.
1205 4411 1297 4468 Germ.
1312 4411 1412 4484 legatur
1425 4409 1459 4466 ad
1475 4407 1555 4466 finem
1567 4409 1629 4466 anui
1644 4412 1712 4468 tato
1729 4428 1735 4464 ε
1754 4430 1767 4462 α
1782 4410 1878 4467 &mos
1886 4411 1952 4482 Ray.
1963 4408 2033 4464 lilius

634 4531 646 4558 ι
659 4511 725 4581 Ray.
737 4509 770 4564 de
780 4509 874 4564 bareto
885 4523 915 4564 so
927 4514 1019 4564 contra
1032 4507 1219 4580 imperatorem
1232 4508 1259 4564 in
1271 4507 1412 4565 lntroduco
1423 4505 1524 4579 recepit
1535 4521 1616 4578 quem
1629 4504 1786 4562 northotdus
1798 4505 1879 4562 trater
1893 4505 1958 4578 Ray.
1970 4505 2033 4560 dicti

634 4627 645 4654 ι
657 4605 733 4661 ducis
741 4603 838 4677 Spoleti
850 4610 1009 4676 congregato
1022 4603 1148 4676 imperiali
1161 4605 1279 4660 exercitu
1290 4603 1396 4662 obsidet
1406 4607 1434 4660 et
1445 4607 1589 4676 expugnat.
1604 4620 1617 4654 u
1630 4601 1760 4660 vicinitas
1770 4607 1860 4660 autem
1871 4602 1941 4659 inter
1952 4601 2035 4658 licate

631 4709 658 4758 et
672 4701 842 4758 lntroduoum
856 4700 920 4756 huic
934 4699 991 4756 loco
1004 4699 1160 4772 explicando
1177 4701 1309 4758 convenit.
