4642 6106
356 661 518 748 ramae]
806 657 1003 722 ursroura
1030 655 1325 720 nrrnounrrcu.

411 1223 540 1316 Mense
562 1223 773 1332 februario,
796 1225 1002 1333 imperator
1020 1248 1152 1306 versus
1171 1222 1378 1304 Tarentum
1398 1225 1576 1328 properat
1593 1213 1660 1300 ubi
1685 1213 1774 1296 dis·
1822 1225 1955 1321 tepggffio·

359 1359 467 1470 ponit
483 1359 629 1442 curiam
643 1384 774 1469 regere
788 1357 1017 1468 generalem.
1035 1357 1134 1442 Rrec.
1156 1384 1202 1438 nn
1217 1355 1257 1438 S.
1276 1355 1416 1460 Gran..
1433 1350 1604 1437 chronic.
1617 1352 1669 1430 ad
1679 1374 1771 1429 aaa.
1824 1331 1951 1376 rma...

415 1971 575 2054 Litterae
590 1969 836 2054 credentiales
854 1967 995 2080 quibus
1012 1965 1245 2072 Tridericus‚
1263 1965 1523 2049 Romanorum
1548 1965 1772 2074 imperator,
1814 2024 1837 2064 n
1850 1969 1960 2064 ξξῗξξξςήί,

364 2105 607 2189 Guiccionem
634 2105 682 2187 de
705 2103 894 2187 Saxolorti
916 2101 1100 2184 nuncium
1124 2125 1238 2183 suum
1259 2098 1437 2182 fidelihus
1460 2099 1539 2182 suis
1562 2099 1719 2183 Tusciae
1740 2109 1777 2182 et

363 2235 609 2320 llomaniolae
627 2236 883 2319 commendat.

446 2479 570 2553 (Incdlt.
586 2496 625 2540 ox
638 2479 766 2557 exempl.
781 2478 982 2540 authenticam
995 2493 1044 2554 ap.
1060 2475 1142 2538 arch.
1156 2491 1306 2537 commun.
1322 2476 1474 2550 smenon,
1487 2475 1624 2554 Pergam.
1637 2481 1709 2536 tom.
1723 2476 1777 2548 1v,

485 2589 521 2646 n⁰
533 2583 615 2665 Μ.)

413 2797 616 2870 Fredericus
638 2797 700 2871 Dei
726 2779 837 2892 gratia
857 2799 1090 2870 Romanorum
1105 2772 1301 2892 imperator,
1320 2817 1456 2892 semper
1474 2805 1661 2889 augustus,
1678 2797 1780 2868 laru-

365 2922 473 2994 salem
501 2931 536 2994 et
561 2921 676 2994 Sicilie
698 2944 774 3011 rex,
801 2921 973 2996 universis
991 2943 1053 3018 per
1070 2921 1229 2994 Tusciam
1250 2929 1285 2996 et
1307 2920 1567 2994 Romanuiolam
1589 2920 1781 2992 constitutis

365 3043 495 3138 quibus
517 3053 693 3140 presentes
719 3046 830 3117 littere
855 3053 991 3117 ostense
1016 3045 1142 3116 luerint
1170 3043 1331 3117 fidelibus
1354 3044 1427 3117 suis
1453 3043 1598 3138 gretiam
1624 3053 1781 3116 suamet

366 3169 494 3241 bonam
506 3170 729 3242 voluntatem.
744 3169 833 3254 Quia
846 3190 909 3241 nos
921 3169 1089 3240 mittimus
1102 3167 1322 3242 Guiccionem
1339 3169 1384 3242 de
1396 3168 1567 3242 Sexoforti
1582 3167 1631 3264 (t)
1643 3167 1780 3241 fidelem

367 3301 522 3366 nostrum
537 3314 600 3388 per
616 3303 730 3388 partes
742 3294 836 3389 ipsas
849 3315 913 3390 pro
929 3295 1048 3367 arduis
1063 3304 1097 3366 et
1110 3293 1313 3366 necessariis
1329 3293 1477 3388 negotiis
1487 3293 1705 3388 exequendis
1713 3290 1778 3390 (a),

367 3415 574 3488 mandemus
595 3425 629 3489 et
655 3417 864 3512 precipimus
886 3392 1174 3491 fidelitati'vestre
1197 3428 1368 3512 quatenus
1388 3439 1611 3513 quocumque
1632 3427 1667 3490 et
1685 3417 1780 3512 apud

367 3561 606 3634 quoscumque
626 3551 779 3614 vestrum
802 3542 1016 3637 pervenerit,
1041 3543 1155 3638 ipsum
1178 3543 1224 3614 ob
1241 3543 1467 3614 reverentiam
1494 3541 1653 3614 culminis
1674 3545 1779 3613 nostri

368 3663 557 3736 honorilice
570 3665 757 3760 recipiatis,
777 3665 967 3760 impensuri
990 3667 1023 3738 ei
1044 3667 1213 3738 auxilium
1227 3676 1262 3738 et
1276 3665 1440 3766 ducatum
1464 3666 1525 3737 ubi
1540 3665 1733 3762 expedierit
1746 3677 1780 3739 et

368 3810 390 3861 a
416 3787 518 3860 vobis
544 3787 685 3861 duxerit
709 3789 956 3883 requirendum
980 3797 1020 3860 ut
1053 3789 1100 3862 ad
1126 3789 1249 3862 eadem
1275 3801 1390 3862 nostra
1415 3789 1553 3883 negotia
1574 3791 1779 3884 exequenda

367 3911 476 4008 possit
489 3913 644 3984 securius
659 3935 697 3985 se
713 3913 878 3986 conterre.

417 4035 542 4107 Datum
557 4036 653 4132 apud
669 4036 826 4126 Roriam,
844 4037 892 4108 Xl
907 4037 1084 4129 februarii,
1100 4039 1172 4110 llll·
1189 4037 1387 4110 indictione.

411 4237 452 4318 (a)
473 4242 510 4302 ln
524 4246 708 4320 uausumpto
721 4243 827 4320 ongln.
843 4237 1037 4322 amputandis,
1051 4241 1138 4302 male.

408 4583 444 4659 lt)
462 4585 615 4660 Ugucoione
637 4585 665 4642 di
680 4585 844 4656 Sannione,
863 4591 895 4642 ut
916 4584 999 4642 relert
1017 4585 1156 4654 Tonsor,
1173 4584 1240 4641 Dalt'
1254 4585 1333 4642 istor.
1347 4583 1379 4642 δι’
1393 4586 1493 4656 sema,
1507 4604 1535 4661 p.
1552 4589 1618 4658 tat,
1631 4590 1687 4662 jam
1699 4589 1783 4650 Senes

373 4683 499 4741 attulerat
520 4681 647 4740 Fridan'ci
673 4681 784 4740 secundi
804 4682 908 4764 litteras
930 4682 1030 4758 quibus
1059 4681 1102 4738 ille
1130 4681 1344 4740 reformationem
1367 4684 1441 4758 pacis
1465 4700 1527 4742 cum
1552 4685 1673 4746 Ecclesia
1696 4687 1782 4748 lactea

372 4779 522 4839 nuntiabat.
