<?xml version="1.0" encoding="UTF-8"?>
<!DOCTYPE html PUBLIC "-//W3C//DTD XHTML 1.0 Transitional//EN"
    "http://www.w3.org/TR/xhtml1/DTD/xhtml1-transitional.dtd">
<html xmlns="http://www.w3.org/1999/xhtml" xml:lang="en" lang="en">
 <head>
  <title>
</title>
<meta http-equiv="Content-Type" content="text/html;charset=utf-8" />
  <meta name='ocr-system' content='tesseract 3.04.00' />
  <meta name='ocr-capabilities' content='ocr_page ocr_carea ocr_par ocr_line ocrx_word'/>
</head>
<body>
  <div class='ocr_page' id='page_1' title='image "./historiadiploma03fredgoog/historiadiploma03fredgoog_0224.png"; bbox 0 0 4642 6106; ppageno 0'>
   <div class='ocr_carea' id='block_1_1' title="bbox 346 695 1763 786">
    <p class='ocr_par' dir='ltr' id='par_1_1' title="bbox 346 695 1763 786">
     <span class='ocr_line' id='line_1_1' title="bbox 346 695 1763 786; baseline -0.006 -20"><span class='ocrx_word' id='word_1_1' title='bbox 346 705 448 768; x_wconf 80' lang='lat' dir='ltr'><strong>lentur.</strong></span> <span class='ocrx_word' id='word_1_2' title='bbox 463 702 508 786; x_wconf 83' lang='grc'><strong>3.]</strong></span> <span class='ocrx_word' id='word_1_3' title='bbox 798 702 997 766; x_wconf 75' lang='lat' dir='ltr'><strong>HISTORIA</strong></span> <span class='ocrx_word' id='word_1_4' title='bbox 1022 697 1314 764; x_wconf 78' lang='lat' dir='ltr'><strong>urrtottittttit</strong></span> <span class='ocrx_word' id='word_1_5' title='bbox 1702 695 1763 758; x_wconf 78' lang='lat'><strong>215</strong></span> 
     </span>
    </p>
   </div>
   <div class='ocr_carea' id='block_1_2' title="bbox 429 830 1765 1451">
    <p class='ocr_par' dir='ltr' id='par_1_2' title="bbox 429 830 1765 1451">
     <span class='ocr_line' id='line_1_2' title="bbox 429 830 1762 918; baseline -0.006 -16"><span class='ocrx_word' id='word_1_6' title='bbox 429 837 549 918; x_wconf 76' lang='lat' dir='ltr'><strong>(udde</strong></span> <span class='ocrx_word' id='word_1_7' title='bbox 564 839 679 917; x_wconf 74' lang='lat' dir='ltr'><strong>integre</strong></span> <span class='ocrx_word' id='word_1_8' title='bbox 692 837 800 912; x_wconf 78' lang='lat' dir='ltr'><strong>Penne,</strong></span> <span class='ocrx_word' id='word_1_9' title='bbox 820 839 949 900; x_wconf 67' lang='lat' dir='ltr'><strong>Monens</strong></span> <span class='ocrx_word' id='word_1_10' title='bbox 964 837 1028 901; x_wconf 73' lang='lat' dir='ltr'><strong>iiiut.</strong></span> <span class='ocrx_word' id='word_1_11' title='bbox 1046 837 1159 908; x_wconf 69' lang='lat' dir='ltr'><strong>Geraia,</strong></span> <span class='ocrx_word' id='word_1_12' title='bbox 1174 841 1198 896; x_wconf 92' lang='lat' dir='ltr'><strong>t.</strong></span> <span class='ocrx_word' id='word_1_13' title='bbox 1213 835 1267 909; x_wconf 86' lang='lat' dir='ltr'><strong>IV,</strong></span> <span class='ocrx_word' id='word_1_14' title='bbox 1286 849 1314 912; x_wconf 83' lang='lat' dir='ltr'><strong>p.</strong></span> <span class='ocrx_word' id='word_1_15' title='bbox 1334 839 1485 906; x_wconf 68' lang='lat' dir='ltr'><strong>att-tm</strong></span> <span class='ocrx_word' id='word_1_16' title='bbox 1501 846 1541 892; x_wconf 85' lang='lat' dir='ltr'><strong>ex</strong></span> <span class='ocrx_word' id='word_1_17' title='bbox 1553 831 1672 910; x_wconf 76' lang='lat' dir='ltr'><strong>Regnat.</strong></span> <span class='ocrx_word' id='word_1_18' title='bbox 1687 830 1762 894; x_wconf 79' lang='lat' dir='ltr'><strong>(ire-</strong></span> 
     </span>
     <span class='ocr_line' id='line_1_3' title="bbox 468 939 1765 1028; baseline -0.004 -21"><span class='ocrx_word' id='word_1_19' title='bbox 468 963 533 1028; x_wconf 75' lang='lat' dir='ltr'><strong>gcr.</strong></span> <span class='ocrx_word' id='word_1_20' title='bbox 560 945 616 1021; x_wconf 78' lang='lat' dir='ltr'><strong>ix,</strong></span> <span class='ocrx_word' id='word_1_21' title='bbox 637 947 670 1007; x_wconf 88' lang='lat' dir='ltr'><strong>tn</strong></span> <span class='ocrx_word' id='word_1_22' title='bbox 692 945 771 1008; x_wconf 83' lang='lat' dir='ltr'><strong>urob</strong></span> <span class='ocrx_word' id='word_1_23' title='bbox 802 948 951 1020; x_wconf 74' lang='lat' dir='ltr'><strong>vatican..</strong></span> <span class='ocrx_word' id='word_1_24' title='bbox 975 963 1102 1028; x_wconf 79' lang='lat' dir='ltr'><strong>quorum</strong></span> <span class='ocrx_word' id='word_1_25' title='bbox 1120 947 1384 1006; x_wconf 73' lang='lat' dir='ltr'><strong>instrumentorum</strong></span> <span class='ocrx_word' id='word_1_26' title='bbox 1403 939 1550 1020; x_wconf 77' lang='lat' dir='ltr'><strong>quosdam</strong></span> <span class='ocrx_word' id='word_1_27' title='bbox 1573 939 1686 1002; x_wconf 86' lang='lat' dir='ltr'><strong>scilicet</strong></span> <span class='ocrx_word' id='word_1_28' title='bbox 1706 957 1765 1002; x_wconf 91' lang='lat' dir='ltr'><strong>nu-</strong></span> 
     </span>
     <span class='ocr_line' id='line_1_4' title="bbox 467 1047 1761 1130; baseline -0.004 -15"><span class='ocrx_word' id='word_1_29' title='bbox 467 1070 568 1115; x_wconf 85' lang='lat' dir='ltr'><strong>meres</strong></span> <span class='ocrx_word' id='word_1_30' title='bbox 581 1051 625 1114; x_wconf 85' lang='lat' dir='ltr'><strong>xt</strong></span> <span class='ocrx_word' id='word_1_31' title='bbox 638 1067 687 1130; x_wconf 89' lang='lat' dir='ltr'><strong>ep.</strong></span> <span class='ocrx_word' id='word_1_32' title='bbox 700 1053 847 1116; x_wconf 76' lang='lat' dir='ltr'><strong>Ituccenn.</strong></span> <span class='ocrx_word' id='word_1_33' title='bbox 865 1071 906 1115; x_wconf 85' lang='lat' dir='ltr'><strong>nu</strong></span> <span class='ocrx_word' id='word_1_34' title='bbox 917 1055 950 1118; x_wconf 84' lang='lat' dir='ltr'><strong>S.</strong></span> <span class='ocrx_word' id='word_1_35' title='bbox 966 1053 1080 1129; x_wconf 68' lang='lat' dir='ltr'><strong>(inem,</strong></span> <span class='ocrx_word' id='word_1_36' title='bbox 1092 1053 1126 1112; x_wconf 77' lang='lat' dir='ltr'><strong>ie</strong></span> <span class='ocrx_word' id='word_1_37' title='bbox 1136 1049 1298 1126; x_wconf 55' lang='lat' dir='ltr'><strong>ebenum</strong></span> <span class='ocrx_word' id='word_1_38' title='bbox 1309 1047 1529 1110; x_wconf 86' lang='lat' dir='ltr'><strong>numerusviil</strong></span> <span class='ocrx_word' id='word_1_39' title='bbox 1540 1063 1587 1124; x_wconf 84' lang='lat' dir='ltr'><strong>ep</strong></span> <span class='ocrx_word' id='word_1_40' title='bbox 1600 1047 1761 1110; x_wconf 72' lang='lat' dir='ltr'><strong>navemn.</strong></span> 
     </span>
     <span class='ocr_line' id='line_1_5' title="bbox 467 1150 1761 1242; baseline -0.003 -22"><span class='ocrx_word' id='word_1_41' title='bbox 467 1155 580 1222; x_wconf 75' lang='lat' dir='ltr'><strong>Aeaci.</strong></span> <span class='ocrx_word' id='word_1_42' title='bbox 595 1153 703 1234; x_wconf 72' lang='lat' dir='ltr'><strong>cece,</strong></span> <span class='ocrx_word' id='word_1_43' title='bbox 718 1157 761 1220; x_wconf 83' lang='lat' dir='ltr'><strong>od</strong></span> <span class='ocrx_word' id='word_1_44' title='bbox 770 1177 858 1235; x_wconf 76' lang='lat' dir='ltr'><strong>aare,</strong></span> <span class='ocrx_word' id='word_1_45' title='bbox 872 1157 896 1242; x_wconf 74' lang='lat' dir='ltr'>s</span> <span class='ocrx_word' id='word_1_46' title='bbox 909 1161 968 1236; x_wconf 78' lang='lat' dir='ltr'><strong>VI3</strong></span> <span class='ocrx_word' id='word_1_47' title='bbox 987 1161 1126 1237; x_wconf 75' lang='lat' dir='ltr'><strong>idemque</strong></span> <span class='ocrx_word' id='word_1_48' title='bbox 1137 1163 1169 1219; x_wconf 87' lang='lat' dir='ltr'><strong>et</strong></span> <span class='ocrx_word' id='word_1_49' title='bbox 1180 1171 1322 1218; x_wconf 85' lang='lat' dir='ltr'><strong>numerus</strong></span> <span class='ocrx_word' id='word_1_50' title='bbox 1334 1153 1378 1216; x_wconf 74' lang='lat' dir='ltr'><strong>ix</strong></span> <span class='ocrx_word' id='word_1_51' title='bbox 1392 1169 1441 1232; x_wconf 84' lang='lat' dir='ltr'><strong>up.</strong></span> <span class='ocrx_word' id='word_1_52' title='bbox 1457 1153 1597 1229; x_wconf 76' lang='lat' dir='ltr'><strong>fluum,</strong></span> <span class='ocrx_word' id='word_1_53' title='bbox 1611 1151 1682 1214; x_wconf 82' lang='lat' dir='ltr'><strong>Cori.</strong></span> <span class='ocrx_word' id='word_1_54' title='bbox 1695 1150 1761 1217; x_wconf 81' lang='lat' dir='ltr'><strong>ord.</strong></span> 
     </span>
     <span class='ocr_line' id='line_1_6' title="bbox 471 1258 1763 1347; baseline -0.002 -20"><span class='ocrx_word' id='word_1_55' title='bbox 471 1265 623 1343; x_wconf 72' lang='lat' dir='ltr'><strong>Timtoc,</strong></span> <span class='ocrx_word' id='word_1_56' title='bbox 642 1283 674 1346; x_wconf 86' lang='lat' dir='ltr'><strong>p.</strong></span> <span class='ocrx_word' id='word_1_57' title='bbox 690 1275 797 1347; x_wconf 84' lang='lat' dir='ltr'><strong>et-ee,</strong></span> <span class='ocrx_word' id='word_1_58' title='bbox 816 1258 857 1328; x_wconf 84' lang='lat' dir='ltr'><strong>n¹¹</strong></span> <span class='ocrx_word' id='word_1_59' title='bbox 875 1277 966 1330; x_wconf 81' lang='lat' dir='ltr'><strong>te-te</strong></span> <span class='ocrx_word' id='word_1_60' title='bbox 989 1268 1184 1346; x_wconf 87' lang='lat' dir='ltr'><strong>reperiuntur.</strong></span> <span class='ocrx_word' id='word_1_61' title='bbox 1212 1263 1354 1326; x_wconf 88' lang='lat' dir='ltr'><strong>Ordlucm</strong></span> <span class='ocrx_word' id='word_1_62' title='bbox 1371 1261 1451 1340; x_wconf 88' lang='lat' dir='ltr'><strong>apud</strong></span> <span class='ocrx_word' id='word_1_63' title='bbox 1471 1260 1558 1322; x_wconf 81' lang='lat' dir='ltr'><strong>Perta</strong></span> <span class='ocrx_word' id='word_1_64' title='bbox 1576 1267 1763 1324; x_wconf 75' lang='lat' dir='ltr'><strong>mearuntum</strong></span> 
     </span>
     <span class='ocr_line' id='line_1_7' title="bbox 465 1367 1662 1451; baseline -0.005 -15"><span class='ocrx_word' id='word_1_65' title='bbox 465 1373 619 1451; x_wconf 85' lang='lat' dir='ltr'><strong>puuiuium</strong></span> <span class='ocrx_word' id='word_1_66' title='bbox 632 1373 681 1435; x_wconf 90' lang='lat' dir='ltr'><strong>bic</strong></span> <span class='ocrx_word' id='word_1_67' title='bbox 693 1377 895 1450; x_wconf 86' lang='lat' dir='ltr'><strong>mutavimus,</strong></span> <span class='ocrx_word' id='word_1_68' title='bbox 911 1375 950 1437; x_wconf 84' lang='lat' dir='ltr'><strong>nd</strong></span> <span class='ocrx_word' id='word_1_69' title='bbox 964 1376 1133 1448; x_wconf 86' lang='lat' dir='ltr'><strong>clariorem,</strong></span> <span class='ocrx_word' id='word_1_70' title='bbox 1148 1378 1184 1434; x_wconf 87' lang='lat' dir='ltr'><strong>ut</strong></span> <span class='ocrx_word' id='word_1_71' title='bbox 1201 1371 1398 1444; x_wconf 83' lang='lat' dir='ltr'><strong>arbitramur,</strong></span> <span class='ocrx_word' id='word_1_72' title='bbox 1413 1385 1513 1431; x_wconf 87' lang='lat' dir='ltr'><strong>rerum</strong></span> <span class='ocrx_word' id='word_1_73' title='bbox 1529 1367 1662 1447; x_wconf 86' lang='lat' dir='ltr'><strong>sertem.)</strong></span> 
     </span>
    </p>
   </div>
   <div class='ocr_carea' id='block_1_3' title="bbox 1005 1669 1105 1742">
    <p class='ocr_par' dir='ltr' id='par_1_3' title="bbox 1005 1669 1105 1742">
     <span class='ocr_line' id='line_1_8' title="bbox 1005 1669 1105 1742; baseline -0.01 -1"><span class='ocrx_word' id='word_1_74' title='bbox 1005 1669 1105 1742; x_wconf 84' lang='lat' dir='ltr'><strong>vill.</strong></span> 
     </span>
    </p>
   </div>
   <div class='ocr_carea' id='block_1_4' title="bbox 396 1893 1883 1994">
    <p class='ocr_par' dir='ltr' id='par_1_4' title="bbox 396 1893 1883 1994">
     <span class='ocr_line' id='line_1_9' title="bbox 396 1893 1883 1994; baseline 0 -27"><span class='ocrx_word' id='word_1_75' title='bbox 396 1894 659 1969; x_wconf 83' lang='lat' dir='ltr'><strong>FridericusDei</strong></span> <span class='ocrx_word' id='word_1_76' title='bbox 667 1896 779 1990; x_wconf 80' lang='lat' dir='ltr'><strong>gratia</strong></span> <span class='ocrx_word' id='word_1_77' title='bbox 787 1893 1021 1970; x_wconf 85' lang='lat' dir='ltr'><strong>Romanorum</strong></span> <span class='ocrx_word' id='word_1_78' title='bbox 1031 1898 1228 1994; x_wconf 90' lang='lat' dir='ltr'><strong>imperator,</strong></span> <span class='ocrx_word' id='word_1_79' title='bbox 1240 1904 1565 1992; x_wconf 76' lang='lat' dir='ltr'><strong>semperaugustus,</strong></span> <span class='ocrx_word' id='word_1_80' title='bbox 1574 1895 1762 1967; x_wconf 82' lang='lat' dir='ltr'><strong>Jerusalem</strong></span> <span class='ocrx_word' id='word_1_81' title='bbox 1848 1893 1883 1992; x_wconf 55' lang='lat' dir='ltr'><strong>&#39;m</strong></span> 
     </span>
    </p>
   </div>
   <div class='ocr_carea' id='block_1_5' title="bbox 343 2017 1854 3735">
    <p class='ocr_par' dir='ltr' id='par_1_5' title="bbox 343 2017 1854 3488">
     <span class='ocr_line' id='line_1_10' title="bbox 347 2017 1854 2118; baseline -0.002 -25"><span class='ocrx_word' id='word_1_82' title='bbox 347 2028 382 2093; x_wconf 86' lang='lat' dir='ltr'><strong>et</strong></span> <span class='ocrx_word' id='word_1_83' title='bbox 396 2019 511 2094; x_wconf 81' lang='lat' dir='ltr'><strong>Sicilie</strong></span> <span class='ocrx_word' id='word_1_84' title='bbox 535 2041 611 2094; x_wconf 83' lang='lat' dir='ltr'><strong>rex.</strong></span> <span class='ocrx_word' id='word_1_85' title='bbox 626 2022 701 2094; x_wconf 66' lang='lat' dir='ltr'><strong>’Per</strong></span> <span class='ocrx_word' id='word_1_86' title='bbox 723 2041 865 2117; x_wconf 78' lang='lat' dir='ltr'>presens</span> <span class='ocrx_word' id='word_1_87' title='bbox 891 2021 1058 2118; x_wconf 88' lang='lat' dir='ltr'><strong>scriptum</strong></span> <span class='ocrx_word' id='word_1_88' title='bbox 1081 2032 1202 2096; x_wconf 89' lang='lat' dir='ltr'><strong>uotum</strong></span> <span class='ocrx_word' id='word_1_89' title='bbox 1219 2020 1294 2094; x_wconf 90' lang='lat' dir='ltr'><strong>fieri</strong></span> <span class='ocrx_word' id='word_1_90' title='bbox 1311 2021 1475 2093; x_wconf 87' lang='lat' dir='ltr'><strong>volomus</strong></span> <span class='ocrx_word' id='word_1_91' title='bbox 1497 2017 1670 2091; x_wconf 87' lang='lat' dir='ltr'><strong>universis</strong></span> <span class='ocrx_word' id='word_1_92' title='bbox 1692 2027 1763 2090; x_wconf 91' lang='lat' dir='ltr'><strong>tam</strong></span> <span class='ocrx_word' id='word_1_93' title='bbox 1826 2067 1854 2098; x_wconf 58' lang='lat' dir='ltr'><strong>,a</strong></span> 
     </span>
     <span class='ocr_line' id='line_1_11' title="bbox 348 2143 1764 2240; baseline -0.002 -22"><span class='ocrx_word' id='word_1_94' title='bbox 348 2145 565 2240; x_wconf 79' lang='lat' dir='ltr'><strong>presentibus</strong></span> <span class='ocrx_word' id='word_1_95' title='bbox 580 2167 687 2240; x_wconf 86' lang='lat' dir='ltr'><strong>quum</strong></span> <span class='ocrx_word' id='word_1_96' title='bbox 708 2147 834 2218; x_wconf 89' lang='lat' dir='ltr'><strong>iuturis</strong></span> <span class='ocrx_word' id='word_1_97' title='bbox 856 2147 953 2240; x_wconf 91' lang='lat' dir='ltr'><strong>quod</strong></span> <span class='ocrx_word' id='word_1_98' title='bbox 976 2167 1039 2220; x_wconf 92' lang='lat' dir='ltr'><strong>uos</strong></span> <span class='ocrx_word' id='word_1_99' title='bbox 1064 2147 1209 2219; x_wconf 79' lang='lat' dir='ltr'><strong>fecimus</strong></span> <span class='ocrx_word' id='word_1_100' title='bbox 1225 2145 1394 2240; x_wconf 83' lang='lat' dir='ltr'><strong>assignari</strong></span> <span class='ocrx_word' id='word_1_101' title='bbox 1410 2144 1446 2216; x_wconf 91' lang='lat' dir='ltr'><strong>iu</strong></span> <span class='ocrx_word' id='word_1_102' title='bbox 1465 2143 1627 2217; x_wconf 91' lang='lat' dir='ltr'><strong>manibus</strong></span> <span class='ocrx_word' id='word_1_103' title='bbox 1650 2143 1764 2217; x_wconf 85' lang='lat' dir='ltr'><strong>iratris</strong></span> 
     </span>
     <span class='ocr_line' id='line_1_12' title="bbox 346 2268 1762 2364; baseline -0.001 -24"><span class='ocrx_word' id='word_1_104' title='bbox 346 2269 533 2342; x_wconf 83' lang='lat' dir='ltr'><strong>Hermanui</strong></span> <span class='ocrx_word' id='word_1_105' title='bbox 558 2269 766 2343; x_wconf 86' lang='lat' dir='ltr'><strong>venerabilis</strong></span> <span class='ocrx_word' id='word_1_106' title='bbox 795 2269 950 2364; x_wconf 78' lang='lat' dir='ltr'><strong>magistri</strong></span> <span class='ocrx_word' id='word_1_107' title='bbox 978 2269 1103 2343; x_wconf 89' lang='lat' dir='ltr'><strong>domus</strong></span> <span class='ocrx_word' id='word_1_108' title='bbox 1129 2273 1254 2344; x_wconf 89' lang='lat' dir='ltr'><strong>Sancte</strong></span> <span class='ocrx_word' id='word_1_109' title='bbox 1279 2270 1385 2342; x_wconf 85' lang='lat' dir='ltr'><strong>Marie</strong></span> <span class='ocrx_word' id='word_1_110' title='bbox 1412 2269 1701 2342; x_wconf 72' lang='lat' dir='ltr'><strong>theutonicorum</strong></span> <span class='ocrx_word' id='word_1_111' title='bbox 1726 2268 1762 2339; x_wconf 94' lang='lat' dir='ltr'><strong>in</strong></span> 
     </span>
     <span class='ocr_line' id='line_1_13' title="bbox 345 2391 1761 2490; baseline 0 -26"><span class='ocrx_word' id='word_1_112' title='bbox 345 2393 547 2485; x_wconf 85' lang='lat' dir='ltr'><strong>Ierusalem,</strong></span> <span class='ocrx_word' id='word_1_113' title='bbox 563 2391 676 2467; x_wconf 86' lang='lat' dir='ltr'><strong>fidelis</strong></span> <span class='ocrx_word' id='word_1_114' title='bbox 690 2393 811 2486; x_wconf 88' lang='lat' dir='ltr'><strong>nostri,</strong></span> <span class='ocrx_word' id='word_1_115' title='bbox 827 2403 937 2467; x_wconf 84' lang='lat' dir='ltr'><strong>castra</strong></span> <span class='ocrx_word' id='word_1_116' title='bbox 949 2393 1157 2490; x_wconf 79' lang='lat' dir='ltr'><strong>subscripta,</strong></span> <span class='ocrx_word' id='word_1_117' title='bbox 1175 2393 1339 2468; x_wconf 85' lang='lat' dir='ltr'><strong>videlicet</strong></span> <span class='ocrx_word' id='word_1_118' title='bbox 1354 2403 1506 2466; x_wconf 89' lang='lat' dir='ltr'><strong>castrum</strong></span> <span class='ocrx_word' id='word_1_119' title='bbox 1516 2393 1601 2483; x_wconf 87' lang='lat' dir='ltr'><strong>Ceti,</strong></span> <span class='ocrx_word' id='word_1_120' title='bbox 1614 2395 1761 2468; x_wconf 86' lang='lat' dir='ltr'><strong>Rcccam</strong></span> 
     </span>
     <span class='ocr_line' id='line_1_14' title="bbox 347 2517 1762 2614; baseline 0.001 -26"><span class='ocrx_word' id='word_1_121' title='bbox 347 2517 536 2610; x_wconf 88' lang='lat' dir='ltr'><strong>Willieimi,</strong></span> <span class='ocrx_word' id='word_1_122' title='bbox 553 2519 698 2592; x_wconf 84' lang='lat' dir='ltr'><strong>Roecam</strong></span> <span class='ocrx_word' id='word_1_123' title='bbox 716 2519 761 2594; x_wconf 92' lang='lat' dir='ltr'><strong>de</strong></span> <span class='ocrx_word' id='word_1_124' title='bbox 779 2521 918 2612; x_wconf 88' lang='lat' dir='ltr'><strong>Bautra,</strong></span> <span class='ocrx_word' id='word_1_125' title='bbox 939 2519 1085 2592; x_wconf 85' lang='lat' dir='ltr'><strong>Roccam</strong></span> <span class='ocrx_word' id='word_1_126' title='bbox 1101 2517 1326 2608; x_wconf 87' lang='lat' dir='ltr'><strong>Prescntiani,</strong></span> <span class='ocrx_word' id='word_1_127' title='bbox 1346 2519 1491 2591; x_wconf 84' lang='lat' dir='ltr'><strong>Roccam</strong></span> <span class='ocrx_word' id='word_1_128' title='bbox 1507 2518 1622 2590; x_wconf 80' lang='lat' dir='ltr'><strong>Sancti</strong></span> <span class='ocrx_word' id='word_1_129' title='bbox 1639 2517 1762 2614; x_wconf 79' lang='lat' dir='ltr'><strong>Augeii</strong></span> 
     </span>
     <span class='ocr_line' id='line_1_15' title="bbox 347 2640 1763 2738; baseline 0.001 -24"><span class='ocrx_word' id='word_1_130' title='bbox 347 2640 392 2714; x_wconf 88' lang='lat' dir='ltr'><strong>de</strong></span> <span class='ocrx_word' id='word_1_131' title='bbox 411 2642 510 2738; x_wconf 86' lang='lat' dir='ltr'><strong>Rupe</strong></span> <span class='ocrx_word' id='word_1_132' title='bbox 530 2643 679 2737; x_wconf 77' lang='lat' dir='ltr'><strong>Canius,</strong></span> <span class='ocrx_word' id='word_1_133' title='bbox 700 2645 847 2718; x_wconf 85' lang='lat' dir='ltr'><strong>Roccam</strong></span> <span class='ocrx_word' id='word_1_134' title='bbox 872 2644 998 2717; x_wconf 89' lang='lat' dir='ltr'><strong>montis</strong></span> <span class='ocrx_word' id='word_1_135' title='bbox 1014 2643 1204 2738; x_wconf 64' lang='lat' dir='ltr'><strong>magonis,</strong></span> <span class='ocrx_word' id='word_1_136' title='bbox 1221 2651 1371 2716; x_wconf 88' lang='lat' dir='ltr'><strong>castrum</strong></span> <span class='ocrx_word' id='word_1_137' title='bbox 1394 2641 1489 2714; x_wconf 80' lang='lat' dir='ltr'><strong>Atini</strong></span> <span class='ocrx_word' id='word_1_138' title='bbox 1511 2651 1547 2716; x_wconf 89' lang='lat' dir='ltr'><strong>et</strong></span> <span class='ocrx_word' id='word_1_139' title='bbox 1566 2643 1700 2716; x_wconf 88' lang='lat' dir='ltr'><strong>Petram</strong></span> <span class='ocrx_word' id='word_1_140' title='bbox 1718 2643 1763 2716; x_wconf 91' lang='lat' dir='ltr'><strong>dc</strong></span> 
     </span>
     <span class='ocr_line' id='line_1_16' title="bbox 347 2767 1763 2862; baseline 0.003 -25"><span class='ocrx_word' id='word_1_141' title='bbox 347 2767 456 2840; x_wconf 72' lang='lat' dir='ltr'><strong>tocco</strong></span> <span class='ocrx_word' id='word_1_142' title='bbox 468 2793 477 2838; x_wconf 77' lang='grc' dir='ltr'><strong><em>ε</em></strong></span> <span class='ocrx_word' id='word_1_143' title='bbox 489 2789 560 2862; x_wconf 87' lang='lat' dir='ltr'><strong>que</strong></span> <span class='ocrx_word' id='word_1_144' title='bbox 575 2769 692 2842; x_wconf 90' lang='lat' dir='ltr'><strong>omnia</strong></span> <span class='ocrx_word' id='word_1_145' title='bbox 708 2767 823 2842; x_wconf 88' lang='lat' dir='ltr'><strong>dictus</strong></span> <span class='ocrx_word' id='word_1_146' title='bbox 835 2768 998 2862; x_wconf 81' lang='lat' dir='ltr'><strong>magister</strong></span> <span class='ocrx_word' id='word_1_147' title='bbox 1016 2769 1146 2841; x_wconf 79' lang='lat' dir='ltr'><strong>tenebit</strong></span> <span class='ocrx_word' id='word_1_148' title='bbox 1164 2767 1305 2841; x_wconf 90' lang='lat' dir='ltr'><strong>nomine</strong></span> <span class='ocrx_word' id='word_1_149' title='bbox 1322 2787 1465 2840; x_wconf 90' lang='lat' dir='ltr'><strong>romane</strong></span> <span class='ocrx_word' id='word_1_150' title='bbox 1480 2767 1633 2841; x_wconf 85' lang='lat' dir='ltr'><strong>Ecclesia</strong></span> <span class='ocrx_word' id='word_1_151' title='bbox 1649 2768 1686 2839; x_wconf 91' lang='lat' dir='ltr'><strong>in</strong></span> <span class='ocrx_word' id='word_1_152' title='bbox 1700 2789 1763 2841; x_wconf 85' lang='lat' dir='ltr'><strong>ex·</strong></span> 
     </span>
     <span class='ocr_line' id='line_1_17' title="bbox 346 2891 1762 2986; baseline 0.001 -23"><span class='ocrx_word' id='word_1_153' title='bbox 346 2891 462 2986; x_wconf 89' lang='lat' dir='ltr'><strong>pensis</strong></span> <span class='ocrx_word' id='word_1_154' title='bbox 475 2893 613 2985; x_wconf 89' lang='lat' dir='ltr'><strong>nostris,</strong></span> <span class='ocrx_word' id='word_1_155' title='bbox 629 2893 872 2967; x_wconf 83' lang='lat' dir='ltr'><strong>incentionem</strong></span> <span class='ocrx_word' id='word_1_156' title='bbox 885 2893 1016 2966; x_wconf 85' lang='lat' dir='ltr'><strong>scilicet</strong></span> <span class='ocrx_word' id='word_1_157' title='bbox 1031 2901 1066 2966; x_wconf 90' lang='lat' dir='ltr'><strong>et</strong></span> <span class='ocrx_word' id='word_1_158' title='bbox 1082 2891 1301 2965; x_wconf 78' lang='lat' dir='ltr'><strong>securitatem</strong></span> <span class='ocrx_word' id='word_1_159' title='bbox 1318 2892 1487 2986; x_wconf 86' lang='lat' dir='ltr'><strong>quodncs</strong></span> <span class='ocrx_word' id='word_1_160' title='bbox 1499 2891 1661 2964; x_wconf 80' lang='lat' dir='ltr'><strong>dabimus</strong></span> <span class='ocrx_word' id='word_1_161' title='bbox 1676 2891 1762 2965; x_wconf 85' lang='lat' dir='ltr'><strong>fide-</strong></span> 
     </span>
     <span class='ocr_line' id='line_1_18' title="bbox 343 3015 1763 3108; baseline 0.002 -21"><span class='ocrx_word' id='word_1_162' title='bbox 343 3015 527 3108; x_wconf 86' lang='lat' dir='ltr'><strong>jussoriam</strong></span> <span class='ocrx_word' id='word_1_163' title='bbox 540 3016 735 3091; x_wconf 84' lang='lat' dir='ltr'><strong>cautionem</strong></span> <span class='ocrx_word' id='word_1_164' title='bbox 747 3017 840 3090; x_wconf 89' lang='lat' dir='ltr'><strong>bona</strong></span> <span class='ocrx_word' id='word_1_165' title='bbox 855 3015 925 3091; x_wconf 87' lang='lat' dir='ltr'><strong>tide</strong></span> <span class='ocrx_word' id='word_1_166' title='bbox 935 3017 1023 3090; x_wconf 83' lang='lat' dir='ltr'><strong>inira</strong></span> <span class='ocrx_word' id='word_1_167' title='bbox 1038 3017 1222 3090; x_wconf 84' lang='lat' dir='ltr'><strong>terminum</strong></span> <span class='ocrx_word' id='word_1_168' title='bbox 1237 3023 1315 3090; x_wconf 90' lang='lat' dir='ltr'><strong>octo</strong></span> <span class='ocrx_word' id='word_1_169' title='bbox 1327 3015 1498 3089; x_wconf 87' lang='lat' dir='ltr'><strong>mensium</strong></span> <span class='ocrx_word' id='word_1_170' title='bbox 1511 3016 1577 3088; x_wconf 89' lang='lat' dir='ltr'><strong>sub</strong></span> <span class='ocrx_word' id='word_1_171' title='bbox 1587 3015 1644 3090; x_wconf 90' lang='lat' dir='ltr'><strong>iila</strong></span> <span class='ocrx_word' id='word_1_172' title='bbox 1654 3018 1763 3090; x_wconf 83' lang='lat' dir='ltr'><strong>forma</strong></span> 
     </span>
     <span class='ocr_line' id='line_1_19' title="bbox 345 3141 1760 3240; baseline 0.003 -28"><span class='ocrx_word' id='word_1_173' title='bbox 345 3161 415 3234; x_wconf 92' lang='lat' dir='ltr'><strong>que</strong></span> <span class='ocrx_word' id='word_1_174' title='bbox 432 3141 470 3214; x_wconf 92' lang='lat' dir='ltr'><strong>iu</strong></span> <span class='ocrx_word' id='word_1_175' title='bbox 489 3150 632 3216; x_wconf 88' lang='lat' dir='ltr'><strong>tractatu</strong></span> <span class='ocrx_word' id='word_1_176' title='bbox 650 3143 747 3240; x_wconf 86' lang='lat' dir='ltr'><strong>pacis</strong></span> <span class='ocrx_word' id='word_1_177' title='bbox 765 3144 973 3217; x_wconf 86' lang='lat' dir='ltr'><strong>continetur.</strong></span> <span class='ocrx_word' id='word_1_178' title='bbox 989 3143 1065 3230; x_wconf 88' lang='lat' dir='ltr'><strong>Qua</strong></span> <span class='ocrx_word' id='word_1_179' title='bbox 1080 3142 1297 3236; x_wconf 87' lang='lat' dir='ltr'><strong>fidejussoria</strong></span> <span class='ocrx_word' id='word_1_180' title='bbox 1314 3141 1474 3216; x_wconf 84' lang='lat' dir='ltr'><strong>cautione</strong></span> <span class='ocrx_word' id='word_1_181' title='bbox 1489 3143 1648 3238; x_wconf 89' lang='lat' dir='ltr'><strong>prestita,</strong></span> <span class='ocrx_word' id='word_1_182' title='bbox 1666 3141 1760 3216; x_wconf 91' lang='lat' dir='ltr'><strong>idem</strong></span> 
     </span>
     <span class='ocr_line' id='line_1_20' title="bbox 345 3263 1761 3362; baseline 0.002 -25"><span class='ocrx_word' id='word_1_183' title='bbox 345 3263 509 3360; x_wconf 72' lang='lat' dir='ltr'><strong>magister</strong></span> <span class='ocrx_word' id='word_1_184' title='bbox 526 3265 716 3362; x_wconf 79' lang='lat' dir='ltr'><strong>resignabit</strong></span> <span class='ocrx_word' id='word_1_185' title='bbox 730 3267 830 3341; x_wconf 88' lang='lat' dir='ltr'><strong>uobis</strong></span> <span class='ocrx_word' id='word_1_186' title='bbox 845 3267 968 3341; x_wconf 86' lang='lat' dir='ltr'><strong>eadem</strong></span> <span class='ocrx_word' id='word_1_187' title='bbox 985 3277 1097 3341; x_wconf 83' lang='lat' dir='ltr'><strong>castra</strong></span> <span class='ocrx_word' id='word_1_188' title='bbox 1111 3267 1168 3340; x_wconf 89' lang='lat' dir='ltr'><strong>vel</strong></span> <span class='ocrx_word' id='word_1_189' title='bbox 1182 3267 1240 3339; x_wconf 89' lang='lat' dir='ltr'><strong>cui</strong></span> <span class='ocrx_word' id='word_1_190' title='bbox 1256 3287 1320 3340; x_wconf 90' lang='lat' dir='ltr'><strong>noe</strong></span> <span class='ocrx_word' id='word_1_191' title='bbox 1334 3267 1576 3362; x_wconf 89' lang='lat' dir='ltr'><strong>precipiemus.</strong></span> <span class='ocrx_word' id='word_1_192' title='bbox 1590 3265 1645 3340; x_wconf 82' lang='lat' dir='ltr'><strong>Ad</strong></span> <span class='ocrx_word' id='word_1_193' title='bbox 1661 3269 1761 3361; x_wconf 89' lang='lat' dir='ltr'><strong>cujus</strong></span> 
     </span>
     <span class='ocr_line' id='line_1_21' title="bbox 345 3389 1756 3488; baseline 0.001 -26"><span class='ocrx_word' id='word_1_194' title='bbox 345 3389 396 3462; x_wconf 89' lang='lat' dir='ltr'><strong>rei</strong></span> <span class='ocrx_word' id='word_1_195' title='bbox 412 3391 615 3464; x_wconf 89' lang='lat' dir='ltr'><strong>memoriam</strong></span> <span class='ocrx_word' id='word_1_196' title='bbox 635 3413 777 3488; x_wconf 83' lang='lat' dir='ltr'><strong>presens</strong></span> <span class='ocrx_word' id='word_1_197' title='bbox 792 3393 958 3488; x_wconf 90' lang='lat' dir='ltr'><strong>scriptum</strong></span> <span class='ocrx_word' id='word_1_198' title='bbox 973 3391 1047 3464; x_wconf 86' lang='lat' dir='ltr'><strong>fieri</strong></span> <span class='ocrx_word' id='word_1_199' title='bbox 1065 3391 1211 3464; x_wconf 83' lang='lat' dir='ltr'><strong>fecimus</strong></span> <span class='ocrx_word' id='word_1_200' title='bbox 1227 3400 1262 3464; x_wconf 88' lang='lat' dir='ltr'><strong>et</strong></span> <span class='ocrx_word' id='word_1_201' title='bbox 1279 3391 1393 3486; x_wconf 80' lang='lat' dir='ltr'><strong>sigillo</strong></span> <span class='ocrx_word' id='word_1_202' title='bbox 1407 3400 1524 3466; x_wconf 90' lang='lat' dir='ltr'><strong>nostro</strong></span> <span class='ocrx_word' id='word_1_203' title='bbox 1539 3393 1756 3464; x_wconf 88' lang='lat' dir='ltr'><strong>communiri.</strong></span> 
     </span>
    </p>

    <p class='ocr_par' dir='ltr' id='par_1_6' title="bbox 346 3513 1761 3735">
     <span class='ocr_line' id='line_1_22' title="bbox 393 3513 1761 3613; baseline 0 -27"><span class='ocrx_word' id='word_1_204' title='bbox 393 3513 518 3586; x_wconf 86' lang='lat' dir='ltr'><strong>Datum</strong></span> <span class='ocrx_word' id='word_1_205' title='bbox 550 3537 586 3586; x_wconf 91' lang='lat' dir='ltr'><strong>rn</strong></span> <span class='ocrx_word' id='word_1_206' title='bbox 618 3516 739 3588; x_wconf 89' lang='lat' dir='ltr'><strong>castris</strong></span> <span class='ocrx_word' id='word_1_207' title='bbox 772 3537 880 3612; x_wconf 84' lang='lat' dir='ltr'><strong>prope</strong></span> <span class='ocrx_word' id='word_1_208' title='bbox 912 3517 1149 3613; x_wconf 83' lang='lat' dir='ltr'><strong>ceperanum,</strong></span> <span class='ocrx_word' id='word_1_209' title='bbox 1184 3537 1277 3588; x_wconf 88' lang='lat' dir='ltr'><strong>anuo</strong></span> <span class='ocrx_word' id='word_1_210' title='bbox 1312 3514 1485 3588; x_wconf 90' lang='lat' dir='ltr'><strong>dominice</strong></span> <span class='ocrx_word' id='word_1_211' title='bbox 1516 3515 1761 3590; x_wconf 87' lang='lat' dir='ltr'><strong>incarnationis</strong></span> 
     </span>
     <span class='ocr_line' id='line_1_23' title="bbox 346 3635 1194 3735; baseline 0.001 -26"><span class='ocrx_word' id='word_1_212' title='bbox 346 3635 542 3729; x_wconf 83' lang='lat' dir='ltr'>MCCXXX,</span> <span class='ocrx_word' id='word_1_213' title='bbox 560 3661 679 3713; x_wconf 85' lang='lat' dir='ltr'><strong>mense</strong></span> <span class='ocrx_word' id='word_1_214' title='bbox 694 3649 856 3735; x_wconf 76' lang='lat' dir='ltr'><strong>augusto,</strong></span> <span class='ocrx_word' id='word_1_215' title='bbox 872 3641 971 3713; x_wconf 89' lang='lat' dir='ltr'><strong>tertie</strong></span> <span class='ocrx_word' id='word_1_216' title='bbox 984 3639 1194 3713; x_wconf 87' lang='lat' dir='ltr'><strong>indictionis.</strong></span> 
     </span>
    </p>
   </div>
   <div class='ocr_carea' id='block_1_6' title="bbox 345 3928 1762 4522">
    <p class='ocr_par' dir='ltr' id='par_1_7' title="bbox 345 3928 1762 4522">
     <span class='ocr_line' id='line_1_24' title="bbox 394 3928 1761 4026; baseline 0.003 -28"><span class='ocrx_word' id='word_1_217' title='bbox 394 3928 520 4001; x_wconf 89' lang='lat' dir='ltr'><strong>Notum</strong></span> <span class='ocrx_word' id='word_1_218' title='bbox 536 3929 580 4002; x_wconf 88' lang='lat' dir='ltr'><strong>sit</strong></span> <span class='ocrx_word' id='word_1_219' title='bbox 601 3931 773 4004; x_wconf 86' lang='lat' dir='ltr'><strong>universis</strong></span> <span class='ocrx_word' id='word_1_220' title='bbox 793 3941 970 4026; x_wconf 88' lang='lat' dir='ltr'><strong>presentes</strong></span> <span class='ocrx_word' id='word_1_221' title='bbox 991 3931 1120 4004; x_wconf 85' lang='lat' dir='ltr'><strong>litteras</strong></span> <span class='ocrx_word' id='word_1_222' title='bbox 1142 3929 1351 4026; x_wconf 87' lang='lat' dir='ltr'><strong>inspecturis</strong></span> <span class='ocrx_word' id='word_1_223' title='bbox 1371 3929 1468 4026; x_wconf 91' lang='lat' dir='ltr'><strong>quod</strong></span> <span class='ocrx_word' id='word_1_224' title='bbox 1484 3952 1547 4004; x_wconf 90' lang='lat' dir='ltr'><strong>uos</strong></span> <span class='ocrx_word' id='word_1_225' title='bbox 1562 3931 1664 4004; x_wconf 87' lang='lat' dir='ltr'><strong>irater</strong></span> <span class='ocrx_word' id='word_1_226' title='bbox 1677 3930 1761 4004; x_wconf 84' lang='lat' dir='ltr'><strong>Her-</strong></span> 
     </span>
     <span class='ocr_line' id='line_1_25' title="bbox 346 4053 1761 4150; baseline 0.003 -27"><span class='ocrx_word' id='word_1_227' title='bbox 346 4073 506 4146; x_wconf 87' lang='lat' dir='ltr'><strong>manuus,</strong></span> <span class='ocrx_word' id='word_1_228' title='bbox 522 4053 702 4150; x_wconf 86' lang='lat' dir='ltr'><strong>hospitatis</strong></span> <span class='ocrx_word' id='word_1_229' title='bbox 710 4057 834 4128; x_wconf 86' lang='lat' dir='ltr'><strong>Sancte</strong></span> <span class='ocrx_word' id='word_1_230' title='bbox 846 4055 952 4128; x_wconf 87' lang='lat' dir='ltr'><strong>Marie</strong></span> <span class='ocrx_word' id='word_1_231' title='bbox 962 4055 1252 4129; x_wconf 87' lang='lat' dir='ltr'><strong>Theutcnicorum</strong></span> <span class='ocrx_word' id='word_1_232' title='bbox 1263 4055 1299 4125; x_wconf 95' lang='lat' dir='ltr'><strong>in</strong></span> <span class='ocrx_word' id='word_1_233' title='bbox 1312 4055 1500 4127; x_wconf 85' lang='lat' dir='ltr'><strong>Jerusalem</strong></span> <span class='ocrx_word' id='word_1_234' title='bbox 1513 4055 1689 4150; x_wconf 78' lang='lat' dir='ltr'><strong>magister,</strong></span> <span class='ocrx_word' id='word_1_235' title='bbox 1706 4076 1761 4127; x_wconf 90' lang='lat' dir='ltr'><strong>re·</strong></span> 
     </span>
     <span class='ocr_line' id='line_1_26' title="bbox 346 4175 1760 4272; baseline 0.004 -25"><span class='ocrx_word' id='word_1_236' title='bbox 346 4175 501 4271; x_wconf 90' lang='lat' dir='ltr'><strong>cepimus</strong></span> <span class='ocrx_word' id='word_1_237' title='bbox 523 4187 674 4251; x_wconf 82' lang='lat' dir='ltr'><strong>castrum</strong></span> <span class='ocrx_word' id='word_1_238' title='bbox 699 4179 788 4272; x_wconf 86' lang='lat' dir='ltr'><strong>Ceti,</strong></span> <span class='ocrx_word' id='word_1_239' title='bbox 815 4181 961 4253; x_wconf 85' lang='lat' dir='ltr'><strong>Rcccam</strong></span> <span class='ocrx_word' id='word_1_240' title='bbox 984 4179 1183 4269; x_wconf 89' lang='lat' dir='ltr'><strong>Wiiiieimi,</strong></span> <span class='ocrx_word' id='word_1_241' title='bbox 1210 4181 1357 4252; x_wconf 87' lang='lat' dir='ltr'><strong>Rcocam</strong></span> <span class='ocrx_word' id='word_1_242' title='bbox 1380 4177 1425 4252; x_wconf 93' lang='lat' dir='ltr'><strong>de</strong></span> <span class='ocrx_word' id='word_1_243' title='bbox 1448 4179 1591 4264; x_wconf 72' lang='lat' dir='ltr'><strong>uanum,</strong></span> <span class='ocrx_word' id='word_1_244' title='bbox 1614 4179 1760 4254; x_wconf 85' lang='lat' dir='ltr'><strong>lioccam</strong></span> 
     </span>
     <span class='ocr_line' id='line_1_27' title="bbox 345 4299 1762 4400; baseline 0.006 -30"><span class='ocrx_word' id='word_1_245' title='bbox 345 4299 569 4392; x_wconf 88' lang='lat' dir='ltr'><strong>Preeentiani,</strong></span> <span class='ocrx_word' id='word_1_246' title='bbox 588 4303 736 4378; x_wconf 85' lang='lat' dir='ltr'><strong>Roccam</strong></span> <span class='ocrx_word' id='word_1_247' title='bbox 757 4303 872 4378; x_wconf 82' lang='lat' dir='ltr'><strong>Sancti</strong></span> <span class='ocrx_word' id='word_1_248' title='bbox 888 4303 1011 4398; x_wconf 77' lang='lat' dir='ltr'><strong>angeli</strong></span> <span class='ocrx_word' id='word_1_249' title='bbox 1025 4302 1070 4376; x_wconf 90' lang='lat' dir='ltr'><strong>de</strong></span> <span class='ocrx_word' id='word_1_250' title='bbox 1084 4305 1182 4400; x_wconf 84' lang='lat' dir='ltr'><strong>uupe</strong></span> <span class='ocrx_word' id='word_1_251' title='bbox 1197 4302 1340 4392; x_wconf 88' lang='lat' dir='ltr'><strong>Cauina‚</strong></span> <span class='ocrx_word' id='word_1_252' title='bbox 1362 4303 1509 4378; x_wconf 85' lang='lat' dir='ltr'><strong>Rcccam</strong></span> <span class='ocrx_word' id='word_1_253' title='bbox 1524 4303 1651 4376; x_wconf 89' lang='lat' dir='ltr'><strong>montis</strong></span> <span class='ocrx_word' id='word_1_254' title='bbox 1670 4307 1762 4378; x_wconf 87' lang='lat' dir='ltr'><strong>Dra-</strong></span> 
     </span>
     <span class='ocr_line' id='line_1_28' title="bbox 346 4423 1760 4522; baseline 0.004 -26"><span class='ocrx_word' id='word_1_255' title='bbox 346 4423 456 4516; x_wconf 85' lang='lat' dir='ltr'><strong>conis,</strong></span> <span class='ocrx_word' id='word_1_256' title='bbox 468 4434 619 4500; x_wconf 86' lang='lat' dir='ltr'><strong>castrum</strong></span> <span class='ocrx_word' id='word_1_257' title='bbox 630 4427 725 4500; x_wconf 85' lang='lat' dir='ltr'><strong>Atini</strong></span> <span class='ocrx_word' id='word_1_258' title='bbox 737 4437 771 4502; x_wconf 89' lang='lat' dir='ltr'><strong>et</strong></span> <span class='ocrx_word' id='word_1_259' title='bbox 782 4429 917 4502; x_wconf 78' lang='lat' dir='ltr'><strong>Petram</strong></span> <span class='ocrx_word' id='word_1_260' title='bbox 927 4427 973 4502; x_wconf 93' lang='lat' dir='ltr'><strong>de</strong></span> <span class='ocrx_word' id='word_1_261' title='bbox 982 4429 1105 4518; x_wconf 89' lang='lat' dir='ltr'><strong>Tocco,</strong></span> <span class='ocrx_word' id='word_1_262' title='bbox 1119 4449 1189 4522; x_wconf 91' lang='lat' dir='ltr'><strong>que</strong></span> <span class='ocrx_word' id='word_1_263' title='bbox 1201 4425 1370 4502; x_wconf 89' lang='lat' dir='ltr'><strong>debemus</strong></span> <span class='ocrx_word' id='word_1_264' title='bbox 1383 4427 1557 4501; x_wconf 87' lang='lat' dir='ltr'><strong>custodire</strong></span> <span class='ocrx_word' id='word_1_265' title='bbox 1566 4427 1760 4502; x_wconf 88' lang='lat' dir='ltr'><strong>secundum</strong></span> 
     </span>
    </p>
   </div>
   <div class='ocr_carea' id='block_1_7' title="bbox 346 4547 1761 4770">
    <p class='ocr_par' dir='ltr' id='par_1_8' title="bbox 346 4547 1761 4770">
     <span class='ocr_line' id='line_1_29' title="bbox 346 4547 1761 4648; baseline 0.007 -30"><span class='ocrx_word' id='word_1_266' title='bbox 346 4547 490 4622; x_wconf 86' lang='lat' dir='ltr'><strong>tornum</strong></span> <span class='ocrx_word' id='word_1_267' title='bbox 505 4550 658 4626; x_wconf 86' lang='lat' dir='ltr'><strong>habitam</strong></span> <span class='ocrx_word' id='word_1_268' title='bbox 675 4552 764 4626; x_wconf 90' lang='lat' dir='ltr'><strong>inter</strong></span> <span class='ocrx_word' id='word_1_269' title='bbox 776 4551 964 4628; x_wconf 86' lang='lat' dir='ltr'><strong>Ecclesiam</strong></span> <span class='ocrx_word' id='word_1_270' title='bbox 978 4561 1013 4624; x_wconf 88' lang='lat' dir='ltr'><strong>ct</strong></span> <span class='ocrx_word' id='word_1_271' title='bbox 1027 4552 1280 4648; x_wconf 86' lang='lat' dir='ltr'><strong>imperatorem.</strong></span> <span class='ocrx_word' id='word_1_272' title='bbox 1295 4551 1395 4626; x_wconf 88' lang='lat' dir='ltr'><strong>Unde</strong></span> <span class='ocrx_word' id='word_1_273' title='bbox 1406 4552 1451 4628; x_wconf 84' lang='lat' dir='ltr'><strong>ed</strong></span> <span class='ocrx_word' id='word_1_274' title='bbox 1466 4554 1617 4626; x_wconf 79' lang='lat' dir='ltr'><strong>futuram</strong></span> <span class='ocrx_word' id='word_1_275' title='bbox 1630 4573 1761 4628; x_wconf 90' lang='lat' dir='ltr'><strong>memo·</strong></span> 
     </span>
     <span class='ocr_line' id='line_1_30' title="bbox 348 4671 1334 4770; baseline 0.006 -30"><span class='ocrx_word' id='word_1_276' title='bbox 348 4671 432 4744; x_wconf 86' lang='lat' dir='ltr'><strong>riam</strong></span> <span class='ocrx_word' id='word_1_277' title='bbox 447 4671 511 4746; x_wconf 87' lang='lat' dir='ltr'><strong>bas</strong></span> <span class='ocrx_word' id='word_1_278' title='bbox 524 4673 653 4748; x_wconf 87' lang='lat' dir='ltr'><strong>litteras</strong></span> <span class='ocrx_word' id='word_1_279' title='bbox 665 4673 738 4748; x_wconf 90' lang='lat' dir='ltr'><strong>iieri</strong></span> <span class='ocrx_word' id='word_1_280' title='bbox 757 4675 903 4750; x_wconf 88' lang='lat' dir='ltr'><strong>iecimus</strong></span> <span class='ocrx_word' id='word_1_281' title='bbox 916 4683 1033 4750; x_wconf 82' lang='lat' dir='ltr'><strong>nostru</strong></span> <span class='ocrx_word' id='word_1_282' title='bbox 1043 4675 1158 4770; x_wconf 79' lang='lat' dir='ltr'><strong>sigilio</strong></span> <span class='ocrx_word' id='word_1_283' title='bbox 1172 4674 1334 4750; x_wconf 87' lang='lat' dir='ltr'><strong>munitos.</strong></span> 
     </span>
    </p>
   </div>
   <div class='ocr_carea' id='block_1_8' title="bbox 0 0 2326 6100">
    <p class='ocr_par' dir='ltr' id='par_1_9' title="bbox 0 0 2326 6100">
     <span class='ocr_line' id='line_1_31' title="bbox 0 0 2326 6100; baseline 0 0"><span class='ocrx_word' id='word_1_284' title='bbox 0 0 2326 6100; x_wconf 95' lang='lat' dir='ltr'><strong> </strong></span> 
     </span>
    </p>
   </div>
  </div>
 </body>
</html>
