4658 6132
388 655 486 716 llantur.
502 650 545 734 2]
835 649 1033 718 HISTORIA
1058 651 1352 724 nletollllllctl.
1744 653 1814 718 121·

389 787 486 859 curia
510 792 646 871 nostra,
662 781 826 856 videlicet
844 782 890 857 de
912 784 1025 858 casale
1041 786 1187 860 Mebelie
1208 789 1305 883 quod
1327 787 1422 862 idem
1442 787 1605 882 magister
1623 797 1659 861 ct
1679 789 1802 862 eadem

390 909 515 984 domus
533 931 598 982 sna
618 905 790 982 dederunt
809 907 846 979 in
865 909 1088 981 excambium
1110 911 1242 1004 prelato
1264 911 1392 985 Iacobo
1411 932 1474 1007 pro
1498 911 1610 984 casale
1628 911 1749 985 Trelile
1769 921 1804 986 et

390 1043 502 1108 castro
520 1052 613 1108 nouo
631 1029 728 1127 quod
746 1031 874 1104 dicitur
885 1031 1046 1104 blontlort
1063 1033 1161 1127 quod
1180 1034 1306 1109 domus
1319 1035 1396 1132 ipsa
1410 1034 1579 1127 mmuvit,
1596 1045 1632 1108 et
1644 1035 1800 1129 jardino,

318 1133 324 1140 ’
389 1166 424 1230 et
435 1155 635 1230 molendino
645 1176 717 1250 que
729 1163 811 1227 sunt
823 1154 868 1228 de
881 1155 1102 1250 pertinenciis
1113 1156 1234 1231 Trellle
1246 1181 1316 1254 qua
1331 1157 1424 1232 dicto
1436 1158 1564 1232 lacobo
1577 1160 1803 1234 cesseruntin

389 1289 521 1374 partem
540 1277 586 1351 dc
605 1277 776 1354 divisione
791 1277 961 1350 bonorum
981 1279 1070 1351 lacta
1092 1279 1160 1352 sibi
1180 1303 1201 1354 a
1219 1283 1349 1378 prelato
1370 1281 1534 1376 magislm
1555 1291 1591 1356 et
1606 1303 1804 1380 prememo·
1866 1285 1870 1294 '
1933 1289 1935 1294 '

389 1411 464 1477 rata
488 1403 592 1477 domo
613 1423 697 1492 sua,
719 1423 789 1498 que
813 1401 881 1475 sibi
899 1424 946 1476 ex
971 1404 1188 1478 successione
1206 1405 1384 1500 quondam
1408 1405 1528 1480 matris
1547 1427 1611 1480 sue
1632 1405 1703 1480 lilia
1721 1407 1803 1480 olim

391 1526 525 1600 comitis
548 1525 709 1599 Jozoelini
737 1527 985 1600 rationabiliter
1003 1527 1240 1623 pertinebant,
1278 1529 1326 1602 ita
1351 1529 1450 1624 qnod
1469 1529 1584 1603 dictus
1602 1531 1750 1604 lacobus
1769 1541 1805 1606 et

391 1651 536 1724 heredes
555 1651 611 1724 sui
631 1649 827 1747 predictum
841 1651 955 1725 casale
968 1652 1116 1726 Mebelie
1128 1675 1210 1726 cum
1224 1653 1387 1726 omnibus
1400 1653 1620 1753 pertinenciis
1633 1654 1708 1726 suis
1724 1675 1803 1750 per·

390 1785 496 1872 petuo
515 1775 717 1850 habeantet
735 1785 874 1850 teneant
895 1786 931 1850 et
949 1775 1124 1852 antedicta
1148 1777 1273 1852 domus
1291 1778 1577 1851 'lbeotonicorum
1598 1777 1803 1870 jamdictum

391 1901 504 1974 casale
520 1898 643 1973 Trefile
659 1922 739 1972 cum
757 1899 919 1972 omnibns
931 1900 1153 1996 pertinenciis
1168 1901 1242 1974 suis
1262 1909 1297 1974 et
1311 1909 1461 1974 castrum
1483 1922 1613 1973 novum
1629 1901 1726 1996 quod
1750 1901 1804 1975 di·

391 2023 481 2096 citur
493 2023 657 2097 Moutlort
667 2022 764 2118 quod
775 2023 901 2098 domus
910 2023 994 2120 ipsa
1003 2023 1154 2100 firmavit
1168 2045 1251 2098 cum
1263 2025 1425 2098 omnibns
1441 2025 1663 2120 pertinenciis
1680 2025 1754 2098 suis
1769 2035 1805 2100 et

391 2168 472 2220 cum
481 2146 620 2239 jardinc
633 2156 668 2219 et
681 2147 880 2220 molendino
892 2167 963 2241 que
974 2146 1114 2224 suntde
1126 2147 1348 2244 pertinenciis
1359 2147 1517 2242 ejusdem
1528 2147 1652 2222 casalis
1662 2148 1801 2242 Trelile,

391 2277 508 2342 tenere
528 2266 678 2341 debeant
699 2275 735 2340 at
751 2267 788 2338 in
812 2277 1018 2364 perpetuum
1047 2267 1194 2362 habere,
1222 2269 1525 2344 commutationem
1546 2269 1657 2364 ipsam
1675 2269 1805 2344 habere

391 2400 500 2466 ratam
517 2399 553 2464 et
570 2412 648 2464 eam
667 2390 851 2486 privilegio
876 2400 992 2466 nostro
1008 2391 1199 2466 concedere
1217 2401 1252 2466 et
1273 2390 1475 2466 confirmare
1494 2391 1540 2465 da
1558 2400 1674 2464 nostro
1694 2393 1803 2485 gratio

393 2515 628 2611 dignaremur.
639 2515 709 2588 Nos
720 2523 836 2589 antem
849 2514 1082 2610 predictomm
1093 2515 1249 2610 magistri
1263 2524 1299 2590 el
1310 2515 1429 2589 iacobi
1441 2513 1597 2590 fidelium
1609 2523 1804 2588 nostrorum

392 2638 528 2714 devotis
549 2637 860 2735 supplicationibus
878 2637 1065 2732 benignius
1089 2637 1264 2721 inclinati,
1292 2636 1485 2733 predictam
1504 2637 1805 2710 commutationem

391 2764 560 2858 quelacta
570 2761 827 2836 estintereosin
841 2761 938 2836 curia
953 2771 1069 2836 nostra
1082 2761 1174 2834 sicut
1185 2761 1422 2857 supradictum
1433 2771 1486 2834 est
1498 2771 1607 2834 ratam
1621 2760 1802 2851 babemus,

393 2895 428 2960 al
439 2907 516 2960 eam
532 2885 578 2959 de
589 2885 729 2981 speciali
745 2884 856 2980 gratia
872 2893 988 2960 nostra
1008 2885 1232 2960 concedimus
1245 2893 1281 2958 et
1292 2893 1460 2981 perpetuo
1474 2883 1730 2958 confirmamus.
1746 2883 1805 2958 Ad

393 3011 494 3103 cujus
512 3008 782 3101 ratihabitionis,
804 3007 1035 3083 concessionis
1059 3017 1094 3082 et
1119 3005 1390 3081 confirmationis
1412 3014 1531 3080 nostre
1548 3007 1750 3081 memoriam
1770 3014 1806 3080 et

392 3133 498 3208 robur
508 3143 676 3230 perpetuo
687 3132 890 3224 valiturum,
907 3153 1056 3229 presens
1064 3131 1287 3228 privilegium
1302 3129 1378 3206 lieri
1393 3127 1537 3206 sabula
1551 3151 1658 3204 aurea
1670 3130 1805 3228 typario

393 3265 508 3330 nostre
524 3255 712 3350 majestatis
722 3255 890 3352 impressa
901 3254 1072 3348 jussimus
1084 3253 1303 3328 communiri.

442 3380 680 3473 llujusuutem
693 3380 745 3454 rei
760 3387 863 3454 testes
875 3387 958 3452 sunt
970 3377 1144 3474 Balyanus
1157 3376 1319 3450 dominus
1339 3375 1507 3472 sydonis,
1527 3374 1630 3450 Oddo
1642 3375 1688 3450 de
1708 3375 1806 3450 lllon·

394 3501 602 3596 tebeliardo,
634 3503 891 3576 comestabulus
919 3501 1019 3596 regni
1043 3497 1322 3590 lerosolimitani,
1355 3497 1528 3572 lohannes
1562 3497 1608 3572 de
1635 3497 1804 3591 Ybelino,

395 3625 604 3704 Guuruerius
615 3625 848 3718 Alamannus,
867 3626 980 3723 Aymo
993 3645 1100 3721 nepos
1117 3622 1275 3719 ejusdem
1295 3622 1496 3714 Gnarnerii,
1518 3621 1689 3718 Aymarus
1700 3643 1808 3719 nepos

395 3751 508 3824 lratris
518 3749 675 3848 Aymuri,
691 3751 737 3826 de
750 3749 1033 3845 domohospitali
1048 3746 1157 3826 sancti
1170 3745 1350 3832 lobannis,
1365 3753 1400 3818 et
1416 3745 1476 3819 alii
1492 3745 1743 3860 quamplures.

442 3872 528 3948 Acta
559 3883 642 3947 sunt
668 3873 733 3948 bec
763 3893 855 3948 anno
889 3871 1073 3956 dominice¹
1093 3868 1336 3943 incarnationis
1359 3867 1542 3942 millesimo
1571 3867 1808 3942 ducentesimo

394 3963 560 4071 ricosimo
584 4017 693 4091 nono,
715 3995 996 4093 menseuprilis,
1022 3991 1177 4068 secunde
1203 3991 1421 4084 indictionis,
1448 3991 1639 4086 imperante
1665 3990 1807 4080 domino

394 4130 510 4196 nostro
521 4121 718 4214 Frederico,
733 4122 795 4196 Dei
808 4120 918 4216 gratia
935 4117 1161 4192 invictissimo
1179 4118 1411 4191 Romanorum
1426 4113 1649 4210 imperatore,
1672 4135 1807 4212 semper

393 4253 559 4344 augusto,
574 4247 770 4321 lerosolime
780 4245 940 4320 etSicilie
955 4265 1054 4339 rege,
1069 4263 1161 4316 anno
1175 4240 1309 4322 romani
1330 4238 1466 4336 imperii
1481 4237 1558 4312 aius
1574 4259 1683 4330 nono,
1704 4240 1804 4333 regni

395 4369 653 4444 lerosolimitani
667 4379 809 4465 quarto,
829 4369 928 4464 regni
942 4388 1026 4442 vero
1042 4365 1158 4440 Sicilie
1178 4365 1349 4440 tricesimo
1367 4363 1480 4460 prim0
1497 4361 1653 4438 feliciter.
1674 4363 1799 4438 Amen.

442 4493 569 4567 Datum
581 4493 677 4590 apud
687 4493 817 4586 Acoon,
834 4513 939 4580 anne,
955 4511 1076 4565 mense
1087 4498 1124 4564 et
1136 4487 1325 4564 indictione
1336 4486 1546 4586 prescriptis.

496 4851 551 4912 111.
