<?xml version="1.0" encoding="UTF-8"?>
<!DOCTYPE html PUBLIC "-//W3C//DTD XHTML 1.0 Transitional//EN"
    "http://www.w3.org/TR/xhtml1/DTD/xhtml1-transitional.dtd">
<html xmlns="http://www.w3.org/1999/xhtml" xml:lang="en" lang="en">
 <head>
  <title>
</title>
<meta http-equiv="Content-Type" content="text/html;charset=utf-8" />
  <meta name='ocr-system' content='tesseract 3.04.00' />
  <meta name='ocr-capabilities' content='ocr_page ocr_carea ocr_par ocr_line ocrx_word'/>
</head>
<body>
  <div class='ocr_page' id='page_1' title='image "./historiadiploma03fredgoog/historiadiploma03fredgoog_0461.png"; bbox 0 0 4702 6110; ppageno 0'>
   <div class='ocr_carea' id='block_1_1' title="bbox 556 549 1974 4501">
    <p class='ocr_par' dir='ltr' id='par_1_1' title="bbox 557 549 1974 3378">
     <span class='ocr_line' id='line_1_1' title="bbox 557 549 1969 628; baseline -0.005 -11"><span class='ocrx_word' id='word_1_1' title='bbox 557 554 620 618; x_wconf 69' lang='lat' dir='ltr'><strong>tet</strong></span> <span class='ocrx_word' id='word_1_2' title='bbox 1086 551 1255 612; x_wconf 82' lang='lat' dir='ltr'><strong>llllllllllCl</strong></span> <span class='ocrx_word' id='word_1_3' title='bbox 1282 551 1449 612; x_wconf 77' lang='lat' dir='ltr'><strong>surtran</strong></span> <span class='ocrx_word' id='word_1_4' title='bbox 1785 549 1864 628; x_wconf 79' lang='lat' dir='ltr'><strong>[Ass.</strong></span> <span class='ocrx_word' id='word_1_5' title='bbox 1884 549 1969 610; x_wconf 72' lang='lat' dir='ltr'><strong>isal.</strong></span> 
     </span>
     <span class='ocr_line' id='line_1_2' title="bbox 560 677 1971 776; baseline -0.003 -20"><span class='ocrx_word' id='word_1_6' title='bbox 560 680 724 756; x_wconf 89' lang='lat' dir='ltr'><strong>instantia</strong></span> <span class='ocrx_word' id='word_1_7' title='bbox 735 679 861 774; x_wconf 84' lang='lat' dir='ltr'><strong>judicii</strong></span> <span class='ocrx_word' id='word_1_8' title='bbox 876 701 957 752; x_wconf 88' lang='lat' dir='ltr'><strong>reus</strong></span> <span class='ocrx_word' id='word_1_9' title='bbox 969 701 1190 775; x_wconf 78' lang='lat' dir='ltr'><strong>nequaquam</strong></span> <span class='ocrx_word' id='word_1_10' title='bbox 1209 680 1322 776; x_wconf 91' lang='lat' dir='ltr'><strong>potuit</strong></span> <span class='ocrx_word' id='word_1_11' title='bbox 1336 677 1472 752; x_wconf 89' lang='lat' dir='ltr'><strong>absolvi</strong></span> <span class='ocrx_word' id='word_1_12' title='bbox 1489 677 1556 750; x_wconf 91' lang='lat' dir='ltr'><strong>nisi</strong></span> <span class='ocrx_word' id='word_1_13' title='bbox 1569 677 1616 752; x_wconf 91' lang='lat' dir='ltr'><strong>ad</strong></span> <span class='ocrx_word' id='word_1_14' title='bbox 1632 677 1749 750; x_wconf 86' lang='lat' dir='ltr'><strong>minus</strong></span> <span class='ocrx_word' id='word_1_15' title='bbox 1761 699 1823 773; x_wconf 84' lang='lat' dir='ltr'><strong>per</strong></span> <span class='ocrx_word' id='word_1_16' title='bbox 1839 687 1971 774; x_wconf 88' lang='lat' dir='ltr'><strong>septem</strong></span> 
     </span>
     <span class='ocr_line' id='line_1_3' title="bbox 560 801 1972 901; baseline -0.003 -21"><span class='ocrx_word' id='word_1_17' title='bbox 560 805 752 880; x_wconf 89' lang='lat' dir='ltr'><strong>testimonia</strong></span> <span class='ocrx_word' id='word_1_18' title='bbox 776 825 1021 901; x_wconf 72' lang='lat' dir='ltr'><strong>personarum</strong></span> <span class='ocrx_word' id='word_1_19' title='bbox 1041 826 1131 899; x_wconf 91' lang='lat' dir='ltr'><strong>quas</strong></span> <span class='ocrx_word' id='word_1_20' title='bbox 1146 805 1176 878; x_wconf 88' lang='lat' dir='ltr'><strong>si</strong></span> <span class='ocrx_word' id='word_1_21' title='bbox 1201 827 1282 878; x_wconf 89' lang='lat' dir='ltr'><strong>reus</strong></span> <span class='ocrx_word' id='word_1_22' title='bbox 1303 803 1350 878; x_wconf 88' lang='lat' dir='ltr'><strong>ad</strong></span> <span class='ocrx_word' id='word_1_23' title='bbox 1362 801 1647 898; x_wconf 78' lang='lat' dir='ltr'><strong>expurgationem</strong></span> <span class='ocrx_word' id='word_1_24' title='bbox 1666 801 1878 895; x_wconf 86' lang='lat' dir='ltr'><strong>objectorum</strong></span> <span class='ocrx_word' id='word_1_25' title='bbox 1901 824 1972 876; x_wconf 92' lang='lat' dir='ltr'><strong>nou</strong></span> 
     </span>
     <span class='ocr_line' id='line_1_4' title="bbox 559 925 1972 1026; baseline -0.002 -23"><span class='ocrx_word' id='word_1_26' title='bbox 559 939 693 1026; x_wconf 88' lang='lat' dir='ltr'><strong>poterat</strong></span> <span class='ocrx_word' id='word_1_27' title='bbox 715 929 919 1026; x_wconf 91' lang='lat' dir='ltr'><strong>producere,</strong></span> <span class='ocrx_word' id='word_1_28' title='bbox 945 930 1111 1002; x_wconf 78' lang='lat' dir='ltr'><strong>scultetus</strong></span> <span class='ocrx_word' id='word_1_29' title='bbox 1137 929 1250 1026; x_wconf 91' lang='lat' dir='ltr'><strong>ipsum</strong></span> <span class='ocrx_word' id='word_1_30' title='bbox 1273 951 1372 1001; x_wconf 92' lang='lat' dir='ltr'><strong>reum</strong></span> <span class='ocrx_word' id='word_1_31' title='bbox 1396 927 1503 1001; x_wconf 89' lang='lat' dir='ltr'><strong>actori</strong></span> <span class='ocrx_word' id='word_1_32' title='bbox 1520 927 1567 1000; x_wconf 91' lang='lat' dir='ltr'><strong>ad</strong></span> <span class='ocrx_word' id='word_1_33' title='bbox 1587 927 1794 1000; x_wconf 86' lang='lat' dir='ltr'><strong>solvendum</strong></span> <span class='ocrx_word' id='word_1_34' title='bbox 1820 925 1972 1000; x_wconf 88' lang='lat' dir='ltr'><strong>deducta</strong></span> 
     </span>
     <span class='ocr_line' id='line_1_5' title="bbox 560 1048 1972 1150; baseline -0.006 -22"><span class='ocrx_word' id='word_1_35' title='bbox 560 1052 739 1150; x_wconf 78' lang='lat' dir='ltr'><strong>(debitat)</strong></span> <span class='ocrx_word' id='word_1_36' title='bbox 756 1053 792 1125; x_wconf 92' lang='lat' dir='ltr'><strong>in</strong></span> <span class='ocrx_word' id='word_1_37' title='bbox 804 1053 976 1147; x_wconf 87' lang='lat' dir='ltr'><strong>judicium</strong></span> <span class='ocrx_word' id='word_1_38' title='bbox 991 1053 1261 1148; x_wconf 79' lang='lat' dir='ltr'><strong>condempnavit</strong></span> <span class='ocrx_word' id='word_1_39' title='bbox 1273 1062 1308 1124; x_wconf 91' lang='lat' dir='ltr'><strong>et</strong></span> <span class='ocrx_word' id='word_1_40' title='bbox 1319 1052 1461 1148; x_wconf 87' lang='lat' dir='ltr'><strong>iusuper</strong></span> <span class='ocrx_word' id='word_1_41' title='bbox 1470 1052 1583 1144; x_wconf 83' lang='lat' dir='ltr'><strong>judex</strong></span> <span class='ocrx_word' id='word_1_42' title='bbox 1594 1052 1669 1146; x_wconf 87' lang='lat' dir='ltr'><strong>ipso</strong></span> <span class='ocrx_word' id='word_1_43' title='bbox 1685 1071 1748 1146; x_wconf 92' lang='lat' dir='ltr'><strong>pro</strong></span> <span class='ocrx_word' id='word_1_44' title='bbox 1762 1048 1972 1122; x_wconf 83' lang='lat' dir='ltr'><strong>contumatia</strong></span> 
     </span>
     <span class='ocr_line' id='line_1_6' title="bbox 559 1173 1972 1273; baseline -0.004 -23"><span class='ocrx_word' id='word_1_45' title='bbox 559 1177 636 1250; x_wconf 90' lang='lat' dir='ltr'><strong>sive</strong></span> <span class='ocrx_word' id='word_1_46' title='bbox 652 1177 898 1273; x_wconf 88' lang='lat' dir='ltr'><strong>violentiaque</strong></span> <span class='ocrx_word' id='word_1_47' title='bbox 912 1178 1082 1250; x_wconf 87' lang='lat' dir='ltr'><strong>Vorevelc</strong></span> <span class='ocrx_word' id='word_1_48' title='bbox 1100 1177 1240 1268; x_wconf 88' lang='lat' dir='ltr'><strong>dicitnr,</strong></span> <span class='ocrx_word' id='word_1_49' title='bbox 1258 1177 1337 1248; x_wconf 91' lang='lat' dir='ltr'><strong>licet</strong></span> <span class='ocrx_word' id='word_1_50' title='bbox 1356 1175 1450 1248; x_wconf 92' lang='lat' dir='ltr'><strong>nulla</strong></span> <span class='ocrx_word' id='word_1_51' title='bbox 1468 1183 1576 1268; x_wconf 89' lang='lat' dir='ltr'><strong>esset,</strong></span> <span class='ocrx_word' id='word_1_52' title='bbox 1594 1195 1653 1248; x_wconf 90' lang='lat' dir='ltr'><strong>reo</strong></span> <span class='ocrx_word' id='word_1_53' title='bbox 1666 1195 1730 1269; x_wconf 91' lang='lat' dir='ltr'><strong>pro</strong></span> <span class='ocrx_word' id='word_1_54' title='bbox 1743 1173 1843 1245; x_wconf 93' lang='lat' dir='ltr'><strong>libitu</strong></span> <span class='ocrx_word' id='word_1_55' title='bbox 1858 1194 1972 1268; x_wconf 91' lang='lat' dir='ltr'><strong>pecu-</strong></span> 
     </span>
     <span class='ocr_line' id='line_1_7' title="bbox 560 1297 1974 1398; baseline -0.003 -26"><span class='ocrx_word' id='word_1_56' title='bbox 560 1301 704 1374; x_wconf 90' lang='lat' dir='ltr'><strong>niariam</strong></span> <span class='ocrx_word' id='word_1_57' title='bbox 719 1323 845 1398; x_wconf 89' lang='lat' dir='ltr'><strong>penam</strong></span> <span class='ocrx_word' id='word_1_58' title='bbox 860 1301 1000 1372; x_wconf 86' lang='lat' dir='ltr'><strong>inllixit.</strong></span> <span class='ocrx_word' id='word_1_59' title='bbox 1019 1301 1106 1373; x_wconf 89' lang='lat' dir='ltr'><strong>Cum</strong></span> <span class='ocrx_word' id='word_1_60' title='bbox 1124 1301 1171 1374; x_wconf 90' lang='lat' dir='ltr'><strong>ad</strong></span> <span class='ocrx_word' id='word_1_61' title='bbox 1187 1301 1393 1375; x_wconf 83' lang='lat' dir='ltr'><strong>abolendam</strong></span> <span class='ocrx_word' id='word_1_62' title='bbox 1406 1301 1511 1395; x_wconf 79' lang='lat' dir='ltr'><strong>igitur</strong></span> <span class='ocrx_word' id='word_1_63' title='bbox 1525 1301 1631 1393; x_wconf 90' lang='lat' dir='ltr'><strong>hujus</strong></span> <span class='ocrx_word' id='word_1_64' title='bbox 1648 1297 1769 1394; x_wconf 89' lang='lat' dir='ltr'><strong>inique</strong></span> <span class='ocrx_word' id='word_1_65' title='bbox 1782 1304 1974 1370; x_wconf 89' lang='lat' dir='ltr'><strong>consuetu-</strong></span> 
     </span>
     <span class='ocr_line' id='line_1_8' title="bbox 559 1419 1972 1522; baseline -0.007 -22"><span class='ocrx_word' id='word_1_66' title='bbox 559 1425 652 1500; x_wconf 92' lang='lat' dir='ltr'><strong>dinis</strong></span> <span class='ocrx_word' id='word_1_67' title='bbox 677 1427 923 1522; x_wconf 88' lang='lat' dir='ltr'><strong>corruptelam,</strong></span> <span class='ocrx_word' id='word_1_68' title='bbox 951 1425 1099 1499; x_wconf 91' lang='lat' dir='ltr'><strong>dilectus</strong></span> <span class='ocrx_word' id='word_1_69' title='bbox 1119 1425 1279 1520; x_wconf 87' lang='lat' dir='ltr'><strong>princeps</strong></span> <span class='ocrx_word' id='word_1_70' title='bbox 1305 1433 1420 1497; x_wconf 86' lang='lat' dir='ltr'><strong>noster</strong></span> <span class='ocrx_word' id='word_1_71' title='bbox 1445 1425 1639 1518; x_wconf 78' lang='lat' dir='ltr'><strong>Herngerus</strong></span> <span class='ocrx_word' id='word_1_72' title='bbox 1660 1421 1868 1496; x_wconf 89' lang='lat' dir='ltr'><strong>venerabilis</strong></span> <span class='ocrx_word' id='word_1_73' title='bbox 1888 1419 1972 1514; x_wconf 90' lang='lat' dir='ltr'><strong>Spi-</strong></span> 
     </span>
     <span class='ocr_line' id='line_1_9' title="bbox 559 1546 1970 1646; baseline -0.002 -24"><span class='ocrx_word' id='word_1_74' title='bbox 559 1551 670 1625; x_wconf 89' lang='lat' dir='ltr'><strong>rensis</strong></span> <span class='ocrx_word' id='word_1_75' title='bbox 696 1551 880 1646; x_wconf 89' lang='lat' dir='ltr'><strong>episcopus</strong></span> <span class='ocrx_word' id='word_1_76' title='bbox 903 1549 949 1623; x_wconf 90' lang='lat' dir='ltr'><strong>ad</strong></span> <span class='ocrx_word' id='word_1_77' title='bbox 972 1571 1092 1644; x_wconf 89' lang='lat' dir='ltr'><strong>preces</strong></span> <span class='ocrx_word' id='word_1_78' title='bbox 1114 1549 1245 1622; x_wconf 92' lang='lat' dir='ltr'><strong>civium</strong></span> <span class='ocrx_word' id='word_1_79' title='bbox 1268 1557 1461 1622; x_wconf 87' lang='lat' dir='ltr'><strong>nostrorum</strong></span> <span class='ocrx_word' id='word_1_80' title='bbox 1485 1547 1697 1643; x_wconf 78' lang='lat' dir='ltr'><strong>spirensium</strong></span> <span class='ocrx_word' id='word_1_81' title='bbox 1718 1546 1970 1620; x_wconf 90' lang='lat' dir='ltr'><strong>communicato</strong></span> 
     </span>
     <span class='ocr_line' id='line_1_10' title="bbox 562 1671 1972 1770; baseline -0.002 -22"><span class='ocrx_word' id='word_1_82' title='bbox 562 1673 702 1770; x_wconf 91' lang='lat' dir='ltr'><strong>capituli</strong></span> <span class='ocrx_word' id='word_1_83' title='bbox 717 1675 772 1746; x_wconf 87' lang='lat' dir='ltr'><strong>sui</strong></span> <span class='ocrx_word' id='word_1_84' title='bbox 789 1675 931 1748; x_wconf 90' lang='lat' dir='ltr'><strong>consilio</strong></span> <span class='ocrx_word' id='word_1_85' title='bbox 947 1673 1093 1770; x_wconf 92' lang='lat' dir='ltr'><strong>provide</strong></span> <span class='ocrx_word' id='word_1_86' title='bbox 1111 1673 1265 1746; x_wconf 87' lang='lat' dir='ltr'><strong>statuerit</strong></span> <span class='ocrx_word' id='word_1_87' title='bbox 1283 1681 1321 1745; x_wconf 92' lang='lat' dir='ltr'><strong>ut</strong></span> <span class='ocrx_word' id='word_1_88' title='bbox 1334 1673 1455 1768; x_wconf 90' lang='lat' dir='ltr'><strong>siquis</strong></span> <span class='ocrx_word' id='word_1_89' title='bbox 1473 1673 1639 1745; x_wconf 90' lang='lat' dir='ltr'><strong>laicorum</strong></span> <span class='ocrx_word' id='word_1_90' title='bbox 1658 1671 1809 1766; x_wconf 88' lang='lat' dir='ltr'><strong>aliquem</strong></span> <span class='ocrx_word' id='word_1_91' title='bbox 1825 1671 1861 1743; x_wconf 93' lang='lat' dir='ltr'><strong>in</strong></span> <span class='ocrx_word' id='word_1_92' title='bbox 1878 1671 1972 1745; x_wconf 91' lang='lat' dir='ltr'><strong>civi-</strong></span> 
     </span>
     <span class='ocr_line' id='line_1_11' title="bbox 561 1795 1969 1894; baseline -0.003 -22"><span class='ocrx_word' id='word_1_93' title='bbox 561 1807 630 1872; x_wconf 87' lang='lat' dir='ltr'><strong>tate</strong></span> <span class='ocrx_word' id='word_1_94' title='bbox 653 1807 770 1872; x_wconf 88' lang='lat' dir='ltr'><strong>nostra</strong></span> <span class='ocrx_word' id='word_1_95' title='bbox 793 1797 945 1894; x_wconf 88' lang='lat' dir='ltr'><strong>Spirensi</strong></span> <span class='ocrx_word' id='word_1_96' title='bbox 969 1800 1072 1892; x_wconf 85' lang='lat' dir='ltr'><strong>juxta</strong></span> <span class='ocrx_word' id='word_1_97' title='bbox 1098 1819 1216 1870; x_wconf 91' lang='lat' dir='ltr'><strong>casum</strong></span> <span class='ocrx_word' id='word_1_98' title='bbox 1241 1797 1468 1893; x_wconf 91' lang='lat' dir='ltr'><strong>prescriptum</strong></span> <span class='ocrx_word' id='word_1_99' title='bbox 1500 1818 1614 1869; x_wconf 89' lang='lat' dir='ltr'><strong>coram</strong></span> <span class='ocrx_word' id='word_1_100' title='bbox 1641 1797 1785 1868; x_wconf 88' lang='lat' dir='ltr'><strong>sculteto</strong></span> <span class='ocrx_word' id='word_1_101' title='bbox 1818 1795 1969 1892; x_wconf 90' lang='lat' dir='ltr'><strong>Spirensi</strong></span> 
     </span>
     <span class='ocr_line' id='line_1_12' title="bbox 561 1921 1970 2019; baseline -0.004 -21"><span class='ocrx_word' id='word_1_102' title='bbox 561 1922 725 2019; x_wconf 84' lang='lat' dir='ltr'><strong>deinceps</strong></span> <span class='ocrx_word' id='word_1_103' title='bbox 740 1923 883 1996; x_wconf 84' lang='lat' dir='ltr'><strong>traxerit</strong></span> <span class='ocrx_word' id='word_1_104' title='bbox 905 1923 942 1994; x_wconf 95' lang='lat' dir='ltr'><strong>in</strong></span> <span class='ocrx_word' id='word_1_105' title='bbox 960 1943 1119 2012; x_wconf 90' lang='lat' dir='ltr'><strong>causam,</strong></span> <span class='ocrx_word' id='word_1_106' title='bbox 1136 1922 1242 1994; x_wconf 92' lang='lat' dir='ltr'><strong>actori</strong></span> <span class='ocrx_word' id='word_1_107' title='bbox 1260 1943 1297 1994; x_wconf 90' lang='lat' dir='ltr'><strong>sc</strong></span> <span class='ocrx_word' id='word_1_108' title='bbox 1317 1923 1423 1994; x_wconf 89' lang='lat' dir='ltr'><strong>tercio</strong></span> <span class='ocrx_word' id='word_1_109' title='bbox 1446 1921 1491 1994; x_wconf 93' lang='lat' dir='ltr'><strong>ad</strong></span> <span class='ocrx_word' id='word_1_110' title='bbox 1515 1921 1632 1992; x_wconf 88' lang='lat' dir='ltr'><strong>miuus</strong></span> <span class='ocrx_word' id='word_1_111' title='bbox 1652 1921 1852 2016; x_wconf 89' lang='lat' dir='ltr'><strong>interposito</strong></span> <span class='ocrx_word' id='word_1_112' title='bbox 1867 1921 1970 2012; x_wconf 86' lang='lat' dir='ltr'><strong>jura-</strong></span> 
     </span>
     <span class='ocr_line' id='line_1_13' title="bbox 560 2045 1970 2141; baseline -0.003 -21"><span class='ocrx_word' id='word_1_113' title='bbox 560 2047 685 2120; x_wconf 88' lang='lat' dir='ltr'><strong>mentis</strong></span> <span class='ocrx_word' id='word_1_114' title='bbox 694 2047 872 2120; x_wconf 90' lang='lat' dir='ltr'><strong>incumbet</strong></span> <span class='ocrx_word' id='word_1_115' title='bbox 884 2068 974 2118; x_wconf 92' lang='lat' dir='ltr'><strong>onus</strong></span> <span class='ocrx_word' id='word_1_116' title='bbox 983 2045 1153 2141; x_wconf 90' lang='lat' dir='ltr'><strong>probandi</strong></span> <span class='ocrx_word' id='word_1_117' title='bbox 1167 2047 1412 2120; x_wconf 90' lang='lat' dir='ltr'><strong>contumatiam</strong></span> <span class='ocrx_word' id='word_1_118' title='bbox 1424 2045 1499 2118; x_wconf 88' lang='lat' dir='ltr'><strong>sive</strong></span> <span class='ocrx_word' id='word_1_119' title='bbox 1513 2045 1711 2119; x_wconf 92' lang='lat' dir='ltr'><strong>violentiam</strong></span> <span class='ocrx_word' id='word_1_120' title='bbox 1723 2045 1970 2140; x_wconf 88' lang='lat' dir='ltr'><strong>qronrevele</strong></span> 
     </span>
     <span class='ocr_line' id='line_1_14' title="bbox 564 2168 1971 2264; baseline -0.001 -20"><span class='ocrx_word' id='word_1_121' title='bbox 564 2169 691 2244; x_wconf 91' lang='lat' dir='ltr'><strong>dicitur</strong></span> <span class='ocrx_word' id='word_1_122' title='bbox 709 2193 815 2264; x_wconf 91' lang='lat' dir='ltr'><strong>quam</strong></span> <span class='ocrx_word' id='word_1_123' title='bbox 831 2191 928 2242; x_wconf 88' lang='lat' dir='ltr'><strong>reum</strong></span> <span class='ocrx_word' id='word_1_124' title='bbox 950 2169 1034 2244; x_wconf 92' lang='lat' dir='ltr'><strong>dicit</strong></span> <span class='ocrx_word' id='word_1_125' title='bbox 1056 2171 1289 2262; x_wconf 88' lang='lat' dir='ltr'><strong>commisisse;</strong></span> <span class='ocrx_word' id='word_1_126' title='bbox 1308 2169 1462 2264; x_wconf 92' lang='lat' dir='ltr'><strong>alioquin</strong></span> <span class='ocrx_word' id='word_1_127' title='bbox 1481 2191 1560 2242; x_wconf 92' lang='lat' dir='ltr'><strong>reus</strong></span> <span class='ocrx_word' id='word_1_128' title='bbox 1581 2169 1715 2242; x_wconf 86' lang='lat' dir='ltr'><strong>elevata</strong></span> <span class='ocrx_word' id='word_1_129' title='bbox 1739 2168 1784 2242; x_wconf 90' lang='lat' dir='ltr'><strong>ad</strong></span> <span class='ocrx_word' id='word_1_130' title='bbox 1806 2169 1971 2264; x_wconf 78' lang='lat' dir='ltr'><strong>gloriosas</strong></span> 
     </span>
     <span class='ocr_line' id='line_1_15' title="bbox 561 2293 1972 2389; baseline -0.001 -24"><span class='ocrx_word' id='word_1_131' title='bbox 561 2303 757 2366; x_wconf 89' lang='lat' dir='ltr'><strong>sanctorum</strong></span> <span class='ocrx_word' id='word_1_132' title='bbox 769 2294 1014 2389; x_wconf 87' lang='lat' dir='ltr'><strong>reliquiassola</strong></span> <span class='ocrx_word' id='word_1_133' title='bbox 1025 2316 1130 2366; x_wconf 92' lang='lat' dir='ltr'><strong>manu</strong></span> <span class='ocrx_word' id='word_1_134' title='bbox 1145 2294 1369 2366; x_wconf 89' lang='lat' dir='ltr'><strong>intentionem</strong></span> <span class='ocrx_word' id='word_1_135' title='bbox 1384 2293 1508 2366; x_wconf 88' lang='lat' dir='ltr'><strong>actoris</strong></span> <span class='ocrx_word' id='word_1_136' title='bbox 1521 2293 1639 2384; x_wconf 88' lang='lat' dir='ltr'><strong>elidat,</strong></span> <span class='ocrx_word' id='word_1_137' title='bbox 1651 2293 1801 2386; x_wconf 90' lang='lat' dir='ltr'><strong>jurando</strong></span> <span class='ocrx_word' id='word_1_138' title='bbox 1814 2315 1851 2366; x_wconf 86' lang='lat' dir='ltr'><strong>se</strong></span> <span class='ocrx_word' id='word_1_139' title='bbox 1864 2293 1972 2364; x_wconf 91' lang='lat' dir='ltr'><strong>nichil</strong></span> 
     </span>
     <span class='ocr_line' id='line_1_16' title="bbox 560 2414 1972 2512; baseline -0.001 -23"><span class='ocrx_word' id='word_1_140' title='bbox 560 2414 687 2489; x_wconf 90' lang='lat' dir='ltr'><strong>debere</strong></span> <span class='ocrx_word' id='word_1_141' title='bbox 709 2418 765 2488; x_wconf 90' lang='lat' dir='ltr'><strong>vel</strong></span> <span class='ocrx_word' id='word_1_142' title='bbox 784 2418 1031 2491; x_wconf 87' lang='lat' dir='ltr'><strong>contumaciter</strong></span> <span class='ocrx_word' id='word_1_143' title='bbox 1048 2427 1109 2490; x_wconf 90' lang='lat' dir='ltr'><strong>aut</strong></span> <span class='ocrx_word' id='word_1_144' title='bbox 1129 2418 1297 2490; x_wconf 84' lang='lat' dir='ltr'><strong>violenter</strong></span> <span class='ocrx_word' id='word_1_145' title='bbox 1318 2417 1414 2512; x_wconf 92' lang='lat' dir='ltr'><strong>quod</strong></span> <span class='ocrx_word' id='word_1_146' title='bbox 1430 2417 1588 2489; x_wconf 89' lang='lat' dir='ltr'><strong>Wrevele</strong></span> <span class='ocrx_word' id='word_1_147' title='bbox 1610 2414 1737 2488; x_wconf 90' lang='lat' dir='ltr'><strong>dicitnr</strong></span> <span class='ocrx_word' id='word_1_148' title='bbox 1757 2415 1912 2490; x_wconf 90' lang='lat' dir='ltr'><strong>debitum</strong></span> <span class='ocrx_word' id='word_1_149' title='bbox 1933 2438 1972 2489; x_wconf 93' lang='lat' dir='ltr'><strong>se</strong></span> 
     </span>
     <span class='ocr_line' id='line_1_17' title="bbox 559 2539 1970 2636; baseline -0.001 -25"><span class='ocrx_word' id='word_1_150' title='bbox 559 2560 630 2613; x_wconf 90' lang='lat' dir='ltr'><strong>nou</strong></span> <span class='ocrx_word' id='word_1_151' title='bbox 649 2547 766 2614; x_wconf 87' lang='lat' dir='ltr'><strong>tenere</strong></span> <span class='ocrx_word' id='word_1_152' title='bbox 782 2542 839 2614; x_wconf 92' lang='lat' dir='ltr'><strong>vel</strong></span> <span class='ocrx_word' id='word_1_153' title='bbox 854 2543 1006 2614; x_wconf 74' lang='lat' dir='ltr'><strong>tenuium</strong></span> <span class='ocrx_word' id='word_1_154' title='bbox 1021 2549 1083 2616; x_wconf 92' lang='lat' dir='ltr'><strong>aut</strong></span> <span class='ocrx_word' id='word_1_155' title='bbox 1103 2541 1302 2616; x_wconf 90' lang='lat' dir='ltr'><strong>violentiam</strong></span> <span class='ocrx_word' id='word_1_156' title='bbox 1319 2541 1488 2636; x_wconf 88' lang='lat' dir='ltr'><strong>objectam</strong></span> <span class='ocrx_word' id='word_1_157' title='bbox 1509 2561 1579 2612; x_wconf 92' lang='lat' dir='ltr'><strong>non</strong></span> <span class='ocrx_word' id='word_1_158' title='bbox 1596 2539 1820 2613; x_wconf 87' lang='lat' dir='ltr'><strong>commisisse.</strong></span> <span class='ocrx_word' id='word_1_159' title='bbox 1841 2541 1970 2612; x_wconf 85' lang='lat' dir='ltr'><strong>Verum</strong></span> 
     </span>
     <span class='ocr_line' id='line_1_18' title="bbox 559 2663 1970 2762; baseline -0.001 -24"><span class='ocrx_word' id='word_1_160' title='bbox 559 2685 639 2738; x_wconf 93' lang='lat' dir='ltr'><strong>cum</strong></span> <span class='ocrx_word' id='word_1_161' title='bbox 657 2664 762 2737; x_wconf 90' lang='lat' dir='ltr'><strong>etiam</strong></span> <span class='ocrx_word' id='word_1_162' title='bbox 787 2665 881 2740; x_wconf 91' lang='lat' dir='ltr'><strong>idem</strong></span> <span class='ocrx_word' id='word_1_163' title='bbox 897 2667 1079 2762; x_wconf 88' lang='lat' dir='ltr'><strong>episcopus</strong></span> <span class='ocrx_word' id='word_1_164' title='bbox 1095 2677 1130 2738; x_wconf 91' lang='lat' dir='ltr'><strong>et</strong></span> <span class='ocrx_word' id='word_1_165' title='bbox 1152 2665 1247 2738; x_wconf 89' lang='lat' dir='ltr'><strong>cives</strong></span> <span class='ocrx_word' id='word_1_166' title='bbox 1270 2666 1376 2738; x_wconf 89' lang='lat' dir='ltr'><strong>nostri</strong></span> <span class='ocrx_word' id='word_1_167' title='bbox 1393 2665 1562 2760; x_wconf 83' lang='lat' dir='ltr'><strong>prenotati</strong></span> <span class='ocrx_word' id='word_1_168' title='bbox 1580 2687 1601 2738; x_wconf 92' lang='lat' dir='ltr'><strong>a</strong></span> <span class='ocrx_word' id='word_1_169' title='bbox 1616 2663 1716 2736; x_wconf 92' lang='lat' dir='ltr'><strong>nobis</strong></span> <span class='ocrx_word' id='word_1_170' title='bbox 1739 2687 1819 2737; x_wconf 94' lang='lat' dir='ltr'><strong>cnm</strong></span> <span class='ocrx_word' id='word_1_171' title='bbox 1843 2685 1970 2758; x_wconf 80' lang='lat' dir='ltr'><strong>magna</strong></span> 
     </span>
     <span class='ocr_line' id='line_1_19' title="bbox 557 2789 1970 2886; baseline 0.002 -25"><span class='ocrx_word' id='word_1_172' title='bbox 557 2810 699 2885; x_wconf 91' lang='lat' dir='ltr'><strong>precum</strong></span> <span class='ocrx_word' id='word_1_173' title='bbox 730 2789 893 2863; x_wconf 87' lang='lat' dir='ltr'><strong>instantia</strong></span> <span class='ocrx_word' id='word_1_174' title='bbox 918 2791 1166 2885; x_wconf 86' lang='lat' dir='ltr'><strong>postulaverint</strong></span> <span class='ocrx_word' id='word_1_175' title='bbox 1192 2799 1230 2862; x_wconf 92' lang='lat' dir='ltr'><strong>ut</strong></span> <span class='ocrx_word' id='word_1_176' title='bbox 1261 2791 1481 2864; x_wconf 89' lang='lat' dir='ltr'><strong>abolitionem</strong></span> <span class='ocrx_word' id='word_1_177' title='bbox 1512 2789 1678 2886; x_wconf 87' lang='lat' dir='ltr'><strong>premisse</strong></span> <span class='ocrx_word' id='word_1_178' title='bbox 1709 2789 1970 2864; x_wconf 87' lang='lat' dir='ltr'><strong>consuetudinis</strong></span> 
     </span>
     <span class='ocr_line' id='line_1_20' title="bbox 559 2911 1970 3010; baseline 0.002 -26"><span class='ocrx_word' id='word_1_179' title='bbox 559 2911 679 3007; x_wconf 87' lang='lat' dir='ltr'><strong>inique</strong></span> <span class='ocrx_word' id='word_1_180' title='bbox 697 2913 900 2987; x_wconf 85' lang='lat' dir='ltr'><strong>auctoritate</strong></span> <span class='ocrx_word' id='word_1_181' title='bbox 920 2914 1017 3008; x_wconf 79' lang='lat' dir='ltr'><strong>regia</strong></span> <span class='ocrx_word' id='word_1_182' title='bbox 1039 2913 1241 2988; x_wconf 85' lang='lat' dir='ltr'><strong>confirmare</strong></span> <span class='ocrx_word' id='word_1_183' title='bbox 1264 2915 1503 3010; x_wconf 77' lang='lat' dir='ltr'><strong>dignaremur,</strong></span> <span class='ocrx_word' id='word_1_184' title='bbox 1525 2936 1589 2987; x_wconf 88' lang='lat' dir='ltr'><strong>nos</strong></span> <span class='ocrx_word' id='word_1_185' title='bbox 1611 2913 1801 2988; x_wconf 87' lang='lat' dir='ltr'><strong>deliberato</strong></span> <span class='ocrx_word' id='word_1_186' title='bbox 1827 2913 1970 2987; x_wconf 89' lang='lat' dir='ltr'><strong>consilio</strong></span> 
     </span>
     <span class='ocr_line' id='line_1_21' title="bbox 560 3035 1970 3134; baseline 0 -26"><span class='ocrx_word' id='word_1_187' title='bbox 560 3035 756 3132; x_wconf 88' lang='lat' dir='ltr'><strong>principum</strong></span> <span class='ocrx_word' id='word_1_188' title='bbox 782 3038 911 3110; x_wconf 85' lang='lat' dir='ltr'><strong>iactum</strong></span> <span class='ocrx_word' id='word_1_189' title='bbox 942 3039 1119 3111; x_wconf 89' lang='lat' dir='ltr'><strong>memorati</strong></span> <span class='ocrx_word' id='word_1_190' title='bbox 1144 3038 1298 3134; x_wconf 87' lang='lat' dir='ltr'><strong>episcopi</strong></span> <span class='ocrx_word' id='word_1_191' title='bbox 1327 3039 1433 3111; x_wconf 89' lang='lat' dir='ltr'><strong>nostri</strong></span> <span class='ocrx_word' id='word_1_192' title='bbox 1457 3039 1621 3134; x_wconf 89' lang='lat' dir='ltr'><strong>principis</strong></span> <span class='ocrx_word' id='word_1_193' title='bbox 1648 3037 1817 3110; x_wconf 81' lang='lat' dir='ltr'><strong>duximus</strong></span> <span class='ocrx_word' id='word_1_194' title='bbox 1841 3035 1970 3110; x_wconf 89' lang='lat' dir='ltr'><strong>confir-</strong></span> 
     </span>
     <span class='ocr_line' id='line_1_22' title="bbox 557 3159 1970 3258; baseline 0 -24"><span class='ocrx_word' id='word_1_195' title='bbox 557 3159 739 3255; x_wconf 90' lang='lat' dir='ltr'><strong>mandum,</strong></span> <span class='ocrx_word' id='word_1_196' title='bbox 756 3169 792 3234; x_wconf 90' lang='lat' dir='ltr'><strong>et</strong></span> <span class='ocrx_word' id='word_1_197' title='bbox 805 3161 852 3236; x_wconf 91' lang='lat' dir='ltr'><strong>ad</strong></span> <span class='ocrx_word' id='word_1_198' title='bbox 863 3161 1028 3254; x_wconf 90' lang='lat' dir='ltr'><strong>majorem</strong></span> <span class='ocrx_word' id='word_1_199' title='bbox 1044 3160 1256 3236; x_wconf 89' lang='lat' dir='ltr'><strong>evidentiam</strong></span> <span class='ocrx_word' id='word_1_200' title='bbox 1274 3184 1415 3258; x_wconf 87' lang='lat' dir='ltr'><strong>presens</strong></span> <span class='ocrx_word' id='word_1_201' title='bbox 1428 3164 1593 3258; x_wconf 93' lang='lat' dir='ltr'><strong>scriptum</strong></span> <span class='ocrx_word' id='word_1_202' title='bbox 1609 3163 1722 3256; x_wconf 81' lang='lat' dir='ltr'><strong>sigillo</strong></span> <span class='ocrx_word' id='word_1_203' title='bbox 1737 3171 1852 3235; x_wconf 83' lang='lat' dir='ltr'><strong>nostre</strong></span> <span class='ocrx_word' id='word_1_204' title='bbox 1869 3161 1970 3234; x_wconf 89' lang='lat' dir='ltr'><strong>celsi·</strong></span> 
     </span>
     <span class='ocr_line' id='line_1_23' title="bbox 557 3284 1809 3378; baseline 0.003 -22"><span class='ocrx_word' id='word_1_205' title='bbox 557 3284 690 3358; x_wconf 93' lang='lat' dir='ltr'><strong>tudinis</strong></span> <span class='ocrx_word' id='word_1_206' title='bbox 704 3284 873 3378; x_wconf 90' lang='lat' dir='ltr'><strong>jussimus</strong></span> <span class='ocrx_word' id='word_1_207' title='bbox 890 3285 1095 3359; x_wconf 89' lang='lat' dir='ltr'><strong>communiri</strong></span> <span class='ocrx_word' id='word_1_208' title='bbox 1114 3294 1149 3360; x_wconf 89' lang='lat' dir='ltr'><strong>et</strong></span> <span class='ocrx_word' id='word_1_209' title='bbox 1166 3287 1325 3360; x_wconf 88' lang='lat' dir='ltr'><strong>antelatis</strong></span> <span class='ocrx_word' id='word_1_210' title='bbox 1342 3289 1468 3361; x_wconf 90' lang='lat' dir='ltr'><strong>nostris</strong></span> <span class='ocrx_word' id='word_1_211' title='bbox 1483 3287 1620 3360; x_wconf 92' lang='lat' dir='ltr'><strong>civibus</strong></span> <span class='ocrx_word' id='word_1_212' title='bbox 1638 3287 1809 3361; x_wconf 86' lang='lat' dir='ltr'><strong>exhiberi.</strong></span> 
     </span>
    </p>

    <p class='ocr_par' dir='ltr' id='par_1_2' title="bbox 556 3409 1969 4501">
     <span class='ocr_line' id='line_1_24' title="bbox 605 3409 1963 3506; baseline 0.006 -26"><span class='ocrx_word' id='word_1_213' title='bbox 605 3409 721 3482; x_wconf 86' lang='lat' dir='ltr'><strong>Testes</strong></span> <span class='ocrx_word' id='word_1_214' title='bbox 748 3409 811 3504; x_wconf 90' lang='lat' dir='ltr'><strong>qui</strong></span> <span class='ocrx_word' id='word_1_215' title='bbox 844 3409 1073 3483; x_wconf 82' lang='lat' dir='ltr'><strong>interfuerunt</strong></span> <span class='ocrx_word' id='word_1_216' title='bbox 1106 3411 1156 3484; x_wconf 91' lang='lat' dir='ltr'><strong>bii</strong></span> <span class='ocrx_word' id='word_1_217' title='bbox 1190 3422 1271 3484; x_wconf 91' lang='lat' dir='ltr'><strong>sunt</strong></span> <span class='ocrx_word' id='word_1_218' title='bbox 1304 3413 1339 3484; x_wconf 92' lang='lat' dir='ltr'><strong>S.</strong></span> <span class='ocrx_word' id='word_1_219' title='bbox 1379 3411 1624 3506; x_wconf 79' lang='lat' dir='ltr'><strong>Mogontinus,</strong></span> <span class='ocrx_word' id='word_1_220' title='bbox 1655 3414 1698 3484; x_wconf 88' lang='lat' dir='ltr'><strong>H.</strong></span> <span class='ocrx_word' id='word_1_221' title='bbox 1733 3413 1963 3506; x_wconf 88' lang='lat' dir='ltr'><strong>Coloniensis,</strong></span> 
     </span>
     <span class='ocr_line' id='line_1_25' title="bbox 557 3532 1968 3636; baseline 0.005 -30"><span class='ocrx_word' id='word_1_222' title='bbox 557 3532 621 3606; x_wconf 84' lang='lat' dir='ltr'><strong>Th.</strong></span> <span class='ocrx_word' id='word_1_223' title='bbox 648 3533 860 3608; x_wconf 86' lang='lat' dir='ltr'><strong>Trevircusis</strong></span> <span class='ocrx_word' id='word_1_224' title='bbox 879 3543 914 3607; x_wconf 91' lang='lat' dir='ltr'><strong>ct</strong></span> <span class='ocrx_word' id='word_1_225' title='bbox 936 3533 1220 3630; x_wconf 79' lang='lat' dir='ltr'><strong>Madehurgensis</strong></span> <span class='ocrx_word' id='word_1_226' title='bbox 1236 3534 1501 3631; x_wconf 89' lang='lat' dir='ltr'><strong>archiepiscopi,</strong></span> <span class='ocrx_word' id='word_1_227' title='bbox 1521 3538 1557 3608; x_wconf 88' lang='lat' dir='ltr'><strong>S.</strong></span> <span class='ocrx_word' id='word_1_228' title='bbox 1575 3537 1831 3632; x_wconf 87' lang='lat' dir='ltr'><strong>Hatisponensis</strong></span> <span class='ocrx_word' id='word_1_229' title='bbox 1853 3540 1968 3636; x_wconf 92' lang='lat' dir='ltr'><strong>impe-</strong></span> 
     </span>
     <span class='ocr_line' id='line_1_26' title="bbox 557 3656 1963 3755; baseline 0.005 -25"><span class='ocrx_word' id='word_1_230' title='bbox 557 3656 653 3730; x_wconf 86' lang='lat' dir='ltr'><strong>rialis</strong></span> <span class='ocrx_word' id='word_1_231' title='bbox 670 3659 751 3730; x_wconf 88' lang='lat' dir='ltr'><strong>aule</strong></span> <span class='ocrx_word' id='word_1_232' title='bbox 774 3659 1015 3747; x_wconf 87' lang='lat' dir='ltr'><strong>cancellarius,</strong></span> <span class='ocrx_word' id='word_1_233' title='bbox 1035 3661 1078 3731; x_wconf 92' lang='lat' dir='ltr'><strong>H.</strong></span> <span class='ocrx_word' id='word_1_234' title='bbox 1102 3659 1398 3752; x_wconf 75' lang='lat' dir='ltr'><strong>wirzeburgensis</strong></span> <span class='ocrx_word' id='word_1_235' title='bbox 1421 3659 1621 3755; x_wconf 89' lang='lat' dir='ltr'><strong>episcopus,</strong></span> <span class='ocrx_word' id='word_1_236' title='bbox 1638 3661 1681 3732; x_wconf 88' lang='grc' dir='ltr'><strong>Η.</strong></span> <span class='ocrx_word' id='word_1_237' title='bbox 1701 3661 1963 3752; x_wconf 81' lang='lat' dir='ltr'><strong>Wormanensis,</strong></span> 
     </span>
     <span class='ocr_line' id='line_1_27' title="bbox 556 3781 1967 3885; baseline 0.004 -31"><span class='ocrx_word' id='word_1_238' title='bbox 556 3783 600 3855; x_wconf 88' lang='lat' dir='ltr'><strong>H.</strong></span> <span class='ocrx_word' id='word_1_239' title='bbox 616 3781 890 3877; x_wconf 78' lang='lat' dir='ltr'><strong>Argentiuensis‚</strong></span> <span class='ocrx_word' id='word_1_240' title='bbox 906 3785 946 3856; x_wconf 90' lang='grc' dir='ltr'><strong>Β.</strong></span> <span class='ocrx_word' id='word_1_241' title='bbox 964 3785 1149 3880; x_wconf 88' lang='lat' dir='ltr'><strong>Spirensis,</strong></span> <span class='ocrx_word' id='word_1_242' title='bbox 1169 3786 1342 3858; x_wconf 84' lang='lat' dir='ltr'><strong>Curieusis</strong></span> <span class='ocrx_word' id='word_1_243' title='bbox 1357 3798 1391 3858; x_wconf 88' lang='lat' dir='ltr'><strong>et</strong></span> <span class='ocrx_word' id='word_1_244' title='bbox 1402 3783 1644 3878; x_wconf 76' lang='lat' dir='ltr'><strong>Augustcusis,</strong></span> <span class='ocrx_word' id='word_1_245' title='bbox 1662 3785 1903 3861; x_wconf 79' lang='lat' dir='ltr'><strong>laudunensis</strong></span> <span class='ocrx_word' id='word_1_246' title='bbox 1915 3787 1967 3885; x_wconf 83' lang='lat' dir='ltr'><strong>(a)</strong></span> 
     </span>
     <span class='ocr_line' id='line_1_28' title="bbox 556 3905 1968 4002; baseline 0.004 -22"><span class='ocrx_word' id='word_1_247' title='bbox 556 3905 723 4002; x_wconf 90' lang='lat' dir='ltr'><strong>episcopi,</strong></span> <span class='ocrx_word' id='word_1_248' title='bbox 747 3909 863 3982; x_wconf 89' lang='lat' dir='ltr'><strong>Sancti</strong></span> <span class='ocrx_word' id='word_1_249' title='bbox 886 3906 991 3996; x_wconf 87' lang='lat' dir='ltr'><strong>Galli,</strong></span> <span class='ocrx_word' id='word_1_250' title='bbox 1011 3909 1227 4001; x_wconf 84' lang='lat' dir='ltr'><strong>Prumouuis,</strong></span> <span class='ocrx_word' id='word_1_251' title='bbox 1248 3909 1285 3982; x_wconf 87' lang='lat' dir='ltr'><strong>C.</strong></span> <span class='ocrx_word' id='word_1_252' title='bbox 1310 3907 1356 3982; x_wconf 94' lang='lat' dir='ltr'><strong>de</strong></span> <span class='ocrx_word' id='word_1_253' title='bbox 1378 3908 1605 4002; x_wconf 89' lang='lat' dir='ltr'><strong>Wizenburc,</strong></span> <span class='ocrx_word' id='word_1_254' title='bbox 1627 3909 1742 3983; x_wconf 89' lang='lat' dir='ltr'><strong>Sancti</strong></span> <span class='ocrx_word' id='word_1_255' title='bbox 1765 3911 1910 3984; x_wconf 88' lang='lat' dir='ltr'><strong>Cornelii</strong></span> <span class='ocrx_word' id='word_1_256' title='bbox 1933 3922 1968 3986; x_wconf 90' lang='lat' dir='ltr'><strong>et</strong></span> 
     </span>
     <span class='ocr_line' id='line_1_29' title="bbox 559 4029 1969 4127; baseline 0.003 -23"><span class='ocrx_word' id='word_1_257' title='bbox 559 4029 605 4104; x_wconf 93' lang='lat' dir='ltr'><strong>de</strong></span> <span class='ocrx_word' id='word_1_258' title='bbox 632 4031 864 4124; x_wconf 79' lang='lat' dir='ltr'><strong>Gengoubach</strong></span> <span class='ocrx_word' id='word_1_259' title='bbox 888 4033 1048 4125; x_wconf 82' lang='lat' dir='ltr'><strong>abbates,</strong></span> <span class='ocrx_word' id='word_1_260' title='bbox 1077 4033 1283 4125; x_wconf 85' lang='lat' dir='ltr'><strong>Brabauzio,</strong></span> <span class='ocrx_word' id='word_1_261' title='bbox 1307 4032 1549 4127; x_wconf 78' lang='lat' dir='ltr'><strong>Luthoringie,</strong></span> <span class='ocrx_word' id='word_1_262' title='bbox 1576 4035 1725 4108; x_wconf 88' lang='lat' dir='ltr'><strong>Meranio</strong></span> <span class='ocrx_word' id='word_1_263' title='bbox 1752 4045 1787 4108; x_wconf 92' lang='lat' dir='ltr'><strong>et</strong></span> <span class='ocrx_word' id='word_1_264' title='bbox 1811 4036 1856 4108; x_wconf 93' lang='lat' dir='ltr'><strong>de</strong></span> <span class='ocrx_word' id='word_1_265' title='bbox 1877 4037 1969 4108; x_wconf 86' lang='lat' dir='ltr'><strong>Lim-</strong></span> 
     </span>
     <span class='ocr_line' id='line_1_30' title="bbox 559 4154 1969 4255; baseline 0.003 -27"><span class='ocrx_word' id='word_1_266' title='bbox 559 4154 671 4250; x_wconf 92' lang='lat' dir='ltr'><strong>purch</strong></span> <span class='ocrx_word' id='word_1_267' title='bbox 688 4154 812 4249; x_wconf 88' lang='lat' dir='ltr'><strong>duces,</strong></span> <span class='ocrx_word' id='word_1_268' title='bbox 831 4177 947 4230; x_wconf 90' lang='lat' dir='ltr'><strong>comes</strong></span> <span class='ocrx_word' id='word_1_269' title='bbox 961 4157 1135 4230; x_wconf 87' lang='lat' dir='ltr'><strong>Walralen</strong></span> <span class='ocrx_word' id='word_1_270' title='bbox 1154 4157 1344 4252; x_wconf 88' lang='lat' dir='ltr'><strong>palatinus,</strong></span> <span class='ocrx_word' id='word_1_271' title='bbox 1364 4179 1479 4230; x_wconf 86' lang='lat' dir='ltr'><strong>comes</strong></span> <span class='ocrx_word' id='word_1_272' title='bbox 1493 4157 1539 4231; x_wconf 90' lang='lat' dir='ltr'><strong>de</strong></span> <span class='ocrx_word' id='word_1_273' title='bbox 1554 4159 1766 4255; x_wconf 78' lang='lat' dir='ltr'><strong>Tuwiugen,</strong></span> <span class='ocrx_word' id='word_1_274' title='bbox 1788 4180 1903 4233; x_wconf 90' lang='lat' dir='ltr'><strong>comes</strong></span> <span class='ocrx_word' id='word_1_275' title='bbox 1923 4159 1969 4232; x_wconf 90' lang='lat' dir='ltr'><strong>de</strong></span> 
     </span>
     <span class='ocr_line' id='line_1_31' title="bbox 558 4279 1965 4376; baseline 0.002 -24"><span class='ocrx_word' id='word_1_276' title='bbox 558 4279 720 4374; x_wconf 78' lang='lat' dir='ltr'><strong>Otingen,</strong></span> <span class='ocrx_word' id='word_1_277' title='bbox 742 4302 857 4354; x_wconf 89' lang='lat' dir='ltr'><strong>comes</strong></span> <span class='ocrx_word' id='word_1_278' title='bbox 871 4280 916 4354; x_wconf 92' lang='lat' dir='ltr'><strong>de</strong></span> <span class='ocrx_word' id='word_1_279' title='bbox 930 4281 1129 4376; x_wconf 78' lang='lat' dir='ltr'><strong>SpanHeim,</strong></span> <span class='ocrx_word' id='word_1_280' title='bbox 1147 4302 1262 4355; x_wconf 91' lang='lat' dir='ltr'><strong>comes</strong></span> <span class='ocrx_word' id='word_1_281' title='bbox 1285 4283 1330 4356; x_wconf 85' lang='lat' dir='ltr'><strong>de</strong></span> <span class='ocrx_word' id='word_1_282' title='bbox 1343 4282 1569 4371; x_wconf 87' lang='lat' dir='ltr'><strong>Kelemberc,</strong></span> <span class='ocrx_word' id='word_1_283' title='bbox 1586 4303 1701 4357; x_wconf 89' lang='lat' dir='ltr'><strong>comes</strong></span> <span class='ocrx_word' id='word_1_284' title='bbox 1721 4283 1767 4357; x_wconf 91' lang='lat' dir='ltr'><strong>de</strong></span> <span class='ocrx_word' id='word_1_285' title='bbox 1783 4283 1965 4376; x_wconf 88' lang='lat' dir='ltr'><strong>Hohstadt,</strong></span> 
     </span>
     <span class='ocr_line' id='line_1_32' title="bbox 559 4404 1968 4501; baseline 0.003 -23"><span class='ocrx_word' id='word_1_286' title='bbox 559 4426 675 4480; x_wconf 90' lang='lat' dir='ltr'><strong>comes</strong></span> <span class='ocrx_word' id='word_1_287' title='bbox 693 4404 738 4477; x_wconf 87' lang='lat' dir='ltr'><strong>de</strong></span> <span class='ocrx_word' id='word_1_288' title='bbox 754 4405 939 4498; x_wconf 79' lang='lat' dir='ltr'><strong>Haraburc,</strong></span> <span class='ocrx_word' id='word_1_289' title='bbox 960 4407 1169 4501; x_wconf 80' lang='lat' dir='ltr'><strong>burgravius</strong></span> <span class='ocrx_word' id='word_1_290' title='bbox 1182 4407 1227 4481; x_wconf 91' lang='lat' dir='ltr'><strong>de</strong></span> <span class='ocrx_word' id='word_1_291' title='bbox 1243 4407 1466 4500; x_wconf 87' lang='lat' dir='ltr'><strong>Nuremberc,</strong></span> <span class='ocrx_word' id='word_1_292' title='bbox 1492 4427 1608 4482; x_wconf 90' lang='lat' dir='ltr'><strong>comcs</strong></span> <span class='ocrx_word' id='word_1_293' title='bbox 1624 4408 1669 4483; x_wconf 92' lang='lat' dir='ltr'><strong>de</strong></span> <span class='ocrx_word' id='word_1_294' title='bbox 1683 4407 1833 4494; x_wconf 68' lang='lat' dir='ltr'><strong>alsacia,</strong></span> <span class='ocrx_word' id='word_1_295' title='bbox 1853 4430 1968 4484; x_wconf 88' lang='lat' dir='ltr'><strong>comes</strong></span> 
     </span>
    </p>
   </div>
   <div class='ocr_carea' id='block_1_2' title="bbox 601 4651 1250 4734">
    <p class='ocr_par' dir='ltr' id='par_1_3' title="bbox 601 4651 1250 4734">
     <span class='ocr_line' id='line_1_33' title="bbox 601 4651 1250 4734; baseline 0.008 -22"><span class='ocrx_word' id='word_1_296' title='bbox 601 4651 641 4731; x_wconf 84' lang='lat' dir='ltr'><strong>(a)</strong></span> <span class='ocrx_word' id='word_1_297' title='bbox 663 4652 753 4714; x_wconf 82' lang='lat' dir='ltr'><strong>Recte</strong></span> <span class='ocrx_word' id='word_1_298' title='bbox 766 4659 866 4716; x_wconf 70' lang='lat' dir='ltr'><strong>auum</strong></span> <span class='ocrx_word' id='word_1_299' title='bbox 880 4654 1035 4734; x_wconf 78' lang='lat' dir='ltr'><strong>legendnm</strong></span> <span class='ocrx_word' id='word_1_300' title='bbox 1046 4655 1250 4717; x_wconf 65' lang='lat' dir='ltr'><strong>mmmm.</strong></span> 
     </span>
    </p>
   </div>
   <div class='ocr_carea' id='block_1_3' title="bbox 0 0 2356 6109">
    <p class='ocr_par' dir='ltr' id='par_1_4' title="bbox 0 0 2356 6109">
     <span class='ocr_line' id='line_1_34' title="bbox 0 0 2356 6109; baseline 0 0"><span class='ocrx_word' id='word_1_301' title='bbox 0 0 2356 6109; x_wconf 95' lang='lat' dir='ltr'><strong> </strong></span> 
     </span>
    </p>
   </div>
  </div>
 </body>
</html>
