4658 6132
396 675 493 736 lucror.
508 673 553 754 2]
848 671 1045 736 HISTORIA
1070 671 1361 736 btrtomnrtca
1748 667 1808 730 lll'l

394 808 569 881 civitatem
578 815 731 880 sanctam
746 805 942 880 solemniter
955 807 1126 899 intraturi,
1135 817 1171 880 et
1183 807 1279 902 qnod
1294 807 1459 904 deinceps
1473 802 1626 879 ordinari
1641 801 1808 876 deberent

394 941 511 1006 nostru
543 929 687 1004 consilio
716 930 900 1022 universa,
932 941 1157 1026 nostrumque
1183 931 1374 1006 adventum
1404 931 1590 1027 imperator
1617 926 1805 1022 plurimum

395 1055 593 1144 affectabat3
606 1054 698 1128 circa
711 1053 749 1128 id
763 1053 855 1128 idem
871 1057 1035 1148 magister
1045 1055 1149 1129 valde
1162 1056 1327 1130 sollicitus
1339 1055 1559 1150 ergaamicos
1572 1061 1608 1127 et
1621 1050 1807 1125 familiares

396 1187 530 1250 nostros
550 1179 596 1252 de
617 1176 774 1250 exercitu
796 1184 838 1248 ut
853 1197 917 1250 nos
932 1179 979 1252 ad
1001 1177 1212 1252 veniendum
1237 1179 1441 1254 inducerent
1460 1179 1534 1250 suis
1548 1175 1709 1272 precibus
1725 1195 1805 1246 cnm

397 1299 535 1372 effectu.
545 1298 664 1395 ...(c);
681 1320 831 1394 quorum
845 1300 1001 1372 omnium
1015 1301 1161 1396 receptis
1174 1301 1295 1374 litteris
1305 1310 1341 1376 ct
1351 1301 1509 1398 perlectis
1525 1308 1626 1372 cante
1643 1297 1807 1371 conside-

397 1424 547 1498 randum
570 1424 738 1498 duximus
765 1432 801 1497 et
829 1424 1019 1498 notandum
1042 1425 1138 1520 quod
1159 1425 1344 1521 imperator
1372 1445 1435 1500 sne
1457 1423 1640 1498 intendens
1663 1421 1807 1494 dilatare

398 1544 552 1620 fimbrias
567 1546 725 1620 falsitatis
737 1555 772 1620 et
786 1547 967 1620 attendens
983 1548 1079 1642 qnod
1097 1557 1218 1642 tregue
1231 1558 1266 1622 et
1282 1549 1526 1623 conventiones
1539 1569 1626 1642 quas
1640 1567 1720 1620 cum
1734 1547 1806 1619 Sol·

398 1671 491 1745 dano
519 1670 643 1745 inierat
670 1671 906 1747 fraudulenter
929 1680 965 1746 et
998 1673 1167 1746 malitiose
1198 1674 1292 1746 omni
1324 1673 1551 1748 fundamento
1583 1670 1737 1746 veritatis
1772 1680 1808 1742 et

397 1795 591 1870 stabilitatis
605 1805 772 1888 carerent,
787 1818 853 1876 nec
870 1805 940 1870 ¹³¹³
953 1819 1121 1871 vesanum
1132 1799 1244 1871 scelus
1256 1808 1371 1894 posset
1385 1797 1517 1874 diutius
1532 1795 1710 1886 occultari,
1726 1815 1804 1867 cum

398 1921 474 2016 ipse
491 1929 581 1994 esset
609 1919 762 1994 deterre
783 1941 983 1994 recessurus
1002 1921 1168 1995 instanter
1187 1942 1253 1994 nec
1279 1931 1368 1996 terra
1386 1942 1490 2016 quam
1520 1942 1558 1994 se
1581 1918 1807 2013 acquisivisse

394 2043 574 2138 iactitabat
587 2053 704 2141 posset
719 2045 856 2118 retineri
870 2067 932 2142 per
947 2046 1074 2141 ipsum,
1086 2067 1125 2119 se
1135 2055 1361 2119 exoneratum
1370 2043 1639 2119 mederatimmo
1653 2043 1806 2116 honora·

398 2177 473 2240 tum
485 2169 638 2262 omnino,
649 2169 711 2243 sed
720 2189 785 2242 nos
796 2178 875 2266 post
887 2191 1061 2243 recessum
1076 2192 1179 2244 suum
1193 2191 1414 2266 quacumque
1427 2169 1608 2243 occasione
1621 2167 1806 2242 dimitteret

398 2291 435 2363 in
447 2292 673 2388 acquisitione
688 2315 793 2388 qnam
807 2315 846 2367 se
864 2293 986 2368 secisse
1002 2293 1155 2389 lingebat
1168 2295 1224 2368 vel
1246 2295 1360 2392 operia
1380 2293 1634 2370 continuatione
1651 2293 1801 2388 topper.

397 2424 432 2489 et
451 2415 481 2490 si
502 2417 723 2512 postmodum
740 2416 785 2492 de
803 2417 1016 2492 Hierusalem
1033 2419 1150 2514 aliqua
1169 2419 1371 2493 necessitate
1395 2419 1607 2512 contingeret
1624 2437 1688 2489 nos
1708 2415 1806 2490 exire

396 2541 453 2614 vel
476 2561 566 2636 opus
590 2543 784 2637 relinquere
807 2542 1068 2638 imperfectum,
1096 2544 1226 2617 diceret
1254 2569 1263 2614 ε
1292 2567 1310 2612 o
1334 2543 1408 2637 ligo
1431 2541 1601 2637 acquisivi
1630 2539 1804 2614 civitatem

398 2673 552 2738 sanctam
575 2687 680 2758 quam
704 2664 857 2761 perdidit
884 2666 1076 2762 patriarcba
1107 2674 1142 2738 et
1165 2665 1317 2739 Ecclesia
1343 2685 1484 2738 romane
1506 2665 1657 2759 legatus;
1690 2661 1805 2757 incepi

397 2789 533 2862 munire
545 2790 677 2884 loppcn
693 2799 729 2863 et
749 2801 802 2864 est
818 2791 954 2887 perdita
968 2813 1031 2888 per
1049 2791 1230 2882 eumdem,
1246 2815 1264 2860 u
1280 2800 1393 2864 etnon
1413 2790 1524 2862 solum
1545 2787 1657 2880 nobis,
1680 2807 1804 2860 verum

397 2911 500 2985 etiam
514 2913 666 2986 Ecoleeie
679 2913 875 3009 imputaret.
890 2914 946 2989 Ad
959 2916 1036 3008 hec,
1054 2923 1151 3012 pater
1166 2923 1296 3006 sancte,
1316 2915 1397 2987 licet
1410 2913 1574 2987 malitiam
1592 2911 1806 3007 imperatoris

397 3057 439 3110 ac
449 3035 608 3110 fraudem
622 3045 657 3110 et
672 3037 999 3112 circumventionem
1017 3039 1171 3134 magistri
1188 3039 1223 3110 in
1238 3039 1303 3112 bac
1318 3047 1416 3134 parte
1436 3035 1726 3133 perpenderemus
1742 3055 1805 3106 ex-

396 3181 528 3256 presse,
543 3167 658 3234 tamen
672 3161 719 3236 ad
746 3162 917 3236 intellecta
937 3171 1021 3235 tnnc
1037 3163 1307 3261 pretermisimus
1332 3183 1379 3235 ex
1406 3161 1575 3234 industria
1596 3157 1805 3254 respondere

396 3284 624 3357 rescribentes
648 3285 812 3379 magistro
831 3295 870 3358 ut
897 3287 1140 3385 transcriptum
1158 3295 1279 3382 tregue
1300 3295 1336 3359 et
1356 3286 1511 3358 omnium
1537 3283 1804 3360 conventionum

396 3407 498 3480 nobis
521 3409 763 3482 transmitteret
784 3409 829 3483 de
850 3409 958 3483 verbo
981 3411 1028 3485 ad
1048 3411 1207 3501 verbum,
1225 3419 1263 3482 ut
1285 3409 1402 3484 habita
1425 3409 1670 3484 deliberatione
1689 3406 1806 3480 debita

397 3530 492 3626 quod
510 3531 696 3606 mandabat
713 3553 892 3629 possemm
911 3533 1141 3608 confidentius
1159 3557 1200 3607 ac
1215 3533 1372 3608 securius
1389 3533 1591 3630 adimplere.
1615 3531 1690 3604 Non
1712 3530 1804 3603 enim

398 3663 510 3727 tutum
527 3665 600 3729 erat
615 3655 715 3730 nobis
730 3657 836 3731 immo
850 3658 1038 3731 admodum
1052 3657 1276 3732 indiscretum
1292 3657 1387 3754 quod
1400 3678 1463 3731 nos
1477 3657 1514 3729 in
1532 3677 1638 3728 manu
1653 3652 1808 3728 commit-

398 3787 547 3851 teremus
571 3779 712 3853 Soldani
736 3779 782 3854 de
807 3782 907 3875 cujus
935 3785 1044 3856 torma
1065 3791 1186 3877 tregue
1218 3803 1288 3854 non
1317 3781 1506 3856 comtabct.
1524 3781 1601 3866 Quo
1619 3779 1803 3864 intellecto,

399 3903 561 3996 magister
576 3903 799 3978 incontinenti
823 3926 885 4002 per
900 3907 1039 3980 tratrem
1051 3907 1096 3979 W
1108 3907 1138 4003 (l
1148 3905 1206 4002 )...
1222 3905 1267 3980 de
1285 3905 1407 3980 ordine
1424 3905 1692 3993 Pmdicatornm,
1707 3901 1806 3998 peni·

437 4073 476 4184 (p)
493 4077 584 4142 Decet
594 4081 718 4160 allqrrtd.

434 4387 470 4462 (r)
489 4387 621 4448 «scum
641 4389 800 4462 um,
810 4389 845 4448 re
857 4407 911 4464 quo
920 4391 996 4450 nau.
1008 4390 1092 4450 raas.
1105 4389 1139 4448 aa
1152 4405 1227 4460 rna,
1242 4405 1270 4464 p.
1285 4391 1347 4462 are,
1357 4389 1396 4447 ru
1406 4388 1472 4446 acu
1483 4404 1489 4444 :
1502 4407 1516 4442 ι
1529 4385 1655 4461 amum
1666 4383 1806 4442 wama
1902 4351 1908 4374 ¹

399 4503 413 4538 r
429 4484 508 4542 buter
518 4485 626 4558 quidam
637 4487 772 4545 deordinc
784 4487 1048 4546 Praedicatorumuir
1055 4487 1194 4561 religiosus
1207 4486 1335 4560 providus
1343 4502 1376 4544 ec
1384 4486 1516 4544 discretus
1526 4489 1555 4542 et
1566 4484 1594 4541 in
1607 4482 1697 4540 divina
1708 4479 1806 4554 pagina

400 4601 416 4635 r
430 4579 565 4655 eleganter
579 4583 707 4656 eruditm,
720 4583 846 4658 Anglicns
857 4586 975 4655 natione,
988 4584 1035 4658 qui
1043 4599 1060 4641 a
1069 4584 1176 4642 domino
1187 4583 1260 4657 l’apa
1271 4582 1388 4641 officium
1399 4579 1633 4658 praedicationis...
1647 4579 1676 4636 in
1687 4573 1807 4635 exercitu

400 4697 414 4732 a
429 4677 525 4737 Christi
537 4687 725 4755 susceperat..
735 4680 977 4740 celebravitdirim
989 4681 1017 4739 in
1028 4681 1149 4740 ecclesiis
1162 4681 1339 4752 suburbanis3
1354 4679 1602 4738 undedeuotionem
1611 4673 1761 4734 bdelium...
1769 4674 1806 4732 ad

401 4798 415 4828 ι
429 4775 590 4856 obsequium
601 4776 720 4837 andini
727 4779 829 4839 arctius
843 4779 979 4840 animarit.
991 4797 1006 4834 a
1016 4779 1124 4856 Legitur
1136 4787 1225 4838 autem
1238 4779 1338 4838 ibidem
1350 4777 1379 4836 in
1393 4777 1540 4852 fragmento
1552 4773 1680 4850 epistolae
1690 4771 1804 4848 papalis,
