4602 6084
592 639 633 700 38
1090 642 1301 706 FllllllililCl
1328 643 1501 704 suctum
1808 643 1888 722 [Aaou
1908 643 1993 708 1227.

593 795 771 848 successor
792 775 828 846 in
854 797 924 870 quo
950 777 1140 850 locavimus
1168 777 1331 850 fiduciam
1355 778 1430 874 spei
1457 787 1570 849 nostre
1601 785 1719 850 eontra
1744 799 1925 873 personam
1947 779 1996 872 (a)

593 908 744 972 nostram
771 898 913 994 indigne
935 909 970 972 et
996 910 1096 974 acute
1131 911 1313 975 moventur
1342 911 1378 974 et
1403 901 1450 974 ad
1479 899 1701 972 conflandum
1726 900 1763 972 in
1787 921 1852 974 nos
1876 901 1994 974 odium

592 1033 685 1095 totus
710 1021 871 1096 videatur
898 1022 1092 1115 intendere,
1120 1025 1200 1119 quis
1223 1047 1292 1098 non
1321 1025 1543 1098 conturbetur
1568 1031 1603 1096 et
1632 1031 1805 1118 stupescat
1827 1023 1995 1098 adversus

593 1145 824 1218 innocentiam
848 1156 999 1218 nostram
1023 1157 1093 1220 tam
1120 1149 1240 1244 gravia
1268 1149 1357 1222 bella
1380 1148 1511 1244 parari,
1531 1147 1660 1242 quibus
1685 1146 1844 1219 nonnisi
1869 1168 1995 1241 urgens

592 1270 776 1342 necessitas
803 1289 866 1341 nos
891 1269 1017 1342 invitos
1041 1281 1177 1364 cogeret
1199 1273 1357 1364 obviare,
1385 1294 1465 1344 cum
1490 1272 1590 1344 beato
1614 1271 1729 1361 Petro,
1760 1270 1856 1350 velut
1876 1271 1933 1342 cui
1953 1271 1994 1341 li·

590 1393 696 1488 gandi
718 1403 822 1488 atque
843 1391 1001 1466 solvendi
1018 1395 1185 1468 concessit
1205 1396 1241 1468 in
1262 1397 1360 1468 terris
1377 1395 1544 1470 Dominus
1562 1401 1782 1489 potestatem,
1807 1394 1853 1465 ob
1878 1395 1994 1466 conie-

590 1517 695 1588 rentis
724 1516 950 1590 reverentiam
982 1519 1164 1591 credamus
1191 1518 1367 1592 humiliter
1396 1518 1633 1592 deferendum.
1671 1516 1800 1588 Audiat
1830 1515 1935 1610 igitur
1959 1527 1994 1589 et

590 1639 758 1734 intelligat
774 1639 867 1712 orbis
884 1649 974 1713 terre
990 1641 1085 1734 quod
1102 1641 1277 1736 provocati
1292 1641 1459 1714 trahimur
1473 1641 1651 1736 scripturis
1665 1649 1699 1712 et
1715 1639 1845 1710 nuntiis
1859 1639 1992 1712 dudum

591 1771 706 1835 nostre
732 1764 851 1835 matris
873 1764 1025 1836 Emissis
1050 1765 1084 1835 iu
1112 1764 1221 1837 filium
1249 1767 1484 1856 noveroautis,
1508 1787 1596 1860 quos
1619 1773 1737 1836 contra
1763 1785 1826 1836 nos
1850 1763 1994 1836 ubilibet

590 1895 775 1978 terrarum,
798 1886 887 1960 sicut
913 1888 1125 1983 accepimus,
1154 1889 1350 1962 destinavit.
1378 1889 1533 1962 Audistis
1560 1909 1643 1960 sane
1671 1887 1768 1982 quod
1794 1887 1992 1983 imperatrix

592 2008 788 2081 Constantia
812 2009 894 2082 dive
921 2013 1084 2084 memorie
1109 2021 1216 2084 mater
1235 2023 1350 2086 nostra
1373 2013 1419 2086 de
1441 2011 1541 2085 nobis
1559 2012 1680 2106 ntique
1702 2011 1772 2084 lilio
1791 2033 1895 2105 quem
1914 2009 1992 2082 dili·

590 2132 695 2226 gebat
723 2132 931 2206 laudabilem
958 2155 1076 2206 curam
1103 2157 1224 2228 gerens
1256 2135 1291 2208 in
1324 2145 1478 2208 extrema
1507 2135 1685 2208 voluntate
1711 2134 1823 2230 ipsum
1853 2133 1889 2204 in
1914 2133 1991 2205 sinu

593 2255 711 2328 matris
732 2256 876 2329 ecclesie
902 2256 1048 2352 provida
1070 2257 1294 2353 dispositione
1321 2259 1468 2348 dimisit,
1503 2267 1542 2330 ut
1565 2268 1720 2331 materno
1749 2257 1892 2330 minime
1915 2258 1992 2329 sub·

591 2378 682 2452 sidio
704 2378 915 2474 privaretur,
945 2379 1008 2452 sed
1031 2381 1155 2454 amisse
1181 2383 1298 2455 matris
1320 2383 1440 2456 solatia
1459 2381 1594 2454 noviter
1611 2381 1785 2454 subtracta
1804 2402 1886 2452 cura
1905 2381 1992 2450 salu·

591 2502 685 2574 brior
707 2512 801 2574 tanto
828 2500 960 2576 firmius
983 2513 1219 2599 compensaret
1244 2515 1374 2599 quanto
1396 2527 1457 2600 per
1483 2503 1694 2600 spiritualem
1718 2511 1754 2574 et
1773 2504 1989 2598 temporalem

589 2627 665 2719 ejus
684 2626 875 2722 potenciam
894 2627 1016 2723 pupilli
1035 2637 1149 2722 posset
1167 2627 1474 2724 indempnitatibus
1492 2625 1676 2722 pmvideri.
1698 2627 1749 2697 De
1768 2626 1867 2717 cujus
1889 2625 1991 2696 tutela

590 2751 669 2822 lieet
686 2760 802 2822 sancta
823 2751 929 2824 Sedes
947 2751 1132 2846 apostolica
1146 2751 1412 2825 sollicitudinem
1431 2751 1558 2822 babere
1574 2749 1782 2823 laudabilem
1798 2747 1988 2836 debuisset,

590 2895 659 2944 non
678 2883 791 2946 umen
813 2873 944 2969 pupillo
963 2873 1074 2946 deluit
1089 2874 1135 2947 de
1156 2884 1252 2970 patra
1270 2875 1461 2970 periculum
1477 2883 1512 2946 et
1530 2874 1575 2948 de
1591 2893 1698 2967 regno
1713 2893 1776 2944 suo
1794 2891 1863 2943 non
1883 2868 1992 2942 modi-

555 2977 557 2983 ¹
588 3017 670 3069 cum
694 2995 956 3086 detrimentum3
995 3007 1030 3070 et
1055 3019 1100 3071 ne
1128 2997 1310 3071 videamur
1341 2997 1502 3070 diffusius
1531 2997 1667 3091 cognita
1695 3003 1893 3082 retrodare,
1922 3013 1992 3064 orn·

592 3120 675 3191 nino
700 3121 811 3215 patuit
837 3121 1054 3192 invasoribus
1081 3143 1226 3216 regnum
1253 3129 1425 3207 nostrum,
1448 3129 1483 3192 et
1501 3119 1591 3192 sicut
1614 3118 1713 3191 navis
1735 3117 1770 3189 in
1795 3125 1992 3211 tempestate

591 3244 667 3317 sine
685 3244 832 3335 remige,
853 3245 903 3316 sic
921 3245 1054 3337 absque
1071 3243 1309 3338 gubematoris
1328 3243 1495 3338 regimine
1513 3243 1691 3339 pupillaris
1707 3239 1879 3314 hereditas
1897 3239 1993 3312 inde·

593 3368 688 3440 sensa
703 3367 738 3438 in
754 3376 868 3462 partas
884 3366 996 3439 divisa
1016 3367 1080 3438 luit
1097 3377 1132 3440 et
1149 3367 1194 3440 ab
1209 3367 1427 3440 inimicorum
1439 3367 1611 3440 morsibus
1623 3365 1723 3460 quasi
1739 3363 1874 3460 penitus
1891 3362 1991 3436 dissi-

593 3501 685 3586 patu.
706 3493 851 3564 Domum
871 3490 948 3564 viro
965 3490 1072 3563 nobili
1089 3491 1365 3586 consanguineo,
1384 3490 1463 3562 licet
1477 3489 1712 3562 inimicissimo
1726 3488 1850 3562 domus
1864 3487 1989 3576 nostre,

593 3615 716 3687 Ottoue
730 3613 775 3687 de
790 3614 959 3703 saxonia,
979 3613 1088 3686 multo
1107 3613 1169 3687 sad
1190 3615 1344 3688 indebito
1358 3615 1475 3687 lavore
1493 3613 1593 3686 Sedis
1608 3611 1810 3709 apostolice,
1830 3629 1991 3706 oppressa

593 3738 717 3836 pupilli
750 3737 905 3832 justicia,
946 3736 1244 3832 qualitercumque
1283 3737 1330 3810 ad
1372 3735 1549 3832 imperiale
1581 3736 1756 3830 fastigium
1788 3733 1988 3822 sublimato,

591 3863 677 3936 dum
702 3863 897 3936 crederetur
920 3862 1043 3959 pupilli
1069 3872 1177 3936 status
1201 3863 1394 3936 vacillantis
1415 3885 1476 3958 per
1501 3861 1610 3957 ipsius
1633 3859 1824 3957 maruciam
1848 3845 1992 3930 totaliter

591 3987 828 4082 perimendus,
850 3987 933 4081 qnia
951 3986 1049 4059 aliter
1071 3986 1192 4076 bomo,
1222 3987 1321 4060 aliter
1339 3986 1437 4060 videt
1460 3987 1570 4076 Deus,
1594 3983 1714 4058 diviua
1736 3981 1907 4054 miseratio
1926 3979 1992 4050 bu·

590 4133 727 4184 manam
761 4112 983 4185 intentionem
1016 4111 1201 4207 reprobans
1237 4131 1317 4182 cum
1344 4111 1454 4182 multa
1482 4108 1609 4204 pietate
1632 4105 1786 4203 permisit
1812 4113 1852 4176 ut
1880 4103 1993 4176 dictus

590 4233 717 4307 nobilis
734 4235 1011 4330 consanguineus
1029 4245 1160 4326 noster,
1182 4232 1261 4306 licet
1284 4241 1323 4306 ut
1341 4231 1496 4305 diximus
1516 4231 1695 4320 inimicus,
1716 4251 1777 4325 per
1795 4225 1991 4322 superbiam

590 4367 715 4430 cuncta
744 4357 948 4452 disponens,
977 4379 1046 4430 non
1072 4360 1184 4430 solum
1212 4365 1329 4430 contra
1359 4377 1422 4429 nos
1443 4355 1621 4427 inimicum
1649 4375 1751 4426 suum
1772 4349 1991 4423 commissum

588 4479 749 4572 ecclesie,
783 4480 846 4553 sed
878 4481 914 4552 in
945 4481 1059 4576 ipsum
1084 4489 1229 4554 tutorem
1260 4494 1415 4555 nostrum
1450 4499 1644 4574 perquem
1672 4485 1853 4550 cononatus
1882 4475 1994 4544 lucrat

632 4745 671 4827 (a)
692 4745 774 4806 Atlas
781 4745 944 4824 potenciam
949 4763 966 4822 ,·
978 4745 1127 4807 Tommasi
1135 4746 1322 4826 puticmium.
