4602 6084
338 627 435 689 nme.
451 625 495 708 s]
786 573 981 686 nrsronm
1005 625 1296 691 nunounrrcr.
1709 629 1747 692 ει

338 780 492 850 exerces,
517 765 552 830 te
566 757 786 830 manifestum
807 766 982 832 ostentans
1002 758 1096 832 sedis
1116 762 1303 855 apostolice
1321 761 1514 834 inimicum.
1528 761 1657 836 Verum
1671 763 1751 838 licet

338 903 406 956 non
430 893 503 957 tam
523 904 570 954 ex
593 881 860 976 longanimitatis
880 882 1008 955 virtute
1032 905 1139 976 quam
1163 907 1209 956 ex
1233 885 1526 982 pusillanimitatis
1552 887 1637 960 vitio
1665 889 1752 960 sorte

337 1005 525 1102 procedere
547 1003 710 1076 videatur
735 1003 830 1098 quod
858 1004 1088 1100 promittimus
1104 1007 1236 1078 monita
1266 1029 1346 1080 cum
1376 1009 1449 1100 jam
1474 1029 1565 1103 pena
1593 1007 1753 1082 debuerit

337 1129 564 1226 precessisse,
585 1127 670 1222 quia
692 1135 807 1200 tamen
832 1149 874 1200 eo
891 1127 1059 1222 potiorem
1084 1128 1285 1224 patientiam
1313 1127 1442 1203 habere
1469 1153 1534 1204 nos
1559 1131 1658 1204 deest
1679 1153 1750 1226 quo

339 1253 532 1326 uberiorem
545 1251 733 1348 potentiam
747 1251 849 1323 nobis
861 1251 1023 1325 dominns
1038 1252 1279 1346 amministrat,
1297 1255 1511 1328 nobilitatem
1524 1263 1618 1328 tuam
1632 1277 1750 1330 mone·

338 1401 416 1450 mus
437 1387 564 1450 attente
587 1397 649 1470 per
673 1375 860 1471 apostolica
884 1375 947 1447 tihi
978 1377 1105 1472 scripta
1129 1376 1271 1451 firmiter
1302 1378 1525 1474 precipiendo
1546 1380 1750 1453 mandantes

337 1509 510 1596 qnatenus
523 1499 569 1572 ad
579 1499 821 1602 corrigendum
832 1507 865 1570 te
878 1499 1020 1572 consilio
1032 1499 1173 1572 salutari
1188 1522 1378 1594 recurrens,
1396 1501 1553 1596 protinus
1562 1501 1749 1576 biarchiam

339 1647 444 1698 exeas
461 1633 495 1696 ct
507 1623 672 1714 dimittas,
686 1631 721 1694 et
732 1622 905 1696 iniraocto
920 1623 996 1696 dics
1006 1635 1085 1719 post
1098 1623 1351 1720 susceptionem
1364 1625 1574 1721 presentium
1583 1637 1750 1723 occupata

339 1757 372 1823 et
383 1749 497 1822 ablata
510 1748 671 1820 restituas
688 1746 868 1837 universa,
889 1757 924 1820 et
941 1745 986 1819 dc
997 1745 1087 1819 datis
1101 1747 1237 1820 damnis
1248 1757 1282 1819 et
1301 1747 1458 1842 irrogatis
1470 1747 1605 1842 injuriis
1616 1751 1750 1824 satissa-

339 1873 411 1946 cias
432 1880 662 1968 competenter
680 1872 739 1943 vel
760 1891 865 1966 super
885 1869 928 1942 iis
949 1879 984 1942 et
1003 1871 1079 1942 aliis
1098 1871 1325 1943 sufficientem
1345 1871 1512 1945 exhibeas
1534 1874 1745 1966 cautionem

338 1991 492 2092 alioquin
506 1997 631 2070 dilecte
644 1993 715 2066 tilio
729 1993 866 2066 Cinthio
880 1993 1095 2067 subdiacono
1112 2003 1147 2066 et
1168 1995 1344 2091 capellano
1363 2003 1478 2067 nostro
1503 1996 1548 2068 de
1562 1998 1662 2088 cujus
1679 1995 1748 2070 fide

338 2130 374 2194 et
390 2119 575 2216 prudentia
594 2118 823 2192 indubitatam
839 2116 1002 2191 fiduciam
1021 2117 1229 2207 obtinemus,
1252 2127 1291 2189 ut
1312 2127 1346 2190 te
1362 2140 1403 2191 ac
1417 2120 1567 2192 lautores
1584 2131 1662 2192 tuos
1678 2129 1748 2194 tam

340 2242 384 2316 de
397 2265 505 2337 regno
517 2263 624 2338 quam
649 2242 735 2315 alios
758 2241 1078 2314 excommunicatos
1102 2241 1242 2338 publice
1257 2241 1394 2314 nuntiet
1419 2251 1454 2313 et
1471 2249 1577 2314 terras
1595 2241 1641 2314 ad
1660 2265 1749 2336 quas

340 2375 378 2438 tu
398 2367 454 2438 vel
471 2365 522 2437 tui
537 2365 742 2438 devenerint
759 2373 932 2460 supponat
945 2363 1178 2436 ecclesiastice
1201 2363 1401 2455 interdicto,
1424 2374 1459 2436 et
1486 2365 1593 2436 nobili
1616 2365 1692 2438 viro
1708 2367 1745 2438 P.

339 2489 529 2564 Theodaldi
553 2488 648 2562 fideli
668 2497 785 2560 nostro
808 2497 846 2558 nt
867 2509 914 2560 ex
934 2495 1032 2582 parte
1047 2497 1163 2560 nostra
1182 2497 1215 2560 te
1230 2488 1411 2560 manifeste
1431 2487 1565 2561 diffidet
1588 2489 1750 2563 dedimus
1876 2537 1880 2546 ·

341 2613 481 2687 firmiter
500 2615 537 2686 in
551 2613 739 2709 preceptis,
758 2612 843 2684 alias
857 2619 974 2684 contra
989 2611 1171 2684 dominum
1191 2620 1341 2684 tuamet
1365 2621 1399 2684 te
1419 2611 1644 2684 nihilominus
1668 2635 1751 2686 anc-

340 2729 412 2810 tore
424 2737 565 2811 domino
581 2737 801 2832 spiritualiter
813 2745 848 2809 et
861 2736 1255 2832 temporaliterseverins
1267 2735 1472 2832 processuri.

387 2863 512 2934 Datum
530 2859 677 2950 Perusii,
696 2861 754 2932 Vll
774 2859 855 2932 idus
874 2857 1085 2949 novembris,
1104 2857 1324 2954 pontificatus
1344 2857 1453 2930 nostri
1473 2877 1564 2930 anno
1582 2856 1747 2932 secundo.

396 3453 600 3565 Gregorius
613 3453 716 3563 Papa
733 3453 986 3536 lerinensibus
1000 3451 1130 3535 scribit
1143 3451 1306 3562 qualiter
1322 3450 1534 3535 Fridcricus
1546 3452 1753 3561 imperator
1783 3471 1959 3574 „mm

341 3587 381 3670 in
394 3597 496 3670 terra
511 3595 642 3669 sancta
655 3585 871 3668 christianis
884 3587 1011 3694 potius
1025 3610 1143 3694 quam
1156 3584 1371 3667 sarracenis
1383 3585 1533 3666 studeat
1545 3584 1752 3691 officere,et

342 3719 562 3831 haynaldus
575 3728 689 3802 natus
702 3719 899 3829 quondam
914 3717 1079 3800 Conradi
1093 3717 1201 3800 ducis
1211 3716 1353 3826 Spoleti
1365 3717 1528 3799 vicanm
1540 3716 1622 3826 ejus
1631 3727 1752 3800 terras

341 3852 520 3937 ecclesiae
547 3851 730 3935 violenter
752 3850 954 3956 invaserit,
986 3849 1089 3932 unde
1128 3849 1169 3930 in
1203 3849 1320 3931 istum
1353 3848 1752 3932 excommunicationis

344 4163 359 4196 ι
374 4144 429 4201 dux
437 4141 538 4217 Spoleti
552 4157 614 4199 cum
626 4139 754 4215 imperiali
766 4147 845 4215 genta
859 4139 982 4197 dominos
993 4139 1110 4213 Puppliti
1122 4139 1150 4196 in
1165 4139 1340 4212 Capitinnano
1353 4140 1468 4211 obsidet,
1484 4141 1532 4213 qui
1544 4155 1606 4196 οιιιιι
1614 4156 1646 4198 se
1661 4147 1753 4200 tenere

345 4259 359 4294 ι
374 4253 429 4296 non
442 4245 561 4314 poseant,
576 4245 686 4312 accepta
698 4237 734 4295 ab
747 4253 780 4294 cc
793 4237 936 4294 securitate
948 4236 982 4292 de
996 4238 1117 4310 personis
1131 4243 1159 4293 et
1169 4237 1250 4293 rebus
1262 4237 1328 4308 suis,
1342 4253 1372 4294 se
1386 4238 1457 4311 apud
1472 4239 1556 4294 Reate
1565 4238 1750 4312 contulerunt;

344 4355 359 4392 a
375 4343 440 4394 tunc
449 4338 510 4394 Dux
522 4337 581 4410 ipse
592 4335 739 4394 biarchiam
751 4335 874 4392 inustae
886 4332 1046 4392 bertholdus
1058 4331 1141 4390 irater
1153 4334 1213 4406 ejus
1228 4333 1301 4392 circa
1313 4334 1430 4392 Nursiae
1445 4333 1610 4408 provinciam
1621 4343 1751 4408 remand,

346 4451 360 4486 s
375 4433 421 4506 qui
429 4440 547 4490 mserum
559 4431 694 4506 quoddam
705 4431 776 4504 quod
787 4431 870 4490 Pnua
880 4429 979 4487 dicitur
991 4429 1043 4486 sibi
1055 4427 1155 4486 rebelle
1165 4429 1306 4500 destnrxit,
1319 4431 1435 4504 ejusque
1446 4429 1547 4488 incolas
1558 4432 1753 4504 poenisaddixit

345 4549 360 4584 ι
374 4529 455 4588 variis
468 4536 496 4588 et
508 4530 656 4600 tormentis,
669 4535 697 4586 et
709 4528 901 4586 Saracenorum
913 4527 1023 4586 traditos
1036 4529 1160 4602 potestati
1176 4542 1244 4600 quos
1253 4543 1344 4584 secum
1358 4528 1392 4584 de
1406 4527 1501 4601 Apulia
1516 4528 1627 4586 duxerat
1645 4531 1673 4586 in
1687 4531 1753 4604 ipsis

346 4649 360 4682 s
376 4627 539 4686 cmciatibus
547 4627 652 4686 exulare
661 4627 756 4700 coegit.
765 4645 778 4680 ι
788 4627 911 4685 Etinlra:
923 4627 1002 4682 «Dm
1013 4625 1159 4684 biarchiam
1172 4642 1257 4700 usque
1265 4627 1426 4685 blaceratam
1434 4625 1554 4685 Caesaris
1563 4627 1676 4701 imperio
1687 4629 1753 4686 sub-

346 4745 361 4780 ι
373 4725 488 4800 jugulat.
499 4745 513 4778 n

444 4825 500 4888 111.
1556 4833 1587 4886 tt
