4658 6132
369 663 468 724 lanum.
484 659 530 744 2]
817 650 1016 720 trtsrouru
1038 649 1330 716 DIPLOMATIGA.
1722 641 1781 706 128

369 794 501 889 tunde,
533 792 564 866 si
590 791 637 866 de
661 789 857 867 mdditibua
878 787 1022 864 cutbeue
1050 787 1202 878 deesset,
1231 787 1288 862 vel
1314 805 1434 860 omum
1454 782 1490 858 in
1509 781 1705 860 redditibus
1723 805 1781 857 ca·

369 917 492 1007 thena,
522 915 553 990 si
580 913 626 990 de
650 913 846 990 redditibus
872 911 983 988 funde
1006 911 1158 1006 deesset3
1187 911 1246 987 vel
1269 912 1307 984 iu
1330 909 1408 985 uliis
1434 909 1631 986 redditibus
1655 908 1781 984 uostris

370 1041 497 1116 melina
523 1039 793 1137 appetentibus,
823 1038 854 1110 ei
882 1037 929 1112 de
959 1035 1156 1112 redditibus
1184 1035 1329 1111 eutbeue
1351 1044 1387 1110 et
1415 1033 1524 1110 tunde
1544 1033 1698 1119 deesset,
1722 1055 1783 1130 por

370 1172 522 1260 quatuor
540 1163 623 1238 anni
638 1163 820 1254 termium,
838 1159 885 1236 de
901 1159 1013 1234 tribus
1030 1160 1067 1234 in
1088 1160 1199 1234 tribus
1212 1160 1411 1253 mensibus,
1430 1158 1592 1234 videlieet
1605 1179 1667 1255 pcr
1678 1179 1783 1254 quos·

371 1286 457 1360 libet
475 1295 543 1360 tres
559 1306 697 1360 meuses
716 1284 891 1360 bisancius
905 1285 1000 1358 mille
1013 1293 1048 1359 et
1061 1293 1263 1376 sexcentos,
1285 1282 1330 1358 ab
1348 1283 1443 1358 omni
1460 1291 1575 1357 tamen
1591 1282 1738 1356 servicio
1750 1291 1786 1357 et

368 1407 573 1484 conditione
585 1408 712 1486 liberos
725 1415 761 1481 ot
772 1417 965 1504 exemptos.
984 1407 1029 1482 Ut
1039 1416 1154 1482 autem
1177 1406 1243 1482 hec
1261 1415 1378 1481 nostra
1395 1406 1536 1481 donatio
1555 1415 1591 1480 ct
1609 1404 1785 1480 concessio

374 1539 450 1607 rata
460 1551 597 1628 semper
613 1541 648 1606 et
664 1531 870 1606 inconvulsa
886 1541 1107 1629 permaneat,
1128 1553 1271 1628 presens
1293 1532 1514 1628 privilegium
1540 1529 1616 1604 fieri
1636 1539 1671 1604 et
1690 1529 1784 1606 bulla

374 1675 480 1730 aurea
499 1655 635 1752 typario
649 1665 766 1732 nostra
781 1656 971 1752 majestatis
984 1657 1152 1754 impressa
1162 1655 1330 1750 jussimus
1348 1655 1566 1728 communiri.

423 1779 535 1872 Hujm
562 1787 678 1854 autem
698 1780 750 1854 rei
774 1788 878 1854 teste
905 1789 988 1854 suut
1014 1779 1116 1854 Oddo
1144 1780 1190 1854 de
1217 1777 1505 1872 Moutebeliardo,
1532 1778 1787 1853 comestabulus

375 1901 475 1998 regni
497 1901 779 1997 ierosolimitani,
801 1903 965 1978 Balianua
987 1903 1150 1978 domiuus
1168 1902 1335 2000 Sydouis,
1354 1902 1528 1977 Jobaunee
1548 1901 1594 1976 de
1618 1901 1783 1994 Ybeliuo,

376 2025 588 2102 Guaruerius
594 2025 829 2119 Alamannus,
845 2027 958 2124 Apron
971 2047 1080 2124 nepos
1093 2027 1188 2120 ejus,
1202 2025 1491 2123 dymarueuepos
1504 2025 1618 2100 fratris
1627 2023 1783 2124 Aymari.

424 2148 511 2224 Acta
543 2159 626 2224 suut
650 2149 717 2224 bec
743 2173 835 2224 anuo
864 2150 1040 2226 dominice
1069 2150 1314 2225 incamatiouis
1339 2149 1521 2224 millasimo
1549 2148 1786 2224 ducentesimo
1883 2235 1886 2242 .

377 2273 543 2348 vicesimo
558 2295 664 2364 nono,
676 2296 796 2350 manse
805 2275 937 2373 aprilis,
952 2274 1107 2351 secunda
1121 2273 1333 2367 indictionis,
1348 2273 1539 2370 imperante
1552 2273 1695 2348 domino
1705 2293 1787 2348 uos-

222 2399 230 2406 ‘
379 2407 432 2472 tro
445 2398 637 2493 Frederioo,
653 2399 717 2474 Dei
731 2401 843 2496 gratia
850 2400 1082 2474 Romanorum
1095 2400 1313 2496 imperatore,
1330 2419 1466 2496 semper
1475 2407 1641 2495 augusto,
1658 2400 1787 2476 leroso-

378 2521 460 2596 lime
485 2531 521 2596 at
544 2522 659 2598 Sicilie
680 2543 786 2620 ¹rege,
809 2546 903 2599 anuo
925 2524 1059 2599 romani
1085 2523 1222 2620 imperii
1245 2524 1322 2598 cius
1341 2543 1452 2616 nouo,
1478 2524 1576 2620 regni
1594 2525 1789 2600 ierosolime

379 2655 518 2742 quarto,
537 2649 739 2742 regnintum
755 2650 871 2725 Sicilie
886 2649 1059 2724 tricesimo
1078 2650 1204 2746 primo,
1221 2649 1375 2724 feliciter.
1390 2647 1514 2722 Amen.

428 2771 554 2846 Datum
567 2773 664 2869 apud
676 2773 809 2866 Accou,
825 2795 929 2870 anuo,
945 2797 1065 2851 mense
1075 2785 1111 2850 et
1126 2775 1315 2851 indictione
1326 2775 1536 2872 prescriptis.

434 3287 668 3397 Fridericus,
688 3289 949 3376 Romanorum
970 3293 1191 3404 imperator,
1211 3295 1429 3382 Hermanno
1446 3297 1632 3410 magistro
1653 3299 1792 3383 domus

383 3419 704 3506 Theutonicorum
731 3433 769 3507 ct
795 3423 979 3509 fratribus
1004 3425 1087 3538 ejus
1112 3453 1181 3537 pro
1206 3437 1308 3510 terre
1330 3429 1492 3513 Turonis
1510 3457 1629 3542 quam
1654 3429 1792 3543 Alysae

383 3553 486 3663 nepti
499 3555 875 3664 quondamflcuirr‘di
888 3557 1040 3642 Jureuis
1053 3559 1310 3668 restituifeait,
1325 3561 1365 3644 iu
1378 3561 1572 3646 cambium
1582 3563 1792 3647 secuudum

383 3686 625 3798 privilegium
643 3689 841 3800 quondum
865 3690 1049 3774 Gnidouis
1067 3693 1168 3806 regis
1191 3695 1362 3779 concedit
1378 3695 1578 3781 Maronem
1596 3720 1685 3778 cum
1702 3719 1793 3777 om-

384 3817 499 3903 uibus
512 3821 747 3932 pertiuentiis
761 3821 860 3933 ejus,
877 3821 1028 3935 aliaque
1040 3824 1125 3910 locu
1137 3835 1175 3910 et
1187 3837 1330 3938 septem
1343 3827 1465 3911 millia
1476 3827 1729 3914 bisantiorum
1742 3825 1792 3912 ud

384 3951 547 4036 fundam
564 3965 602 4038 ct
620 3955 671 4040 ud
683 3955 885 4042 cathenam
908 3957 1069 4042 Acconis
1082 3957 1142 4042 vel
1156 3958 1248 4042 alibi
1265 3960 1307 4044 iu
1329 3985 1449 4072 reguo
1466 3959 1791 4070 lerosolymitouo,

385 4083 419 4166 si
432 4084 481 4170 de
498 4083 620 4172 funda
635 4096 674 4173 et
686 4088 848 4174 cathena
860 4113 939 4174 uon
952 4089 1144 4200 potuerint
1156 4089 1265 4176 solvi.

466 4297 589 4378 (luadlt.
602 4301 635 4364 tu
648 4302 761 4367 arcbb'.
776 4301 919 4381 unctu,
933 4321 951 4367 e
963 4302 1038 4367 libro
1050 4305 1156 4384 copidt
1169 4305 1266 4367 ordin.
1281 4303 1442 4384 Tbsuton.)

434 4481 658 4583 Fredericus,
678 4489 741 4566 Dei
755 4491 865 4588 gratia
876 4490 1106 4568 Romanorum
1125 4491 1321 4590 imperatur,
1341 4513 1476 4590 semper
1487 4499 1675 4589 augustus,
1697 4491 1793 4568 lero-

373 4604 510 4716 soiime
533 4619 569 4686 et
590 4613 704 4690 Sicilie
719 4637 796 4690 rex.
824 4617 952 4692 Notum
969 4616 1115 4692 tammus
1140 4617 1330 4712 universis,
1350 4627 1421 4692 tam
1441 4617 1661 4717 presentibus
1685 4637 1792 4713 qnam

387 4731 531 4832 tuturis,
550 4737 647 4834 quod
662 4740 767 4816 irater
779 4741 996 4818 dermannus
1010 4741 1217 4818 venerabilis
1232 4742 1396 4840 magister
1412 4741 1538 4818 dumus
1560 4749 1677 4820 sande
1685 4739 1794 4816 Maria
