4642 6106
331 641 430 710 lunc.
446 640 492 721 4.]
784 637 981 702 HISTORIA
1006 631 1296 702 DlPLOllA'l'le.

739 1028 852 1092 ANNO
873 1027 968 1092 12³1.
985 1059 1025 1076 —
1046 1023 1287 1088 tnnlcrlodlt
1305 1021 1337 1086 4.

814 1317 1265 1350 -ᾠ-

388 1659 627 1766 luduicus,
652 1659 912 1744 Romanorum
938 1656 1164 1766 imperator,
1188 1653 1443 1766 burgensibus
1474 1651 1749 1738 Lubioensibus
1801 1652 1919 1762 iffi:

336 1793 509 1878 concedit
531 1793 635 1876 utin
657 1790 815 1874 flumine
832 1789 1030 1872 Wakenitz
1048 1789 1311 1872 molendinum
1332 1797 1550 1872 construere
1571 1797 1610 1871 et
1627 1787 1749 1898 possi-

336 1927 427 2010 dere
445 1925 610 2036 possint,
630 1951 676 2008 eo
698 1924 838 2008 scilicet
855 1922 1070 2006 conditione
1092 1921 1197 2032 quod
1219 1947 1356 2005 census
1370 1921 1419 2005 de
1437 1919 1666 2005 molendinis
1683 1947 1750 2006 ou·

339 2059 417 2142 riae
430 2067 633 2143 consuetus
651 2057 869 2142 nullatenus
887 2056 1097 2138 minuatur.

420 2274 516 2355 (lldlt.
530 2291 579 2352 ap.
592 2270 659 2336 cort
675 2269 792 2352 diplom
808 2270 1002 2352 bubacfflsrs
1014 2279 1053 2346 1¹,
1064 2289 1096 2350 p.
1111 2279 1162 2345 ⁵5,
1175 2279 1210 2333 ιι·
1223 2267 1316 2345 XLV,
1329 2286 1368 2332 ex
1381 2269 1516 2350 mgnum
1528 2285 1598 2332 emn
1611 2267 1750 2348 dgtllotn

458 2385 602 2442 mostata
614 2381 789 2454 asservato)

387 2566 582 2641 Fridericus
591 2567 654 2640 Dei
662 2565 1010 2662 gratiallomanorum
1022 2565 1218 2661 imperator,
1228 2585 1364 2660 semper
1371 2565 1750 2658 augustus,lerusalem

340 2702 377 2767 et
393 2691 508 2766 Sicilie
520 2713 597 2764 rex.
612 2691 677 2765 Por
692 2711 834 2786 presens
847 2690 1014 2786 seriptum
1031 2697 1151 2762 notum
1164 2687 1310 2760 facimus
1323 2686 1494 2760 universis
1508 2687 1644 2784 imperii
1661 2686 1754 2760 fids-

340 2818 433 2891 libus
454 2825 524 2890 tam
553 2815 771 2912 presentibus
795 2835 901 2910 quam
927 2813 1054 2886 futuris
1073 2812 1168 2908 quod
1192 2813 1384 2908 burgenses
1402 2811 1611 2885 Lubiosnses
1633 2811 1753 2886 fideles

342 2941 449 3016 nostri
466 2949 581 3014 nostre
594 2939 791 3013 celsitudini
808 2939 1012 3034 propensius
1027 2937 1267 3034 supplicarunt
1279 2936 1443 3032 quatinus
1457 2935 1541 3032 quia
1554 2935 1753 3009 molendina

342 3067 438 3141 curie
467 3075 621 3162 tempore
646 3064 798 3162 hyemali
826 3072 965 3160 propter
994 3062 1255 3136 inundationem
1285 3071 1320 3134 et
1349 3062 1570 3158 rapacitatem
1598 3061 1753 3134 fluminis

343 3189 517 3265 devastari
550 3189 737 3284 contingit,
771 3188 1039 3264 concederemus
1066 3188 1117 3261 eis
1146 3195 1344 3260 construere
1374 3185 1612 3259 molendinum
1641 3207 1750 3260 unum

343 3315 378 3386 in
405 3313 550 3387 flumine
579 3312 676 3410 quod
706 3312 833 3386 dicitur
853 3313 1030 3384 Wokence
1052 3311 1103 3409 (l)
1127 3311 1174 3384 ad
1192 3309 1482 3408 opportunitatem
1506 3331 1627 3384 eorum
1646 3309 1753 3386 libere

343 3437 613 3534 possidendum,
644 3437 692 3510 ita
713 3435 875 3512 videlicet
902 3435 1000 3531 quod
1024 3459 1165 3510 censum
1189 3435 1235 3509 de
1257 3433 1464 3510 molendinis
1491 3434 1587 3509 curie
1612 3435 1751 3508 solitum

344 3562 444 3636 annis
467 3561 614 3655 singulis
637 3561 871 3654 exhibebunt,
891 3571 925 3635 et
943 3561 1103 3656 quotiens
1122 3561 1198 3656 ipsa
1222 3559 1421 3634 molendina
1441 3559 1614 3634 devastari
1636 3561 1751 3633 conti-

345 3686 452 3781 gerit,
474 3684 542 3782 ipsi
559 3684 682 3758 eadem
696 3685 769 3758 suis
786 3708 943 3782 reparare
957 3687 1153 3782 sumptibus
1169 3686 1377 3759 tenebuntur
1390 3695 1424 3760 et
1437 3685 1598 3759 eumdem
1609 3707 1751 3758 sensum

344 3831 414 3906 que
432 3809 566 3904 integra
579 3809 763 3902 solverent,
785 3809 896 3884 donec
911 3819 1067 3907 reparata
1082 3811 1222 3902 luerint,
1240 3810 1419 3884 exhibere.
1438 3811 1508 3883 Nos
1520 3809 1627 3904 igitur
1643 3817 1755 3884 atten-

346 3933 467 4007 dentes
485 3932 652 4004 sinceram
675 3930 780 4006 fldem
798 3941 832 4006 et
848 3933 1068 4008 devotionem
1085 3957 1205 4008 eorum
1220 3957 1326 4030 quam
1348 3935 1395 4008 ad
1412 3933 1595 4030 imperium
1619 3955 1755 4030 semper

344 4067 380 4132 et
397 4059 444 4132 ad
459 4067 611 4132 nosbam
629 4057 869 4132 excellentiam
886 4059 1078 4155 specialiter
1091 4060 1286 4134 babuemnt
1302 4068 1337 4132 et
1352 4057 1481 4134 habere
1503 4079 1573 4132 non
1593 4055 1756 4133 desinunt

344 4193 415 4258 tarn
434 4181 582 4256 fideliter
600 4203 706 4276 qnam
728 4182 871 4274 devota,
889 4182 935 4256 do
957 4184 1075 4258 innata
1094 4185 1204 4278 gratia
1225 4192 1341 4258 nostra
1358 4185 1512 4280 ipsorum
1533 4184 1756 4280 supplicatio·

345 4306 449 4380 nibus
464 4306 650 4380 liberaliter
663 4315 867 4399 annuentes,
886 4307 1110 4382 concedimus
1125 4308 1209 4404 ipsis
1224 4307 1474 4382 Lubicensibus
1491 4306 1652 4382 fidelibus
1668 4329 1755 4382 nos·

344 4432 406 4506 tris
427 4441 466 4504 ut
480 4431 606 4506 amodo
625 4431 726 4506 liceat
742 4433 793 4506 eis
807 4431 844 4506 in
864 4431 1019 4528 predicto
1037 4432 1181 4506 flumine
1195 4432 1256 4505 ubi
1279 4433 1484 4529 oportunius
1505 4431 1656 4508 viderint
1676 4455 1755 4508 ωο-

384 4738 421 4814 (l)
440 4738 526 4798 llodis
541 4738 691 4800 Wclmttz.
