4702 6110
564 621 626 686 444
1090 629 1262 694 uubblcl
1287 631 1454 696 secuml
1786 635 1865 722 [llum
1886 635 1971 698 1231.

566 779 683 834 comcs
707 760 753 834 de
774 761 1032 856 Ruvcnsberch,
1056 763 1231 840 Gunterus
1253 789 1369 842 comes
1387 770 1435 844 de
1449 769 1714 866 Kevercnbcrg,
1741 771 1909 846 lienricus
1930 773 1976 847 de

568 884 699 980 Niphe‚
720 885 906 960 Weruerus
922 887 967 960 de
987 889 1154 963 Bolcndiu
1173 891 1320 986 dapifer,
1337 891 1521 967 Cunrudus
1537 893 1702 990 pincerne
1720 895 1766 970 de
1786 896 1976 992 Clingelin-

566 1009 671 1104 burg,
689 1008 852 1084 Gerlccns
873 1009 917 1084 dc
937 1013 1140 1108 Budingen,
1157 1015 1362 1090 wilhelmus
1383 1017 1575 1092 advocatus
1590 1017 1782 1114 Aquensis,
1801 1018 1975 1096 liruoldus

567 1133 613 1206 de
625 1131 818 1222 Gimcnicb,
834 1133 955 1206 lustres
970 1133 1015 1208 de
1028 1133 1236 1210 Grindelnch
1252 1149 1287 1212 et
1299 1140 1358 1212 alii
1370 1142 1607 1238 quamplures.

616 1257 739 1330 batum
763 1257 859 1353 spud
882 1257 1124 1352 Wormetium,
1150 1283 1242 1335 enno
1262 1261 1435 1338 dominice
1458 1265 1701 1340 incarnationis
1722 1265 1972 1356 mccml,

566 1381 658 1454 xllll
673 1381 839 1455 kalendas
853 1381 1034 1476 februarii,
1053 1383 1241 1460 indictione
1252 1397 1388 1482 quartu.

786 1671 1189 1688 m

445 1966 461 1998 ²¹
518 2036 525 2060 ‚
615 1950 800 2034 Henricus
815 1951 1074 2036 Romanorum
1091 1977 1158 2033 rex
1175 1950 1320 2034 civibus
1338 1951 1608 2036 leodiensibus
1625 1963 1663 2036 et
1680 1953 1859 2038 omnibus
1876 1953 1975 2038 bur-

421 2072 449 2106 ‘”
562 2083 744 2196 gensibus
761 2085 811 2166 ud
828 2084 1087 2192 episcopatum
1100 2083 1305 2168 Leodiense
1319 2084 1592 2194 pertinentibus
1607 2087 1657 2168 ad
1672 2085 1973 2170 observationem

562 2218 769 2300 sententiae
781 2217 1001 2300 diffinitivae
1016 2216 1232 2326 principum
1245 2219 1404 2301 mandet
1416 2219 1522 2328 quod
1534 2217 1643 2301 nullu
1655 2219 1807 2326 civitas,
1822 2219 1972 2302 nullum

561 2349 747 2460 oppidum
768 2350 876 2460 regni
890 2349 1111 2432 Alcmenine
1129 2349 1275 2460 ubsque
1292 2351 1439 2434 domini
1460 2352 1519 2434 sui
1535 2377 1694 2436 assensu
1712 2353 1832 2462 possit
1850 2351 1974 2436 iecere

559 2481 869 2588 communiones,
894 2481 1200 2588 constitutiones,
1230 2482 1597 2592 confoederationes,
1625 2484 1685 2568 vel
1713 2485 1973 2596 colligationes

559 2613 725 2724 aliquus,
740 2613 1153 2726 quocumquencmine
1168 2624 1406 2698 censeantur.

637 2827 760 2910 [lnedlt.
775 2845 814 2890 cx
831 2830 967 2910 orlgtnnll
980 2833 1011 2892 ln
1025 2831 1107 2892 urob.
1124 2831 1257 2908 provinc.
1272 2829 1443 2906 Lcodleml,
1459 2827 1594 2892 Gltartul.
1608 2829 1711 2894 uctcn'c
1728 2829 1818 2908 capit.
1834 2827 1865 2890 S.
1881 2827 1973 2890 Lam·

679 2933 768 3008 berti,
785 2951 866 3014 ceps.
882 2945 923 3008 8¹,
937 2953 998 2998 sec.
1010 2952 1085 2998 unm.
1102 2935 1237 3016 Slglllum
1251 2937 1390 3000 evulsum
1404 2935 1512 3016 pulli.)

607 3121 650 3192 il.
668 3119 731 3192 Dei
754 3120 865 3214 gretie
886 3121 1121 3193 Romanorum
1138 3141 1202 3192 rex
1222 3130 1258 3194 ct
1273 3143 1410 3218 semper
1429 3131 1612 3216 augustus,
1629 3119 1791 3196 fidelibus
1803 3119 1878 3192 suis
1892 3119 1971 3192 uni·

558 3246 670 3318 versis
691 3243 828 3316 civibus
849 3243 969 3318 leodii
992 3243 1185 3339 ceterisque
1202 3245 1435 3340 burgensibus
1456 3243 1503 3318 ud
1529 3245 1764 3340 episcopatum
1784 3241 1972 3316 leodiense

558 3369 810 3466 pertinentibus
833 3368 979 3464 gratiam
1000 3387 1100 3440 suem
1122 3377 1157 3440 ct
1174 3389 1277 3441 omne
1297 3369 1441 3442 bonum.
1462 3368 1558 3442 Sicut
1580 3376 1695 3442 nostre
1713 3366 1876 3439 convenit
1892 3385 1972 3438 mc-

556 3492 673 3586 jesteti
687 3493 777 3566 mule
790 3491 930 3564 meritos
944 3513 966 3565 a
981 3489 1163 3564 beneficiis
1174 3491 1350 3584 regalibus
1364 3491 1532 3586 elongari,
1544 3491 1595 3564 sic
1607 3490 1708 3563 decet
1717 3489 1865 3562 eundem
1878 3489 1974 3584 prin·

560 3615 655 3712 cipes
672 3616 740 3690 sibi
758 3616 903 3690 devotos
923 3623 958 3688 et
981 3615 1056 3688 suis
1072 3615 1231 3710 gloriosis
1251 3615 1470 3688 successibus
1487 3614 1746 3710 congaudentes
1763 3612 1870 3706 iuguli
1892 3611 1971 3684 dul·

559 3741 683 3814 cedine
702 3762 744 3814 uc
768 3749 883 3814 nostre
906 3741 1084 3836 potoetetis
1110 3739 1278 3834 regimine
1299 3740 1493 3812 contovere.
1518 3739 1568 3812 Eu
1593 3745 1733 3834 psopter
1754 3735 1971 3809 univemituti

561 3872 675 3940 vestre
698 3873 819 3938 notum
844 3863 990 3937 lecimus
1012 3863 1110 3958 quod
1131 3886 1194 3938 nos
1218 3862 1382 3937 dilectum
1408 3863 1597 3960 principem
1618 3870 1654 3934 et
1674 3860 1971 3954 consanguineum

562 3999 717 4063 nostrum
747 3991 778 4064 1.
813 3989 1047 4063 venerabilem
1074 3989 1298 4064 leodiensem
1330 3989 1532 4084 episcopum
1562 3987 1598 4059 in
1627 3995 1744 4060 nostre
1776 3985 1887 4080 gratis
1921 3984 1971 4056 sic

562 4113 731 4188 duximus
749 4113 981 4208 colligendum
997 4111 1052 4210 (l)
1066 4113 1164 4208 quod
1185 4113 1222 4185 in
1242 4113 1336 4186 omni
1351 4114 1430 4204 jure
1448 4133 1513 4184 suc
1533 4111 1648 4207 ipsum
1666 4110 1829 4182 volumus
1849 4107 1972 4179 conio-

556 4257 656 4311 ·vcne.
675 4237 804 4310 Verum
820 4257 901 4309 cnm
924 4257 987 4331 per
1002 4235 1199 4332 principum
1215 4233 1409 4309 nuntiorum
1432 4235 1477 4307 sit
1497 4233 1701 4307 sententium
1718 4229 1903 4304 diffinitum
1918 4227 1971 4324 (2)

598 4547 634 4622 (4)
652 4545 714 4606 vid.
728 4561 809 4622 supra
819 4563 848 4622 p.
863 4548 925 4618 403,
937 4549 994 4604 not.
1009 4549 1025 4602 3
1038 4550 1066 4603 et
1076 4561 1105 4620 p.
1120 4545 1182 4616 itt,
1196 4549 1252 4603 not.
1268 4548 1294 4601 4.

599 4645 635 4721 (2)
655 4645 732 4705 Unde
751 4651 826 4720 putet
844 4644 1004 4702 sententium
1025 4643 1105 4702 istum
1125 4657 1207 4717 quam
1224 4639 1276 4700 sub
1292 4640 1336 4699 die
1353 4641 1482 4716 vigesimo
1499 4640 1577 4698 tertio
1592 4635 1706 4713 teuderii
1724 4634 1896 4706 exhibemus,
1914 4631 1971 4706 jem

560 4744 641 4821 paulo
652 4750 714 4802 ente
728 4743 810 4802 luisse
821 4741 993 4817 publicatum.
