4710 6076
564 559 622 620 ara
1088 569 1259 632 aruuror
1283 571 1450 638 susurru
1784 583 1863 668 [an.
1881 585 1968 650 rma.

565 695 749 805 quamdiu
776 695 850 781 hoc
879 697 1007 784 abbati
1028 701 1234 812 placuerit,
1252 731 1341 788 oum
1363 707 1519 791 instanti
1544 711 1725 798 mandato
1748 725 1793 798 ut
1816 717 1970 804 eosdem

567 827 743 912 abbatem
758 839 796 913 et
811 841 1040 918 mouentum
1058 835 1238 922 omnibus
1254 839 1379 922 modis
1397 840 1590 952 adjurent.

645 1047 815 1119 (Memorat.
830 1064 880 1126 ap.
894 1049 1052 1128 bamma,
1068 1050 1180 1134 aequi.
1192 1051 1305 1137 impu„
1320 1069 1352 1134 p.
1369 1063 1440 1128 itt,
1455 1066 1488 1115 u·
1505 1065 1573 1130 iet,
1585 1073 1624 1120 ex
1636 1060 1772 1139 originaii
1785 1077 1835 1140 up.
1848 1063 1971 1129 Hanno-

685 1171 786 1216 veram
799 1155 971 1236 mservato.)

615 1342 760 1432 [batum
774 1341 871 1437 apud
889 1341 1019 1434 Gosiar‚
1041 1345 1134 1416 xvii
1152 1343 1317 1420 liniendos
1333 1347 1553 1444 septembris,
1572 1347 1760 1424 indictione
1770 1351 1892 1448 quinia
1908 1349 1969 1428 de·
2028 1362 2030 1364 ’

561 1465 680 1553 eima]

791 1723 1528 1738 fl—m--t-o——u--q—-on-——u
1548 1731 1557 1738 ι

373 1997 532 2106 2¹¹3·
615 1995 798 2080 ileurious
813 1995 1072 2079 Romauomm
1095 2021 1160 2078 rex
1179 1995 1365 2106 hospitale
1383 1999 1422 2080 iu
1444 1997 1592 2082 civitate
1610 1997 1839 2084 Goslariensi
1861 2027 1885 2084 a
1904 2001 1968 2085 Gi·

562 2129 724 2214 selberto
737 2129 932 2240 quondam
951 2127 1132 2212 advocato
1146 2127 1375 2216 Goslariensi
1388 2129 1625 2216 aedificatum
1639 2142 1677 2215 et
1689 2133 1861 2216 dotatum
1878 2158 1967 2217 oum

562 2260 739 2346 omnibus
759 2259 869 2344 bonis
894 2259 977 2369 ejus
1000 2260 1072 2345 sub
1089 2261 1318 2370 protectione
1341 2289 1411 2346 sua
1431 2263 1605 2374 suscipit,
1626 2265 1875 2376 eamdemque
1892 2266 1968 2349 do-

559 2421 667 2478 mum
690 2391 891 2477 abbatibus
906 2393 955 2476 de
968 2393 1212 2478 Walkenried
1224 2403 1262 2478 et
1274 2395 1322 2478 de
1335 2395 1649 2505 Riddagshausen
1664 2405 1703 2480 et
1719 2398 1862 2482 decano
1878 2421 1966 2482 mu-

556 2529 650 2638 joris
665 2527 844 2611 ecelesiae
863 2525 1113 2610 Goslariensis
1129 2526 1382 2610 ordinandam
1404 2529 1617 2612 committit.

639 2742 740 2822 (nuo.
756 2743 930 2817 Prsronrus,
943 2743 1138 2806 Amomitotor
1149 2741 1454 2827 muna-jotticos,
1468 2761 1536 2823 pars
1549 2745 1618 2808 vll·
1627 2751 1657 2808 et
1669 2746 1763 2822 vili,
1773 2763 1804 2826 p.
1821 2755 1911 2822 itio,
1925 2763 1964 2810 eu

677 2849 812 2928 originali
826 2849 905 2911 unde
919 2851 1050 2929 sigiiium
1065 2867 1102 2912 ex
1117 2848 1176 2912 diis
1188 2853 1287 2912 rorida
1299 2851 1380 2912 rubri
1393 2851 1497 2914 ooiorir
1509 2851 1717 2934 depandubat.)

605 3039 643 3108 lo
665 3035 805 3110 uomina
820 3047 940 3109 sancte
957 3047 993 3108 et
1011 3035 1194 3110 individue
1214 3035 1398 3110 Trinitatis.
1419 3037 1586 3110 Henricus
1604 3037 1725 3112 diviua
1740 3038 1878 3112 invenie
1894 3037 1962 3111 cie·

559 3161 687 3234 mentia
711 3162 942 3235 Romanorum
964 3182 1046 3252 rex,
1072 3181 1207 3256 semper
1229 3169 1409 3256 augustus.
1431 3160 1516 3234 Cum
1540 3181 1587 3234 ex
1604 3160 1724 3236 divine
1744 3160 1963 3258 protectionis

559 3287 692 3360 auxilio
713 3287 904 3359 Romanum
929 3285 1111 3382 imperium
1133 3285 1321 3358 subsistere
1343 3283 1467 3358 debeat
1496 3293 1532 3358 et
1555 3282 1703 3374 iirmuri,
1731 3284 1876 3380 dignum
1911 3295 1963 3360 ost

558 3433 617 3486 eos
638 3411 700 3506 qui
716 3409 837 3485 divino
857 3409 965 3484 cuitui
978 3419 1014 3483 ei
1030 3409 1192 3506 opuibus
1207 3407 1344 3506 piatatis
1362 3408 1555 3482 inserviunt
1568 3431 1638 3484 non
1654 3411 1765 3484 soium
1779 3431 1826 3484 ax
1838 3407 1963 3512 affectu

558 3545 673 3608 nostra
701 3533 977 3608 mausuetudinis
1006 3531 1166 3628 diligero,
1194 3553 1316 3606 vemm
1343 3533 1445 3606 etiam
1470 3534 1670 3608 auctoritate
1694 3534 1819 3629 regalis
1845 3535 1963 3632 provi-

559 3659 675 3734 dentio
696 3659 755 3755 pia
776 3679 896 3732 eorum
921 3656 1094 3732 desideria
1115 3677 1330 3752 pmmovere.
1356 3657 1444 3730 Hinc
1461 3666 1514 3731 est
1532 3657 1629 3754 quod
1654 3657 1701 3732 ad
1722 3659 1961 3733 universorum

560 3783 682 3856 Christi
694 3781 850 3857 fidelium
866 3791 936 3854 tarn
953 3782 1145 3854 iuturorum
1157 3803 1263 3874 quam
1277 3781 1486 3876 presentium
1501 3781 1656 3856 notitiam
1671 3780 1851 3878 pervenire
1863 3781 1962 3857 voiu-

559 3931 639 3980 mus
650 3907 746 4003 quod
758 3903 1962 4018 fidelisnosterGiseibertusquondamadvocatusGosiariensis,diriuu

560 4033 780 4132 inspiratione
794 4041 1010 4128 provocatus,
1032 4030 1200 4127 bospitaia
1213 4028 1391 4126 quoddam
1412 4029 1448 4102 in
1470 4029 1610 4103 civitate
1623 4039 1739 4103 nostm
1755 4025 1960 4102 Gosiariensi

560 4159 606 4232 ad
629 4158 792 4233 honoram
817 4166 853 4230 et
877 4153 1014 4230 iaudom
1033 4155 1096 4229 Dei
1115 4165 1150 4228 et
1166 4153 1313 4250 gloriose
1331 4153 1505 4248 genitricis
1527 4155 1603 4248 ejus
1620 4151 1771 4246 Virginis
1792 4150 1960 4226 Moriens

559 4284 650 4358 beati
670 4281 805 4355 itiartini
826 4280 1030 4354 contessoris
1047 4300 1111 4352 nec
1129 4299 1198 4352 uon
1213 4276 1260 4351 ad
1274 4278 1553 4351 sustentationem
1576 4297 1790 4373 pauperum,
1806 4273 1880 4348 suis
1896 4295 1960 4348 ex·

558 4408 675 4506 peusis
687 4409 861 4502 eleganter
873 4403 1049 4479 edificavit
1060 4413 1095 4478 et
1107 4403 1279 4479 exstruxit
1294 4414 1329 4476 et
1342 4423 1403 4498 par
1418 4401 1583 4476 diieotum
1596 4399 1786 4496 principem
1802 4405 1957 4470 nostrum

558 4531 751 4609 Conradum
776 4539 859 4602 tuno
879 4527 1079 4625 episcopum
1096 4525 1410 4600 Hildensemeusem
1433 4523 1631 4600 dedicatum
1651 4519 1861 4617 quibusdam
1879 4539 1957 4616 pre-

557 4657 626 4732 diis
642 4675 706 4730 suo
726 4653 843 4728 iabore
858 4652 1061 4748 conquisitis
1076 4651 1122 4726 da
1137 4671 1307 4724 oousonsu
1324 4659 1359 4724 ot
1374 4649 1463 4726 bono
1480 4647 1647 4724 heredum
1667 4665 1807 4722 suorum
1828 4644 1958 4718 voiun-
