4702 6110
1070 661 1240 726 ttuttatct
1265 665 1433 732 satutttt

1674 963 1728 974 ι--ι

409 1319 423 1351 ι
509 1281 516 1306 .
601 1229 785 1314 Henrious
798 1231 1057 1315 Romanorum
1068 1233 1279 1319 rextmtres
1287 1237 1959 1348 monasteriideanebach(Brum·

548 1361 671 1472 bach)
699 1388 723 1446 a
749 1361 919 1473 qualibet
947 1365 1141 1450 exactione
1172 1367 1391 1454 officialium
1423 1397 1581 1456 suorum
1608 1381 1789 1482 perpetuo
1819 1371 1958 1456 liberos

546 1495 732 1602 declarat,
756 1505 910 1606 excepto
934 1499 1040 1607 quod
1063 1499 1187 1582 nuntii
1210 1501 1268 1586 sui
1290 1511 1529 1588 transeuntes
1549 1506 1652 1614 apud
1672 1505 1776 1614 ipsos
1791 1529 1958 1616 congrue

548 1629 790 1740 recipiantur.

625 1846 722 1921 (amu.
738 1845 873 1926 Guunt„
888 1843 1003 1928 Syllope
1018 1847 1125 1908 aaa.
1141 1845 1307 1930 diplomat,
1322 1867 1353 1928 p.
1370 1853 1452 1925 ⁵92.)

594 2033 631 2104 ln
655 2032 795 2106 nomine
813 2043 932 2106 sancte
952 2043 987 2107 et
1007 2034 1192 2109 individue
1207 2036 1392 2110 Trinitatis.
1417 2037 1540 2110 Amen.
1565 2037 1745 2110 Heinricus
1764 2037 1885 2111 divina
1899 2038 1957 2109 ta-

546 2165 649 2229 vente
671 2156 853 2232 clementia
874 2157 1105 2231 Romanorum
1124 2181 1189 2232 rex
1208 2168 1243 2233 et
1260 2181 1395 2256 semper
1412 2169 1582 2256 angustus
1600 2161 1762 2236 omnibus
1777 2161 1814 2233 in
1830 2182 1958 2258 perpe-

544 2291 657 2354 tuum.
673 2281 811 2372 Regalis
826 2281 1082 2378 magnificentie
1101 2283 1257 2380 deposcit
1270 2285 1451 2358 clementia
1471 2293 1511 2357 ut
1528 2285 1689 2360 omnibus
1706 2285 1848 2380 quidem
1865 2283 1957 2359 fide-

544 2405 635 2478 libus
658 2405 694 2476 in
717 2405 791 2478 suis
815 2408 1077 2480 necessitatibus
1097 2408 1364 2500 subveniamus;
1383 2409 1448 2482 bos
1464 2417 1580 2483 autem
1605 2411 1770 2507 precipue
1785 2430 1873 2504 qnos
1893 2429 1957 2482 rex

544 2551 666 2626 regum
701 2539 736 2604 et
761 2529 925 2606 dominus
954 2531 1206 2606 dominantium
1234 2533 1280 2606 ab
1306 2533 1412 2627 hujus
1435 2533 1560 2607 mnndi
1583 2533 1795 2608 vanitatibus
1821 2541 1956 2631 ereptus

543 2656 734 2752 peculiares
751 2656 819 2730 sibi
841 2656 961 2732 statuit
977 2657 1162 2732 servitores
1180 2658 1273 2730 utin
1290 2679 1354 2732 suo
1372 2659 1463 2732 felici
1483 2659 1659 2755 proposito
1677 2659 1816 2732 valeant
1834 2680 1955 2754 perse-

544 2803 678 2868 verare,
698 2790 866 2875 quantum
892 2803 1077 2877 possumus
1099 2783 1175 2878 ipso
1188 2793 1392 2879 cooperante
1410 2792 1589 2856 teneamur
1603 2782 1771 2877 adjuvare
1784 2791 1819 2856 et
1835 2801 1955 2854 eorum

543 2905 704 3002 precibus
721 2906 909 2980 heneaulus
924 2907 1019 3002 regie
1035 2907 1171 3002 pietatis
1189 2929 1291 2981 aures
1304 2909 1399 2981 omni
1413 2907 1613 2982 difficultate
1625 2915 1758 2979 remota
1771 2907 1955 2980 clementer

543 3029 816 3106 accommodare.
838 3030 981 3104 Noverit
995 3029 1101 3124 igitur
1120 3029 1328 3104 universitas
1350 3029 1506 3104 fidelium
1533 3031 1732 3124 quodlicet
1755 3029 1953 3102 universam

542 3153 675 3228 ordinis
697 3153 930 3228 Cisterciensis
952 3152 1198 3228 fraternitatem
1220 3154 1287 3228 sub
1307 3153 1371 3226 alis
1395 3161 1511 3226 nostru
1530 3153 1753 3250 protectionis
1776 3152 1954 3227 dolensem

543 3278 793 3376 permisimus,
816 3277 1046 3374 precordiales
1067 3287 1183 3353 umen
1205 3286 1339 3352 noetus
1364 3279 1485 3352 tratres
1508 3277 1553 3352 de
1568 3277 1772 3352 Bumebach
1789 3285 1952 3372 unquam

543 3403 579 3475 in
596 3403 676 3476 sinn
698 3403 937 3478 benevolentie
959 3403 1099 3497 majoris
1116 3416 1280 3499 exceptos
1307 3403 1366 3478 tali
1387 3403 1498 3496 gratia
1516 3425 1579 3500 pre
1599 3402 1721 3478 ceteris
1745 3401 1953 3476 donavimus

543 3537 583 3602 ut
605 3529 650 3602 ab
671 3527 766 3602 omni
786 3527 1052 3618 advocatorum,
1076 3528 1299 3600 scultetorum
1321 3526 1378 3600 vel
1395 3526 1627 3621 quorumlibet
1650 3523 1849 3599 officialium
1872 3543 1952 3596 nos·

544 3661 674 3728 borum
697 3675 918 3749 quacumque
943 3653 1127 3728 exactione
1147 3651 1247 3726 liberi
1270 3659 1437 3748 perpetuo
1455 3651 1527 3724 sint
1549 3659 1585 3725 et
1603 3649 1771 3741 absoluti3
1794 3671 1836 3723 aa
1852 3646 1951 3722 vide-

542 3777 621 3852 licet
637 3778 835 3852 conditione
850 3787 890 3851 ut
903 3778 1004 3851 nobis
1023 3775 1119 3875 apud
1131 3775 1350 3871 Wirtneburg
1368 3775 1426 3850 vel
1440 3773 1659 3848 serenissima
1676 3775 1824 3868 conjuge
1836 3781 1951 3846 nostra

542 3903 671 3974 sivein
689 3901 747 3976 illo
768 3899 917 3976 eontinio
936 3901 1179 3993 existentibus,
1192 3921 1306 3996 neque
1320 3899 1402 3995 equi
1417 3898 1454 3972 in
1470 3919 1591 3972 eorum
1609 3895 1715 3970 curiis
1735 3895 1951 3990 hospitentur

542 4047 606 4098 nec
621 4027 819 4100 exactiones
833 4027 945 4100 abeis
963 4025 1209 4121 quoquomodo
1230 4024 1427 4118 exigantur.
1444 4022 1488 4094 Et
1504 4030 1544 4094 ut
1562 4019 1713 4096 branta
1732 4019 1850 4094 omnia
1865 4039 1949 4092 con·

542 4149 736 4240 dedamus,
757 4151 853 4224 nulla
872 4150 1009 4246 penitus
1031 4150 1077 4224 ab
1101 4149 1153 4222 eis
1169 4147 1309 4222 servitia
1331 4145 1461 4242 requiri
1483 4147 1659 4237 volumus,
1681 4153 1828 4240 excepto
1851 4140 1948 4237 quod

542 4275 655 4346 nuntii
681 4275 789 4350 nostri
817 4283 1033 4348 transeuntes
1055 4295 1136 4346 oum
1161 4272 1348 4346 necessitas
1370 4270 1539 4366 ingruerit
1561 4267 1658 4366 apud
1680 4267 1773 4363 ipsos
1797 4287 1950 4361 congrue

542 4397 761 4494 recipiantur.
790 4399 834 4473 Ut
858 4419 941 4494 ergo
966 4398 1154 4494 prescripta
1181 4395 1348 4472 libertatis
1375 4393 1515 4470 donatio
1542 4391 1665 4489 prefati
1689 4389 1823 4464 cenobii
1852 4387 1951 4462 tirme

542 4531 741 4619 permaneat
757 4522 794 4594 in
810 4531 1030 4619 perpetuum,
1043 4531 1236 4618 presentem
1252 4520 1303 4596 eis
1320 4519 1483 4616 paginam
1500 4516 1708 4592 donavimus
1721 4511 1822 4607 sigilli
1842 4510 1950 4586 nostri

542 4647 742 4720 auctoritate
756 4646 961 4720 roboratam.

590 4771 700 4865 Hujus
713 4769 794 4844 tacti
808 4778 910 4846 testes
925 4779 1006 4844 sunt
1019 4769 1182 4844 Gerlacus
1195 4767 1240 4843 de
1251 4765 1448 4862 Bndingen,
1463 4761 1671 4840 Godelridus
1684 4761 1730 4838 de
1741 4755 1945 4848 Hobinlocb,
