4702 6110
372 672 472 736 lenton.
487 668 532 755 4]
818 667 1017 730 HISTORIA
1042 667 1337 732 ntrnotttvtcn
1723 663 1784 725 tot

371 808 478 881 heren
499 807 647 882 dileotus
672 803 951 898 oonsaugniuous
974 815 1090 879 noster
1116 809 1159 878 H.
1187 803 1401 900 lantgravius
1426 800 1614 894 Thuringio
1636 822 1657 872 a
1680 799 1781 872 nobis

373 931 522 1006 habebat
542 931 580 1002 in
603 927 705 1002 laodo
726 949 808 1002 num
823 928 904 1020 jure
924 937 1124 1025 patronatus
1146 941 1181 1003 et
1204 931 1347 1026 abipso
1371 925 1564 1022 lantgravio
1582 927 1641 1018 jus
1666 931 1780 1020 patro-

373 1063 476 1128 natus
485 1053 534 1150 (o)
544 1052 667 1126 habuit
679 1054 723 1124 Η.
735 1073 850 1126 onmes
863 1053 909 1126 de
921 1053 1101 1144 Nassowe,
1112 1063 1148 1128 et
1159 1054 1252 1128 idem
1267 1050 1782 1147 eomesipsumjospntmnatus

374 1177 565 1273 resignavit
578 1177 747 1273 premisso
756 1177 1012 1272 lantgravium
1022 1178 1220 1254 conditione
1229 1187 1268 1251 ut
1279 1179 1354 1275 ipsa
1366 1175 1581 1269 lantgravius
1593 1195 1671 1248 eam
1682 1173 1783 1246 nobis

375 1301 565 1395 resignaret
576 1309 613 1374 et
629 1321 694 1374 nos
709 1301 819 1396 ipsam
837 1303 932 1374 omni
941 1304 1021 1395 jure
1034 1303 1265 1376 conferremus
1284 1299 1403 1376 domui
1419 1297 1627 1372 Theutonioe
1644 1299 1681 1370 in
1700 1297 1785 1372 sub·

376 1424 506 1498 sidium
523 1426 625 1498 Teme
641 1425 776 1499 Sanote.
795 1424 940 1521 Cognita
960 1426 1078 1522 itaque
1093 1425 1278 1500 devotione
1302 1425 1468 1522 premisse
1489 1423 1631 1515 domus,
1653 1443 1796 1518 memo,
1815 1483 1816 1487 a

377 1557 486 1624 ratam
507 1549 687 1624 ecelesiam
708 1549 775 1645 ipsi
795 1550 1004 1624 oonlerimus
1023 1549 1208 1626 Quendam
1223 1559 1260 1622 et
1272 1547 1518 1646 possidendam
1534 1549 1636 1644 pleno
1653 1550 1733 1642 jure
1751 1557 1787 1620 et

377 1672 525 1746 eandem
548 1673 775 1748 donacionem
799 1674 867 1770 ipsi
886 1673 1056 1748 duximus
1071 1673 1361 1763 confirmandam,
1378 1673 1534 1747 volentes
1550 1682 1590 1746 ut
1606 1673 1718 1768 ipsam
1734 1683 1785 1746 te·

378 1807 460 1870 neat
475 1797 522 1871 ad
536 1818 623 1870 usus
637 1817 718 1871 suos
729 1819 810 1870 oum
826 1797 1014 1892 resignatio
1030 1799 1121 1872 laeta
1138 1799 1182 1870 sit
1192 1797 1345 1892 legitimo
1358 1819 1379 1870 a
1391 1819 1538 1893 persona
1553 1797 1590 1869 in
1603 1819 1784 1892 personam

377 1919 451 1992 eine
464 1920 680 2016 exoeptione.
702 1919 759 1994 Ad
774 1921 878 2015 hujus
896 1921 1003 2016 igitur
1016 1922 1211 1997 donationis
1228 1929 1343 1996 nostre
1357 1921 1575 2014 memoriam,
1592 1933 1786 2016 presentem

378 2042 524 2116 litteram
543 2044 656 2138 sigillo
673 2053 790 2118 nostro
807 2046 1054 2120 communitam
1068 2048 1199 2143 pretate
1213 2046 1334 2121 domui
1351 2045 1495 2118 lenimus
1510 2045 1690 2140 assignari.

426 2167 545 2240 Testes
560 2177 642 2241 sunt
653 2168 702 2240 hii
715 2169 933 2243 dermannus
946 2171 1099 2244 marchio
1113 2173 1159 2246 de
1172 2169 1298 2264 Budin,
1310 2170 1348 2243 C.
1362 2169 1574 2264 burgravius
1588 2169 1634 2243 de
1642 2171 1785 2244 Nurim-

381 2287 481 2380 bero,
503 2290 657 2364 mamhio
684 2291 730 2366 de
752 2293 923 2389 Burgum
951 2293 1142 2390 Liupddus
1162 2293 1211 2391 (t)
1234 2303 1271 2367 et
1291 2293 1332 2367 E.
1353 2295 1474 2368 iratres
1495 2294 1540 2369 de
1562 2293 1782 2388 Grindelaolr,

378 2414 415 2486 C.
433 2412 479 2487 de
494 2415 618 2488 Stuffin
634 2423 669 2490 e‘t
686 2418 745 2490 alii
761 2421 995 2516 quamplures.
1201 2421 1206 2484 ἶ
1226 2475 1230 2487 .

426 2537 551 2612 Actum
567 2540 664 2637 apud
687 2539 929 2637 Geilinhusen,
950 2565 1043 2618 anno
1061 2543 1233 2618 dominice
1256 2543 1501 2618 incarnationis
1518 2544 1701 2620 millesimo
1715 2545 1786 2630 ¹du·

379 2663 565 2736 centesimo
581 2663 753 2740 tricesimo
767 2665 894 2763 prim'o,
909 2667 952 2740 lll
970 2687 1081 2741 nonos
1089 2667 1198 2760 iunii3
1215 2666 1404 2742 indictione
1418 2668 1475 2740 lV.

430 3219 615 3306 Haurious
634 3221 896 3308 Romanorum
919 3250 986 3308 rex
1012 3235 1139 3310 ratum
1167 3225 1283 3310 habet
1307 3239 1345 3312 ot
1365 3227 1566 3316 confirmat
1591 3232 1791 3318 arbitrium
1824 3252 1963 3352 effi,

378 3361 466 3461 post
490 3353 648 3466 longam
674 3354 780 3438 litam
810 3357 909 3441 inter
934 3357 1144 3468 oepitulum
1170 3358 1485 3472 Naumbnrgense
1511 3373 1549 3446 et
1579 3366 1790 3474 capitulum
1856 3336 1975 3415 ’Μ’

382 3481 558 3591 Cioense,
603 3488 859 3574 mediantibus
900 3491 1182 3601 arehiepisoopo
1221 3492 1567 3604 Magdeburgensi‚
1605 3497 1791 3608 episcopis

379 3613 701 3727 Nnumburgensi,
712 3621 1014 3734 Merseburgeusi
1028 3634 1067 3708 et
1079 3625 1297 3734 Mutinensi,
1308 3628 1625 3736 compromissum
1639 3657 1718 3742 quo
1731 3657 1792 3718 eo-

380 3746 497 3830 olesia
515 3749 841 3864 Nuumburgeusis
862 3763 1049 3867 nuquam
1069 3758 1297 3844 cathedralis
1311 3761 1377 3871 jus
1394 3760 1559 3872 eligendi
1572 3763 1791 3875 episeopum

382 3878 495 3988 pleno
516 3879 604 3990 jure
631 3883 773 3968 habere
800 3886 1038 3998 declaratur,
1058 3901 1234 4003 vetatque
1251 3919 1301 3977 ne
1322 3894 1410 4004 quis
1435 3895 1789 4010 Naumhurgensem

382 4011 604 4122 episeopum
620 4015 661 4098 in
673 4017 924 4128 ignominiam
939 4030 1005 4106 aut
1016 4023 1200 4112 lesionem
1213 4026 1296 4139 ejus
1311 4027 1506 4115 Cioensem
1518 4032 1701 4117 nominet.

461 4198 576 4279 (Edidit
587 4201 730 4285 Lmsrus
746 4204 841 4268 dact
857 4205 909 4270 der·
921 4209 1053 4294 Bixldsae
1064 4209 1113 4275 der
1129 4213 1243 4278 nacta
1259 4214 1449 4299 deurp,
1466 4223 1537 4282 erit.
1551 4219 1652 4295 Theti,
1666 4219 1789 4284 lirlrun-

500 4305 645 4388 denb.,p.
664 4317 780 4387 28⁴,u0
794 4323 844 4389 58,
859 4319 1180 4396 exmglnalllnareln
1195 4323 1283 4400 oepit.
1298 4322 1438 4403 Naumlt.)

432 4490 614 4566 Heinrions
626 4496 794 4591 septimus
810 4501 873 4576 Dei
891 4505 1000 4598 gratia
1014 4505 1244 4582 Romanorum
1262 4529 1338 4606 rex,
1355 4531 1490 4609 sempor
1507 4523 1694 4609 augustus,
1711 4517 1790 4590 uni-

423 4663 462 4745 (o)
481 4666 597 4730 nsunt
608 4670 671 4734 huo
683 4673 743 4736 duo
756 4675 848 4740 verba
856 4680 937 4758 apud
947 4683 1074 4750 Hennes

420 4767 460 4853 (t)
481 4773 573 4854 Apud
585 4777 716 4863 llennes,
729 4780 896 4866 mpoldas
