4702 6110
591 631 653 694 toa
1115 633 1287 696 lliiltliiicl
1311 635 1479 698 stetim
1818 637 1899 716 [dn.
1916 635 2004 702 ml.

671 792 921 980 [Effffinj'
938 790 1009 856 God-
1024 791 1144 877 diplom
1164 797 1315 881 napum,
1334 805 1356 862 t
1373 799 1415 877 11,
1430 813 1499 880 para
1513 806 1544 880 a,
1555 816 1587 877 p.
1603 805 1674 874 aas,
1691 813 1731 860 ax
1743 803 1860 880 caup.
1875 802 1908 862 u
1921 801 2002 863 use

861 917 893 962 ll.

640 1085 879 1160 lienricusDei
889 1086 1000 1180 gratia
1011 1085 1246 1160 Romanorum
1258 1107 1321 1160 rex
1331 1097 1369 1160 et
1381 1109 1516 1184 semper
1524 1097 1705 1184 augustus,
1716 1088 1889 1162 universis
1897 1088 2007 1186 impe·

594 1211 637 1284 rii
667 1209 829 1284 fidelibus
847 1209 977 1304 quibus
999 1231 1140 1308 presens
1157 1211 1269 1285 littera
1290 1212 1393 1286 luerit
1408 1221 1544 1286 ostensa
1559 1213 1706 1308 gratiam
1725 1235 1825 1288 suam
1846 1222 1882 1286 et
1902 1233 2006 1292 omne

592 1336 737 1408 bonum.
758 1333 974 1406 Presentium
992 1331 1223 1406 insinuatione
1239 1333 1285 1408 ad
1306 1335 1463 1408 notitiam
1476 1337 1717 1410 universorum
1740 1335 1902 1432 cupimus
1927 1357 2005 1431 per·

593 1459 715 1533 venire
740 1459 836 1552 quod
859 1479 923 1530 nos
946 1477 992 1530 ex
1018 1454 1234 1552 plenitudine
1262 1459 1396 1531 consilii
1423 1459 1529 1533 nostri
1558 1459 1800 1534 constituimus
1825 1469 1866 1531 ut
1892 1458 2006 1534 fidelis

594 1593 710 1658 noster
735 1579 934 1654 Gsrhardus
953 1580 999 1654 de
1019 1579 1154 1677 Sian'ch
1175 1579 1220 1652 de
1243 1579 1453 1673 bajolatione
1475 1582 1541 1678 ipsi
1560 1603 1581 1656 a
1604 1591 1720 1656 nostra
1742 1581 1926 1656 serenitate
1950 1603 2005 1656 rc-

593 1707 776 1782 commissa
800 1705 887 1778 nulli
913 1702 1122 1800 respondeat
1143 1705 1199 1776 vel
1221 1705 1377 1778 intendat
1397 1705 1465 1778 nisi
1480 1706 1593 1779 nobis.
1615 1705 1670 1778 Ad
1689 1706 1790 1798 cnjus
1812 1707 1892 1780 lacti
1912 1713 2005 1778 certa

593 1833 722 1906 indicia
744 1838 938 1928 presentem
963 1829 1110 1902 litteram
1138 1829 1251 1924 sigillo
1277 1840 1392 1904 nostro
1414 1832 1659 1904 communitam
1685 1831 1752 1928 ipsi
1777 1831 1922 1906 lecimus
1947 1851 2003 1904 as·

590 1977 732 2052 aignan.

640 2081 766 2152 Datum
782 2075 878 2174 apud
893 2077 1132 2169 Wormatiam,
1150 2075 1308 2152 kalendis
1323 2077 1419 2170 maii,
1441 2077 1628 2154 indictione
1645 2080 1717 2152 1111.

499 2671 546 2720 ve,
644 2644 828 2728 Henricus
842 2643 1103 2726 Romanorum
1119 2667 1185 2724 rex
1201 2641 1368 2726 lllricum
1390 2645 1564 2728 comitem
1589 2645 1638 2728 de
1661 2645 1808 2758 Kiburg
1828 2671 2001 2730 consan-

591 2779 774 2892 guineum
792 2801 906 2860 suum
923 2775 971 2857 de
990 2775 1252 2884 praepositura
1274 2775 1479 2861 Beronensi
1502 2777 1653 2862 investit
1670 2788 1708 2862 et
1724 2778 1915 2862 canonicis
1931 2777 2002 2862 Be·

588 2909 815 2997 senensibus
829 2909 989 2990 mandat
1001 2919 1043 2990 ut
1052 2909 1085 2991 ei
1099 2909 1147 2991 da
1161 2908 1323 3020 singulis
1336 2920 1374 2992 et
1387 2911 1573 2994 uniuersis
1578 2911 1736 3022 justitiis
1745 2921 1782 2996 et
1790 2911 2001 2996 rationibus

587 3045 757 3156 ejusdem
771 3041 1053 3152 praepositurae
1066 3041 1116 3122 ad
1131 3040 1288 3149 planum
1301 3041 1493 3126 obediant.

670 3283 806 3366 (Edlder.
822 3281 1005 3353 Hannon,
1023 3275 1176 3360 Genealoq.
1190 3277 1310 3354 Hadri„
1326 3281 1375 3356 11,
1396 3291 1467 3344 too.
1480 3313 1521 3328 —
1532 3282 1713 3357 samanar,
1738 3279 1866 3344 vindan
1882 3281 2002 3358 Ltttm,

707 3391 738 3464 1,
756 3383 836 3466 ras.)

638 3602 806 3676 ilenricus
829 3600 893 3673 Dei
917 3599 1028 3691 gratia
1054 3599 1285 3673 Romanorum
1316 3621 1381 3673 rex
1402 3611 1438 3673 et
1462 3621 1598 3696 semper
1621 3611 1810 3695 augustus,
1838 3600 2003 3676 fidelibus

590 3730 663 3804 suis
684 3723 857 3799 universis
884 3722 1061 3797 canonicis
1086 3723 1339 3797 Beronensibus
1363 3723 1509 3818 gratiam
1536 3745 1635 3796 suam
1662 3735 1699 3798 et
1723 3745 1826 3799 omne
1851 3725 1997 3800 bonum.

589 3850 821 3926 decedentem
842 3846 886 3920 ad
913 3868 978 3920 nos
1008 3845 1172 3920 dilectum
1199 3846 1494 3942 consanguineum
1517 3858 1672 3922 nostrum
1700 3849 1853 3922 Utricum
1882 3851 2000 3924 comi-

589 3985 659 4049 tam
687 3974 732 4048 de
753 3971 899 4066 Kybnrg
922 3969 1120 4042 Basiliensis
1154 3969 1298 4042 ecclesie
1326 3969 1531 4043 mnonicum
1564 3971 1715 4066 benigne
1744 3973 1939 4070 recepimus
1965 3986 2001 4048 et

496 4137 499 4145 ν
588 4102 704 4197 ipsum
727 4097 875 4170 electum
894 4116 916 4167 a
939 4093 1041 4166 vobis
1064 4093 1110 4168 de
1134 4093 1350 4189 prepositura
1372 4094 1558 4168 Beronensi
1585 4093 1844 4186 investivimus,
1868 4099 2000 4172 consti-

587 4231 722 4296 tuentes
740 4242 821 4294 eum
839 4217 1026 4312 imperialis
1046 4217 1126 4289 aule
1149 4219 1364 4313 capellanum
1381 4218 1487 4290 veluti
1506 4228 1664 4290 tenemur
1678 4219 1791 4294 lacere
1810 4221 2003 4318 prepositos

589 4347 673 4421 dicti
695 4345 774 4436 loci,
799 4342 977 4437 cupientes
1002 4341 1035 4412 ei
1057 4339 1245 4434 dignitates
1265 4362 1346 4418 suae
1360 4341 1436 4414 loco
1453 4349 1488 4413 et
1500 4349 1652 4438 tempore
1668 4343 1846 4438 ampliare.
1863 4344 1939 4429 Qua
1958 4344 2003 4417 de

590 4491 628 4544 re
660 4467 868 4541 mandamus
899 4463 1084 4560 prudentie
1110 4473 1225 4537 vestre
1256 4465 1350 4560 regia
1377 4464 1578 4538 auctoritate
1603 4463 1745 4538 firmiter
1776 4465 2003 4562 precipientes

588 4601 761 4689 quatenus
787 4589 954 4687 prelibato
978 4588 1151 4684 preposito
1173 4596 1291 4661 nostro
1315 4586 1360 4661 de
1385 4587 1544 4662 omnibus
1573 4596 1609 4662 et
1638 4589 1785 4684 singulis
1801 4591 1942 4683 justitiis
1966 4602 2001 4662 et

589 4715 781 4789 rationibus
798 4711 1016 4810 prepositure
1035 4711 1239 4785 Beronensis
1259 4709 1429 4784 obediatis
1448 4713 1494 4786 ad
1514 4712 1701 4808 plenumst
1717 4689 1862 4800 fideliter
1880 4713 1999 4786 inten-
