<?xml version="1.0" encoding="UTF-8"?>
<!DOCTYPE html PUBLIC "-//W3C//DTD XHTML 1.0 Transitional//EN"
    "http://www.w3.org/TR/xhtml1/DTD/xhtml1-transitional.dtd">
<html xmlns="http://www.w3.org/1999/xhtml" xml:lang="en" lang="en">
 <head>
  <title>
</title>
<meta http-equiv="Content-Type" content="text/html;charset=utf-8" />
  <meta name='ocr-system' content='tesseract 3.04.00' />
  <meta name='ocr-capabilities' content='ocr_page ocr_carea ocr_par ocr_line ocrx_word'/>
</head>
<body>
  <div class='ocr_page' id='page_1' title='image "./historiadiploma03fredgoog/historiadiploma03fredgoog_0286.png"; bbox 0 0 4642 6106; ppageno 0'>
   <div class='ocr_carea' id='block_1_1' title="bbox 368 673 1786 764">
    <p class='ocr_par' dir='ltr' id='par_1_1' title="bbox 368 673 1786 764">
     <span class='ocr_line' id='line_1_1' title="bbox 368 673 1786 764; baseline -0.006 -18"><span class='ocrx_word' id='word_1_1' title='bbox 368 685 472 746; x_wconf 77' lang='lat' dir='ltr'><strong>lenior.</strong></span> <span class='ocrx_word' id='word_1_2' title='bbox 487 679 531 764; x_wconf 76' lang='grc'><strong>4.]</strong></span> <span class='ocrx_word' id='word_1_3' title='bbox 821 673 1019 736; x_wconf 74' lang='lat' dir='ltr'><strong>fllsroala</strong></span> <span class='ocrx_word' id='word_1_4' title='bbox 1044 675 1335 738; x_wconf 72' lang='lat' dir='ltr'><strong>circundaret.</strong></span> <span class='ocrx_word' id='word_1_5' title='bbox 1727 677 1786 738; x_wconf 74' lang='lat' dir='ltr'><strong>2&#39;l&#39;l</strong></span> 
     </span>
    </p>
   </div>
   <div class='ocr_carea' id='block_1_2' title="bbox 367 809 1797 3896">
    <p class='ocr_par' dir='ltr' id='par_1_2' title="bbox 367 809 1791 1016">
     <span class='ocr_line' id='line_1_2' title="bbox 367 809 1791 908; baseline -0.004 -16"><span class='ocrx_word' id='word_1_6' title='bbox 367 817 490 892; x_wconf 90' lang='lat' dir='ltr'><strong>scienti</strong></span> <span class='ocrx_word' id='word_1_7' title='bbox 511 815 731 906; x_wconf 87' lang='lat' dir='ltr'><strong>abscondita,</strong></span> <span class='ocrx_word' id='word_1_8' title='bbox 758 811 896 902; x_wconf 83' lang='lat' dir='ltr'><strong>lotura,</strong></span> <span class='ocrx_word' id='word_1_9' title='bbox 924 811 1096 902; x_wconf 80' lang='lat' dir='ltr'><strong>extantia,</strong></span> <span class='ocrx_word' id='word_1_10' title='bbox 1123 813 1186 906; x_wconf 93' lang='lat' dir='ltr'><strong>qui</strong></span> <span class='ocrx_word' id='word_1_11' title='bbox 1212 821 1265 886; x_wconf 87' lang='lat' dir='ltr'><strong>est</strong></span> <span class='ocrx_word' id='word_1_12' title='bbox 1288 821 1428 885; x_wconf 81' lang='lat' dir='ltr'><strong>uterum</strong></span> <span class='ocrx_word' id='word_1_13' title='bbox 1451 820 1530 908; x_wconf 91' lang='lat' dir='ltr'><strong>post</strong></span> <span class='ocrx_word' id='word_1_14' title='bbox 1555 809 1660 884; x_wconf 85' lang='lat' dir='ltr'><strong>finem</strong></span> <span class='ocrx_word' id='word_1_15' title='bbox 1678 815 1791 886; x_wconf 91' lang='lat' dir='ltr'><strong>omnis</strong></span> 
     </span>
     <span class='ocr_line' id='line_1_3' title="bbox 369 941 535 1016; baseline -0.024 0"><span class='ocrx_word' id='word_1_16' title='bbox 369 941 535 1016; x_wconf 89' lang='lat' dir='ltr'><strong>viventis.</strong></span> 
     </span>
    </p>

    <p class='ocr_par' dir='ltr' id='par_1_3' title="bbox 368 1059 1797 3896">
     <span class='ocr_line' id='line_1_4' title="bbox 415 1059 1790 1158; baseline -0.006 -18"><span class='ocrx_word' id='word_1_17' title='bbox 415 1065 571 1141; x_wconf 82' lang='lat' dir='ltr'><strong>Tandem</strong></span> <span class='ocrx_word' id='word_1_18' title='bbox 590 1065 656 1138; x_wconf 93' lang='lat' dir='ltr'><strong>hoc</strong></span> <span class='ocrx_word' id='word_1_19' title='bbox 676 1071 729 1137; x_wconf 90' lang='lat' dir='ltr'><strong>est</strong></span> <span class='ocrx_word' id='word_1_20' title='bbox 745 1061 899 1158; x_wconf 88' lang='lat' dir='ltr'><strong>diploma</strong></span> <span class='ocrx_word' id='word_1_21' title='bbox 917 1059 1014 1157; x_wconf 82' lang='lat' dir='ltr'><strong>pacis</strong></span> <span class='ocrx_word' id='word_1_22' title='bbox 1029 1059 1228 1154; x_wconf 90' lang='lat' dir='ltr'><strong>benedicte,</strong></span> <span class='ocrx_word' id='word_1_23' title='bbox 1250 1061 1279 1134; x_wconf 90' lang='lat' dir='ltr'><strong>si</strong></span> <span class='ocrx_word' id='word_1_24' title='bbox 1303 1060 1452 1134; x_wconf 86' lang='lat' dir='ltr'><strong>voluerit</strong></span> <span class='ocrx_word' id='word_1_25' title='bbox 1468 1061 1562 1132; x_wconf 86' lang='lat' dir='ltr'><strong>Deus</strong></span> <span class='ocrx_word' id='word_1_26' title='bbox 1579 1061 1738 1134; x_wconf 86' lang='lat' dir='ltr'><strong>excelsus</strong></span> <span class='ocrx_word' id='word_1_27' title='bbox 1755 1073 1790 1135; x_wconf 87' lang='lat' dir='ltr'><strong>ct</strong></span> 
     </span>
     <span class='ocr_line' id='line_1_5' title="bbox 368 1183 1789 1290; baseline -0.006 -23"><span class='ocrx_word' id='word_1_28' title='bbox 368 1191 552 1290; x_wconf 89' lang='lat' dir='ltr'><strong>pretiosus,</strong></span> <span class='ocrx_word' id='word_1_29' title='bbox 568 1209 639 1285; x_wconf 87' lang='lat' dir='ltr'><strong>que</strong></span> <span class='ocrx_word' id='word_1_30' title='bbox 650 1197 702 1262; x_wconf 90' lang='lat' dir='ltr'><strong>est</strong></span> <span class='ocrx_word' id='word_1_31' title='bbox 711 1187 796 1260; x_wconf 91' lang='lat' dir='ltr'><strong>inita</strong></span> <span class='ocrx_word' id='word_1_32' title='bbox 810 1209 873 1283; x_wconf 87' lang='lat' dir='ltr'><strong>per</strong></span> <span class='ocrx_word' id='word_1_33' title='bbox 883 1185 1160 1260; x_wconf 81' lang='lat' dir='ltr'><strong>benedictionem</strong></span> <span class='ocrx_word' id='word_1_34' title='bbox 1169 1185 1249 1278; x_wconf 79' lang='lat' dir='ltr'><strong>llei3</strong></span> <span class='ocrx_word' id='word_1_35' title='bbox 1265 1185 1365 1278; x_wconf 89' lang='lat' dir='ltr'><strong>cujus</strong></span> <span class='ocrx_word' id='word_1_36' title='bbox 1376 1183 1424 1282; x_wconf 88' lang='lat' dir='ltr'><strong>(a)</strong></span> <span class='ocrx_word' id='word_1_37' title='bbox 1438 1194 1518 1279; x_wconf 83' lang='lat' dir='ltr'><strong>toga</strong></span> <span class='ocrx_word' id='word_1_38' title='bbox 1530 1185 1683 1280; x_wconf 90' lang='lat' dir='ltr'><strong>estpicta</strong></span> <span class='ocrx_word' id='word_1_39' title='bbox 1693 1207 1789 1280; x_wconf 78' lang='lat' dir='ltr'><strong>gem·</strong></span> 
     </span>
     <span class='ocr_line' id='line_1_6' title="bbox 368 1310 1789 1407; baseline -0.003 -19"><span class='ocrx_word' id='word_1_40' title='bbox 368 1316 436 1388; x_wconf 92' lang='lat' dir='ltr'><strong>mis</strong></span> <span class='ocrx_word' id='word_1_41' title='bbox 449 1312 701 1388; x_wconf 81' lang='lat' dir='ltr'><strong>observationis</strong></span> <span class='ocrx_word' id='word_1_42' title='bbox 713 1310 958 1406; x_wconf 85' lang='lat' dir='ltr'><strong>jurisjurandi,</strong></span> <span class='ocrx_word' id='word_1_43' title='bbox 980 1319 1015 1384; x_wconf 90' lang='lat' dir='ltr'><strong>et</strong></span> <span class='ocrx_word' id='word_1_44' title='bbox 1030 1311 1116 1385; x_wconf 89' lang='lat' dir='ltr'><strong>rami</strong></span> <span class='ocrx_word' id='word_1_45' title='bbox 1133 1310 1227 1383; x_wconf 90' lang='lat' dir='ltr'><strong>illius</strong></span> <span class='ocrx_word' id='word_1_46' title='bbox 1241 1319 1464 1407; x_wconf 89' lang='lat' dir='ltr'><strong>penetrarunt</strong></span> <span class='ocrx_word' id='word_1_47' title='bbox 1483 1331 1596 1405; x_wconf 87' lang='lat' dir='ltr'><strong>usque</strong></span> <span class='ocrx_word' id='word_1_48' title='bbox 1615 1311 1662 1385; x_wconf 91' lang='lat' dir='ltr'><strong>ad</strong></span> <span class='ocrx_word' id='word_1_49' title='bbox 1676 1311 1789 1384; x_wconf 90' lang='lat' dir='ltr'><strong>uelum</strong></span> 
     </span>
     <span class='ocr_line' id='line_1_7' title="bbox 368 1431 1789 1533; baseline -0.003 -21"><span class='ocrx_word' id='word_1_50' title='bbox 368 1439 553 1530; x_wconf 78' lang='lat' dir='ltr'><strong>felicitatis,</strong></span> <span class='ocrx_word' id='word_1_51' title='bbox 574 1459 681 1533; x_wconf 92' lang='lat' dir='ltr'><strong>quam</strong></span> <span class='ocrx_word' id='word_1_52' title='bbox 695 1436 811 1510; x_wconf 90' lang='lat' dir='ltr'><strong>senior</strong></span> <span class='ocrx_word' id='word_1_53' title='bbox 822 1437 1017 1530; x_wconf 85' lang='lat' dir='ltr'><strong>excellens,</strong></span> <span class='ocrx_word' id='word_1_54' title='bbox 1032 1434 1251 1530; x_wconf 80' lang='lat' dir='ltr'><strong>magnificus,</strong></span> <span class='ocrx_word' id='word_1_55' title='bbox 1267 1431 1493 1524; x_wconf 82' lang='lat' dir='ltr'><strong>reverendus,</strong></span> <span class='ocrx_word' id='word_1_56' title='bbox 1510 1431 1622 1507; x_wconf 86' lang='lat' dir='ltr'><strong>fidelis</strong></span> <span class='ocrx_word' id='word_1_57' title='bbox 1636 1437 1789 1531; x_wconf 90' lang='lat' dir='ltr'><strong>preemi-</strong></span> 
     </span>
     <span class='ocr_line' id='line_1_8' title="bbox 371 1557 1789 1656; baseline -0.001 -19"><span class='ocrx_word' id='word_1_58' title='bbox 371 1564 502 1654; x_wconf 87' lang='lat' dir='ltr'><strong>nentie‚</strong></span> <span class='ocrx_word' id='word_1_59' title='bbox 518 1561 723 1636; x_wconf 89' lang='lat' dir='ltr'><strong>benedictus</strong></span> <span class='ocrx_word' id='word_1_60' title='bbox 736 1569 771 1632; x_wconf 90' lang='lat' dir='ltr'><strong>et</strong></span> <span class='ocrx_word' id='word_1_61' title='bbox 785 1562 979 1633; x_wconf 84' lang='lat' dir='ltr'><strong>fortunatus</strong></span> <span class='ocrx_word' id='word_1_62' title='bbox 992 1558 1186 1633; x_wconf 84' lang='lat' dir='ltr'><strong>Abbuissac</strong></span> <span class='ocrx_word' id='word_1_63' title='bbox 1200 1559 1251 1656; x_wconf 82' lang='lat' dir='ltr'><strong>(l)</strong></span> <span class='ocrx_word' id='word_1_64' title='bbox 1262 1558 1355 1631; x_wconf 89' lang='lat' dir='ltr'><strong>filius</strong></span> <span class='ocrx_word' id='word_1_65' title='bbox 1369 1557 1513 1633; x_wconf 89' lang='lat' dir='ltr'><strong>senioris</strong></span> <span class='ocrx_word' id='word_1_66' title='bbox 1528 1559 1721 1633; x_wconf 91' lang='lat' dir='ltr'><strong>honorandi</strong></span> <span class='ocrx_word' id='word_1_67' title='bbox 1735 1581 1789 1635; x_wconf 92' lang='lat' dir='ltr'><strong>re-</strong></span> 
     </span>
     <span class='ocr_line' id='line_1_9' title="bbox 370 1681 1791 1778; baseline -0.002 -16"><span class='ocrx_word' id='word_1_68' title='bbox 370 1688 513 1762; x_wconf 81' lang='lat' dir='ltr'><strong>verendi</strong></span> <span class='ocrx_word' id='word_1_69' title='bbox 532 1685 686 1761; x_wconf 79' lang='lat' dir='ltr'><strong>defuncti</strong></span> <span class='ocrx_word' id='word_1_70' title='bbox 710 1683 934 1778; x_wconf 78' lang='lat' dir='ltr'><strong>AbJ&#39;ebrabim</strong></span> <span class='ocrx_word' id='word_1_71' title='bbox 952 1683 1013 1756; x_wconf 90' lang='lat' dir='ltr'><strong>lilii</strong></span> <span class='ocrx_word' id='word_1_72' title='bbox 1032 1684 1176 1758; x_wconf 91' lang='lat' dir='ltr'><strong>senioris</strong></span> <span class='ocrx_word' id='word_1_73' title='bbox 1192 1681 1413 1776; x_wconf 85' lang='lat' dir='ltr'><strong>sanctificati,</strong></span> <span class='ocrx_word' id='word_1_74' title='bbox 1434 1683 1519 1778; x_wconf 79' lang='lat' dir='ltr'><strong>legis</strong></span> <span class='ocrx_word' id='word_1_75' title='bbox 1534 1683 1597 1756; x_wconf 89' lang='lat' dir='ltr'><strong>Dei</strong></span> <span class='ocrx_word' id='word_1_76' title='bbox 1614 1681 1733 1758; x_wconf 91' lang='lat' dir='ltr'><strong>militis</strong></span> <span class='ocrx_word' id='word_1_77' title='bbox 1756 1698 1791 1759; x_wconf 89' lang='lat' dir='ltr'><strong>et</strong></span> 
     </span>
     <span class='ocr_line' id='line_1_10' title="bbox 371 1805 1790 1904; baseline -0.003 -18"><span class='ocrx_word' id='word_1_78' title='bbox 371 1810 561 1886; x_wconf 88' lang='lat' dir='ltr'><strong>delensoris</strong></span> <span class='ocrx_word' id='word_1_79' title='bbox 575 1809 745 1899; x_wconf 83' lang='lat' dir='ltr'><strong>Abibairi,</strong></span> <span class='ocrx_word' id='word_1_80' title='bbox 762 1807 948 1902; x_wconf 91' lang='lat' dir='ltr'><strong>dequibus</strong></span> <span class='ocrx_word' id='word_1_81' title='bbox 960 1809 1053 1880; x_wconf 90' lang='lat' dir='ltr'><strong>Deus</strong></span> <span class='ocrx_word' id='word_1_82' title='bbox 1068 1807 1135 1880; x_wconf 92' lang='lat' dir='ltr'><strong>sibi</strong></span> <span class='ocrx_word' id='word_1_83' title='bbox 1148 1807 1355 1904; x_wconf 90' lang='lat' dir='ltr'><strong>complacuit</strong></span> <span class='ocrx_word' id='word_1_84' title='bbox 1369 1815 1404 1879; x_wconf 92' lang='lat' dir='ltr'><strong>et</strong></span> <span class='ocrx_word' id='word_1_85' title='bbox 1420 1805 1523 1880; x_wconf 84' lang='lat' dir='ltr'><strong>duxit</strong></span> <span class='ocrx_word' id='word_1_86' title='bbox 1539 1807 1615 1881; x_wconf 92' lang='lat' dir='ltr'><strong>illos</strong></span> <span class='ocrx_word' id='word_1_87' title='bbox 1629 1807 1675 1881; x_wconf 90' lang='lat' dir='ltr'><strong>ad</strong></span> <span class='ocrx_word' id='word_1_88' title='bbox 1689 1809 1790 1882; x_wconf 89' lang='lat' dir='ltr'><strong>recti-</strong></span> 
     </span>
     <span class='ocr_line' id='line_1_11' title="bbox 371 1932 1790 2029; baseline -0.001 -21"><span class='ocrx_word' id='word_1_89' title='bbox 371 1935 530 2009; x_wconf 88' lang='lat' dir='ltr'><strong>tudinem</strong></span> <span class='ocrx_word' id='word_1_90' title='bbox 551 1933 685 2008; x_wconf 91' lang='lat' dir='ltr'><strong>consilii</strong></span> <span class='ocrx_word' id='word_1_91' title='bbox 704 1941 739 2006; x_wconf 90' lang='lat' dir='ltr'><strong>et</strong></span> <span class='ocrx_word' id='word_1_92' title='bbox 755 1933 948 2026; x_wconf 89' lang='lat' dir='ltr'><strong>electionis,</strong></span> <span class='ocrx_word' id='word_1_93' title='bbox 968 1932 1267 2029; x_wconf 88' lang='lat' dir='ltr'><strong>quemadmodum</strong></span> <span class='ocrx_word' id='word_1_94' title='bbox 1289 1933 1370 2006; x_wconf 86' lang='lat' dir='ltr'><strong>lecit</strong></span> <span class='ocrx_word' id='word_1_95' title='bbox 1389 1953 1449 2006; x_wconf 92' lang='lat' dir='ltr'><strong>eos</strong></span> <span class='ocrx_word' id='word_1_96' title='bbox 1467 1933 1614 2006; x_wconf 87' lang='lat' dir='ltr'><strong>arbitrus</strong></span> <span class='ocrx_word' id='word_1_97' title='bbox 1627 1934 1790 2008; x_wconf 90' lang='lat' dir='ltr'><strong>consilio-</strong></span> 
     </span>
     <span class='ocr_line' id='line_1_12' title="bbox 372 2055 1792 2150; baseline -0.001 -17"><span class='ocrx_word' id='word_1_98' title='bbox 372 2081 449 2132; x_wconf 92' lang='lat' dir='ltr'><strong>rum</strong></span> <span class='ocrx_word' id='word_1_99' title='bbox 466 2068 501 2133; x_wconf 92' lang='lat' dir='ltr'><strong>et</strong></span> <span class='ocrx_word' id='word_1_100' title='bbox 518 2057 711 2131; x_wconf 89' lang='lat' dir='ltr'><strong>secundum</strong></span> <span class='ocrx_word' id='word_1_101' title='bbox 727 2058 942 2132; x_wconf 85' lang='lat' dir='ltr'><strong>voluntatem</strong></span> <span class='ocrx_word' id='word_1_102' title='bbox 956 2079 1056 2130; x_wconf 89' lang='lat' dir='ltr'><strong>suam</strong></span> <span class='ocrx_word' id='word_1_103' title='bbox 1073 2059 1123 2130; x_wconf 90' lang='lat' dir='ltr'><strong>sic</strong></span> <span class='ocrx_word' id='word_1_104' title='bbox 1136 2055 1211 2130; x_wconf 87' lang='lat' dir='ltr'><strong>lieri</strong></span> <span class='ocrx_word' id='word_1_105' title='bbox 1230 2059 1286 2131; x_wconf 91' lang='lat' dir='ltr'><strong>vel</strong></span> <span class='ocrx_word' id='word_1_106' title='bbox 1303 2079 1391 2148; x_wconf 91' lang='lat' dir='ltr'><strong>non,</strong></span> <span class='ocrx_word' id='word_1_107' title='bbox 1410 2057 1604 2150; x_wconf 86' lang='lat' dir='ltr'><strong>ordinavit,</strong></span> <span class='ocrx_word' id='word_1_108' title='bbox 1619 2057 1792 2132; x_wconf 88' lang='lat' dir='ltr'><strong>mediante</strong></span> 
     </span>
     <span class='ocr_line' id='line_1_13' title="bbox 371 2179 1789 2277; baseline 0 -21"><span class='ocrx_word' id='word_1_109' title='bbox 371 2183 520 2257; x_wconf 83' lang='lat' dir='ltr'><strong>Vibaldo</strong></span> <span class='ocrx_word' id='word_1_110' title='bbox 534 2183 722 2256; x_wconf 90' lang='lat' dir='ltr'><strong>christiano</strong></span> <span class='ocrx_word' id='word_1_111' title='bbox 735 2182 868 2277; x_wconf 88' lang='lat' dir='ltr'><strong>equite,</strong></span> <span class='ocrx_word' id='word_1_112' title='bbox 889 2180 985 2256; x_wconf 86' lang='lat' dir='ltr'><strong>fideli</strong></span> <span class='ocrx_word' id='word_1_113' title='bbox 999 2181 1112 2277; x_wconf 80' lang='lat' dir='ltr'><strong>legato</strong></span> <span class='ocrx_word' id='word_1_114' title='bbox 1130 2181 1223 2276; x_wconf 81' lang='lat' dir='ltr'><strong>regis</strong></span> <span class='ocrx_word' id='word_1_115' title='bbox 1238 2181 1383 2255; x_wconf 89' lang='lat' dir='ltr'><strong>celebris</strong></span> <span class='ocrx_word' id='word_1_116' title='bbox 1401 2179 1546 2254; x_wconf 82' lang='lat' dir='ltr'><strong>maximi</strong></span> <span class='ocrx_word' id='word_1_117' title='bbox 1558 2182 1789 2256; x_wconf 87' lang='lat' dir='ltr'><strong>Romanorum</strong></span> 
     </span>
     <span class='ocr_line' id='line_1_14' title="bbox 372 2305 1793 2403; baseline 0 -22"><span class='ocrx_word' id='word_1_118' title='bbox 372 2307 536 2382; x_wconf 84' lang='lat' dir='ltr'><strong>Friderici</strong></span> <span class='ocrx_word' id='word_1_119' title='bbox 556 2306 687 2380; x_wconf 88' lang='lat' dir='ltr'><strong>Cesaris</strong></span> <span class='ocrx_word' id='word_1_120' title='bbox 709 2307 924 2403; x_wconf 87' lang='lat' dir='ltr'><strong>imperatoris</strong></span> <span class='ocrx_word' id='word_1_121' title='bbox 939 2307 1046 2380; x_wconf 80' lang='lat' dir='ltr'><strong>Rome</strong></span> <span class='ocrx_word' id='word_1_122' title='bbox 1062 2315 1097 2380; x_wconf 87' lang='lat' dir='ltr'><strong>et</strong></span> <span class='ocrx_word' id='word_1_123' title='bbox 1117 2306 1209 2402; x_wconf 81' lang='lat' dir='ltr'><strong>regis</strong></span> <span class='ocrx_word' id='word_1_124' title='bbox 1230 2305 1346 2380; x_wconf 89' lang='lat' dir='ltr'><strong>Sicilie</strong></span> <span class='ocrx_word' id='word_1_125' title='bbox 1363 2315 1397 2380; x_wconf 94' lang='lat' dir='ltr'><strong>et</strong></span> <span class='ocrx_word' id='word_1_126' title='bbox 1413 2305 1577 2379; x_wconf 85' lang='lat' dir='ltr'><strong>Saxonis.</strong></span> <span class='ocrx_word' id='word_1_127' title='bbox 1603 2307 1793 2383; x_wconf 88' lang='lat' dir='ltr'><strong>Concordet</strong></span> 
     </span>
     <span class='ocr_line' id='line_1_15' title="bbox 372 2429 1790 2527; baseline -0.001 -21"><span class='ocrx_word' id='word_1_128' title='bbox 372 2453 457 2506; x_wconf 91' lang='lat' dir='ltr'><strong>eum</strong></span> <span class='ocrx_word' id='word_1_129' title='bbox 474 2431 567 2506; x_wconf 88' lang='lat' dir='ltr'><strong>Deus</strong></span> <span class='ocrx_word' id='word_1_130' title='bbox 582 2441 617 2505; x_wconf 92' lang='lat' dir='ltr'><strong>et</strong></span> <span class='ocrx_word' id='word_1_131' title='bbox 634 2431 740 2504; x_wconf 88' lang='lat' dir='ltr'><strong>ducat</strong></span> <span class='ocrx_word' id='word_1_132' title='bbox 753 2431 799 2504; x_wconf 88' lang='lat' dir='ltr'><strong>ad</strong></span> <span class='ocrx_word' id='word_1_133' title='bbox 816 2431 1059 2506; x_wconf 85' lang='lat' dir='ltr'><strong>rectitudinem</strong></span> <span class='ocrx_word' id='word_1_134' title='bbox 1074 2437 1108 2504; x_wconf 89' lang='lat' dir='ltr'><strong>et</strong></span> <span class='ocrx_word' id='word_1_135' title='bbox 1124 2429 1386 2527; x_wconf 83' lang='lat' dir='ltr'><strong>prosperitatem</strong></span> <span class='ocrx_word' id='word_1_136' title='bbox 1409 2429 1603 2503; x_wconf 90' lang='lat' dir='ltr'><strong>secundum</strong></span> <span class='ocrx_word' id='word_1_137' title='bbox 1625 2431 1790 2527; x_wconf 90' lang='lat' dir='ltr'><strong>optimam</strong></span> 
     </span>
     <span class='ocr_line' id='line_1_16' title="bbox 373 2555 1790 2652; baseline 0.001 -24"><span class='ocrx_word' id='word_1_138' title='bbox 373 2557 615 2648; x_wconf 86' lang='lat' dir='ltr'><strong>intentionem,</strong></span> <span class='ocrx_word' id='word_1_139' title='bbox 635 2577 715 2628; x_wconf 91' lang='lat' dir='ltr'><strong>cum</strong></span> <span class='ocrx_word' id='word_1_140' title='bbox 733 2556 770 2626; x_wconf 95' lang='lat' dir='ltr'><strong>in</strong></span> <span class='ocrx_word' id='word_1_141' title='bbox 784 2563 951 2650; x_wconf 88' lang='lat' dir='ltr'><strong>potestate</strong></span> <span class='ocrx_word' id='word_1_142' title='bbox 968 2577 1032 2628; x_wconf 89' lang='lat' dir='ltr'><strong>sua</strong></span> <span class='ocrx_word' id='word_1_143' title='bbox 1049 2556 1116 2627; x_wconf 93' lang='lat' dir='ltr'><strong>boc</strong></span> <span class='ocrx_word' id='word_1_144' title='bbox 1130 2555 1320 2652; x_wconf 87' lang='lat' dir='ltr'><strong>posuisset,</strong></span> <span class='ocrx_word' id='word_1_145' title='bbox 1341 2577 1445 2649; x_wconf 89' lang='lat' dir='ltr'><strong>quem</strong></span> <span class='ocrx_word' id='word_1_146' title='bbox 1462 2555 1601 2628; x_wconf 87' lang='lat' dir='ltr'><strong>miserat</strong></span> <span class='ocrx_word' id='word_1_147' title='bbox 1615 2555 1790 2652; x_wconf 89' lang='lat' dir='ltr'><strong>predictus</strong></span> 
     </span>
     <span class='ocr_line' id='line_1_17' title="bbox 373 2677 1788 2776; baseline 0.001 -22"><span class='ocrx_word' id='word_1_148' title='bbox 373 2701 436 2754; x_wconf 85' lang='lat' dir='ltr'><strong>rex</strong></span> <span class='ocrx_word' id='word_1_149' title='bbox 452 2703 532 2752; x_wconf 91' lang='lat' dir='ltr'><strong>cum</strong></span> <span class='ocrx_word' id='word_1_150' title='bbox 550 2703 621 2775; x_wconf 93' lang='lat' dir='ltr'><strong>quo</strong></span> <span class='ocrx_word' id='word_1_151' title='bbox 637 2677 810 2754; x_wconf 72' lang='lat' dir='ltr'><strong>conuexit</strong></span> <span class='ocrx_word' id='word_1_152' title='bbox 822 2678 925 2753; x_wconf 86' lang='lat' dir='ltr'><strong>ledus</strong></span> <span class='ocrx_word' id='word_1_153' title='bbox 937 2701 1000 2776; x_wconf 87' lang='lat' dir='ltr'><strong>per</strong></span> <span class='ocrx_word' id='word_1_154' title='bbox 1015 2701 1140 2752; x_wconf 90' lang='lat' dir='ltr'><strong>manus</strong></span> <span class='ocrx_word' id='word_1_155' title='bbox 1157 2679 1262 2772; x_wconf 82' lang='lat' dir='ltr'><strong>legati</strong></span> <span class='ocrx_word' id='word_1_156' title='bbox 1284 2679 1339 2752; x_wconf 90' lang='lat' dir='ltr'><strong>sui</strong></span> <span class='ocrx_word' id='word_1_157' title='bbox 1351 2679 1490 2753; x_wconf 86' lang='lat' dir='ltr'><strong>Vibaldi</strong></span> <span class='ocrx_word' id='word_1_158' title='bbox 1514 2679 1641 2774; x_wconf 86' lang='lat' dir='ltr'><strong>equitis</strong></span> <span class='ocrx_word' id='word_1_159' title='bbox 1655 2678 1788 2773; x_wconf 86' lang='lat' dir='ltr'><strong>fidelis,</strong></span> 
     </span>
     <span class='ocr_line' id='line_1_18' title="bbox 373 2803 1793 2904; baseline 0.003 -26"><span class='ocrx_word' id='word_1_160' title='bbox 373 2805 568 2878; x_wconf 90' lang='lat' dir='ltr'><strong>secundum</strong></span> <span class='ocrx_word' id='word_1_161' title='bbox 587 2805 834 2879; x_wconf 87' lang='lat' dir='ltr'><strong>conventiones</strong></span> <span class='ocrx_word' id='word_1_162' title='bbox 851 2825 1000 2898; x_wconf 87' lang='lat' dir='ltr'><strong>quarum</strong></span> <span class='ocrx_word' id='word_1_163' title='bbox 1018 2813 1136 2900; x_wconf 84' lang='lat' dir='ltr'><strong>postea</strong></span> <span class='ocrx_word' id='word_1_164' title='bbox 1152 2815 1318 2899; x_wconf 89' lang='lat' dir='ltr'><strong>sequetur</strong></span> <span class='ocrx_word' id='word_1_165' title='bbox 1333 2803 1518 2878; x_wconf 84' lang='lat' dir='ltr'><strong>declaratio</strong></span> <span class='ocrx_word' id='word_1_166' title='bbox 1533 2805 1569 2877; x_wconf 93' lang='lat' dir='ltr'><strong>in</strong></span> <span class='ocrx_word' id='word_1_167' title='bbox 1586 2806 1653 2879; x_wconf 92' lang='lat' dir='ltr'><strong>hcc</strong></span> <span class='ocrx_word' id='word_1_168' title='bbox 1672 2807 1793 2904; x_wconf 92' lang='lat' dir='ltr'><strong>diplo-</strong></span> 
     </span>
     <span class='ocr_line' id='line_1_19' title="bbox 374 2927 1792 3028; baseline 0.002 -26"><span class='ocrx_word' id='word_1_169' title='bbox 374 2941 477 3003; x_wconf 85' lang='lat' dir='ltr'><strong>mate.</strong></span> <span class='ocrx_word' id='word_1_170' title='bbox 499 2931 591 3002; x_wconf 89' lang='lat' dir='ltr'><strong>lnter</strong></span> <span class='ocrx_word' id='word_1_171' title='bbox 610 2940 764 3025; x_wconf 85' lang='lat' dir='ltr'><strong>quaeest</strong></span> <span class='ocrx_word' id='word_1_172' title='bbox 779 2939 819 3002; x_wconf 93' lang='lat' dir='ltr'><strong>ut</strong></span> <span class='ocrx_word' id='word_1_173' title='bbox 837 2928 1135 3003; x_wconf 86' lang='lat' dir='ltr'><strong>dimittanturillis</strong></span> <span class='ocrx_word' id='word_1_174' title='bbox 1152 2929 1350 3024; x_wconf 91' lang='lat' dir='ltr'><strong>omnesqui</strong></span> <span class='ocrx_word' id='word_1_175' title='bbox 1368 2937 1451 3002; x_wconf 91' lang='lat' dir='ltr'><strong>sunt</strong></span> <span class='ocrx_word' id='word_1_176' title='bbox 1465 2929 1501 3001; x_wconf 94' lang='lat' dir='ltr'><strong>in</strong></span> <span class='ocrx_word' id='word_1_177' title='bbox 1519 2927 1635 3004; x_wconf 79' lang='lat' dir='ltr'><strong>Africa</strong></span> <span class='ocrx_word' id='word_1_178' title='bbox 1649 2951 1696 3004; x_wconf 86' lang='lat' dir='ltr'><strong>ex</strong></span> <span class='ocrx_word' id='word_1_179' title='bbox 1711 2953 1792 3028; x_wconf 90' lang='lat' dir='ltr'><strong>cap·</strong></span> 
     </span>
     <span class='ocr_line' id='line_1_20' title="bbox 373 3053 1793 3150; baseline 0.002 -23"><span class='ocrx_word' id='word_1_180' title='bbox 373 3054 455 3127; x_wconf 89' lang='lat' dir='ltr'><strong>tivis</strong></span> <span class='ocrx_word' id='word_1_181' title='bbox 475 3054 739 3129; x_wconf 89' lang='lat' dir='ltr'><strong>christianorum</strong></span> <span class='ocrx_word' id='word_1_182' title='bbox 761 3055 823 3150; x_wconf 90' lang='lat' dir='ltr'><strong>qul</strong></span> <span class='ocrx_word' id='word_1_183' title='bbox 846 3053 938 3150; x_wconf 89' lang='lat' dir='ltr'><strong>capti</strong></span> <span class='ocrx_word' id='word_1_184' title='bbox 959 3055 1100 3126; x_wconf 86' lang='lat' dir='ltr'><strong>inerunt</strong></span> <span class='ocrx_word' id='word_1_185' title='bbox 1122 3054 1157 3125; x_wconf 91' lang='lat' dir='ltr'><strong>io</strong></span> <span class='ocrx_word' id='word_1_186' title='bbox 1182 3065 1337 3150; x_wconf 92' lang='lat' dir='ltr'><strong>tempore</strong></span> <span class='ocrx_word' id='word_1_187' title='bbox 1352 3053 1465 3150; x_wconf 91' lang='lat' dir='ltr'><strong>pacis,</strong></span> <span class='ocrx_word' id='word_1_188' title='bbox 1491 3053 1566 3127; x_wconf 86' lang='lat' dir='ltr'><strong>sive</strong></span> <span class='ocrx_word' id='word_1_189' title='bbox 1587 3077 1700 3129; x_wconf 89' lang='lat' dir='ltr'><strong>mares</strong></span> <span class='ocrx_word' id='word_1_190' title='bbox 1717 3055 1793 3130; x_wconf 89' lang='lat' dir='ltr'><strong>sive</strong></span> 
     </span>
     <span class='ocr_line' id='line_1_21' title="bbox 375 3177 1793 3276; baseline 0.004 -27"><span class='ocrx_word' id='word_1_191' title='bbox 375 3179 503 3252; x_wconf 87' lang='lat' dir='ltr'><strong>lemine</strong></span> <span class='ocrx_word' id='word_1_192' title='bbox 518 3179 593 3251; x_wconf 90' lang='lat' dir='ltr'><strong>sive</strong></span> <span class='ocrx_word' id='word_1_193' title='bbox 611 3179 711 3274; x_wconf 89' lang='lat' dir='ltr'><strong>parvi</strong></span> <span class='ocrx_word' id='word_1_194' title='bbox 726 3179 802 3252; x_wconf 87' lang='lat' dir='ltr'><strong>sive</strong></span> <span class='ocrx_word' id='word_1_195' title='bbox 818 3179 936 3273; x_wconf 81' lang='lat' dir='ltr'><strong>magni</strong></span> <span class='ocrx_word' id='word_1_196' title='bbox 952 3199 999 3253; x_wconf 85' lang='lat' dir='ltr'><strong>ex</strong></span> <span class='ocrx_word' id='word_1_197' title='bbox 1019 3179 1181 3252; x_wconf 92' lang='lat' dir='ltr'><strong>omnibus</strong></span> <span class='ocrx_word' id='word_1_198' title='bbox 1198 3177 1260 3274; x_wconf 90' lang='lat' dir='ltr'><strong>qui</strong></span> <span class='ocrx_word' id='word_1_199' title='bbox 1276 3178 1392 3252; x_wconf 87' lang='lat' dir='ltr'><strong>adbuc</strong></span> <span class='ocrx_word' id='word_1_200' title='bbox 1412 3179 1667 3275; x_wconf 88' lang='lat' dir='ltr'><strong>amplectuntur</strong></span> <span class='ocrx_word' id='word_1_201' title='bbox 1682 3181 1793 3276; x_wconf 81' lang='lat' dir='ltr'><strong>legem</strong></span> 
     </span>
     <span class='ocr_line' id='line_1_22' title="bbox 375 3301 1792 3401; baseline 0.001 -27"><span class='ocrx_word' id='word_1_202' title='bbox 375 3301 637 3390; x_wconf 84' lang='lat' dir='ltr'><strong>christianismi,</strong></span> <span class='ocrx_word' id='word_1_203' title='bbox 654 3312 689 3376; x_wconf 91' lang='lat' dir='ltr'><strong>et</strong></span> <span class='ocrx_word' id='word_1_204' title='bbox 706 3303 810 3376; x_wconf 85' lang='lat' dir='ltr'><strong>etiam</strong></span> <span class='ocrx_word' id='word_1_205' title='bbox 825 3312 864 3374; x_wconf 91' lang='lat' dir='ltr'><strong>ut</strong></span> <span class='ocrx_word' id='word_1_206' title='bbox 877 3303 943 3398; x_wconf 91' lang='lat' dir='ltr'><strong>ipsi</strong></span> <span class='ocrx_word' id='word_1_207' title='bbox 959 3301 1133 3375; x_wconf 87' lang='lat' dir='ltr'><strong>dimittant</strong></span> <span class='ocrx_word' id='word_1_208' title='bbox 1146 3324 1266 3375; x_wconf 89' lang='lat' dir='ltr'><strong>omnes</strong></span> <span class='ocrx_word' id='word_1_209' title='bbox 1287 3301 1443 3398; x_wconf 88' lang='lat' dir='ltr'><strong>captivus</strong></span> <span class='ocrx_word' id='word_1_210' title='bbox 1457 3304 1715 3378; x_wconf 91' lang='lat' dir='ltr'><strong>mahumetanos</strong></span> <span class='ocrx_word' id='word_1_211' title='bbox 1731 3305 1792 3401; x_wconf 91' lang='lat' dir='ltr'><strong>qui</strong></span> 
     </span>
     <span class='ocr_line' id='line_1_23' title="bbox 376 3425 1792 3524; baseline 0.002 -26"><span class='ocrx_word' id='word_1_212' title='bbox 376 3425 560 3522; x_wconf 89' lang='lat' dir='ltr'><strong>suntapnd</strong></span> <span class='ocrx_word' id='word_1_213' title='bbox 570 3448 630 3500; x_wconf 91' lang='lat' dir='ltr'><strong>eos</strong></span> <span class='ocrx_word' id='word_1_214' title='bbox 642 3429 888 3524; x_wconf 87' lang='lat' dir='ltr'><strong>amplectentes</strong></span> <span class='ocrx_word' id='word_1_215' title='bbox 904 3427 1015 3520; x_wconf 78' lang='lat' dir='ltr'><strong>legem</strong></span> <span class='ocrx_word' id='word_1_216' title='bbox 1025 3427 1291 3514; x_wconf 88' lang='lat' dir='ltr'><strong>mahometismi‚</strong></span> <span class='ocrx_word' id='word_1_217' title='bbox 1304 3427 1380 3500; x_wconf 86' lang='lat' dir='ltr'><strong>sive</strong></span> <span class='ocrx_word' id='word_1_218' title='bbox 1390 3425 1643 3500; x_wconf 86' lang='lat' dir='ltr'><strong>sintmaresvel</strong></span> <span class='ocrx_word' id='word_1_219' title='bbox 1653 3427 1792 3519; x_wconf 85' lang='lat' dir='ltr'><strong>lemine,</strong></span> 
     </span>
     <span class='ocr_line' id='line_1_24' title="bbox 377 3550 1797 3647; baseline -0.001 -23"><span class='ocrx_word' id='word_1_220' title='bbox 377 3550 479 3647; x_wconf 85' lang='lat' dir='ltr'><strong>parvi</strong></span> <span class='ocrx_word' id='word_1_221' title='bbox 489 3551 546 3624; x_wconf 90' lang='lat' dir='ltr'><strong>vel</strong></span> <span class='ocrx_word' id='word_1_222' title='bbox 559 3551 692 3644; x_wconf 81' lang='lat' dir='ltr'><strong>magni.</strong></span> <span class='ocrx_word' id='word_1_223' title='bbox 706 3551 750 3624; x_wconf 88' lang='lat' dir='ltr'><strong>Et</strong></span> <span class='ocrx_word' id='word_1_224' title='bbox 764 3561 804 3623; x_wconf 91' lang='lat' dir='ltr'><strong>ut</strong></span> <span class='ocrx_word' id='word_1_225' title='bbox 818 3552 980 3625; x_wconf 87' lang='lat' dir='ltr'><strong>tollantur</strong></span> <span class='ocrx_word' id='word_1_226' title='bbox 991 3551 1196 3624; x_wconf 85' lang='lat' dir='ltr'><strong>vexationes</strong></span> <span class='ocrx_word' id='word_1_227' title='bbox 1210 3560 1245 3623; x_wconf 90' lang='lat' dir='ltr'><strong>et</strong></span> <span class='ocrx_word' id='word_1_228' title='bbox 1258 3550 1640 3624; x_wconf 81' lang='lat' dir='ltr'><strong>exactioncsordinarie</strong></span> <span class='ocrx_word' id='word_1_229' title='bbox 1652 3559 1687 3622; x_wconf 90' lang='lat' dir='ltr'><strong>et</strong></span> <span class='ocrx_word' id='word_1_230' title='bbox 1698 3551 1797 3626; x_wconf 87' lang='lat' dir='ltr'><strong>solite</strong></span> 
     </span>
     <span class='ocr_line' id='line_1_25' title="bbox 377 3673 1796 3770; baseline 0 -22"><span class='ocrx_word' id='word_1_231' title='bbox 377 3675 474 3768; x_wconf 80' lang='lat' dir='ltr'><strong>exigi</strong></span> <span class='ocrx_word' id='word_1_232' title='bbox 486 3697 507 3758; x_wconf 82' lang='lat' dir='ltr'><strong>a</strong></span> <span class='ocrx_word' id='word_1_233' title='bbox 519 3674 714 3748; x_wconf 89' lang='lat' dir='ltr'><strong>christianis</strong></span> <span class='ocrx_word' id='word_1_234' title='bbox 727 3675 973 3769; x_wconf 81' lang='lat' dir='ltr'><strong>navigantibus</strong></span> <span class='ocrx_word' id='word_1_235' title='bbox 984 3675 1031 3750; x_wconf 90' lang='lat' dir='ltr'><strong>ad</strong></span> <span class='ocrx_word' id='word_1_236' title='bbox 1039 3675 1236 3770; x_wconf 87' lang='lat' dir='ltr'><strong>provincias</strong></span> <span class='ocrx_word' id='word_1_237' title='bbox 1248 3673 1374 3764; x_wconf 80' lang='lat' dir='ltr'><strong>Africa,</strong></span> <span class='ocrx_word' id='word_1_238' title='bbox 1388 3697 1409 3748; x_wconf 94' lang='lat' dir='ltr'><strong>a</strong></span> <span class='ocrx_word' id='word_1_239' title='bbox 1424 3674 1671 3749; x_wconf 87' lang='lat' dir='ltr'><strong>mercatoribus</strong></span> <span class='ocrx_word' id='word_1_240' title='bbox 1683 3675 1796 3748; x_wconf 89' lang='lat' dir='ltr'><strong>insule</strong></span> 
     </span>
     <span class='ocr_line' id='line_1_26' title="bbox 377 3797 1797 3896; baseline 0.001 -24"><span class='ocrx_word' id='word_1_241' title='bbox 377 3797 506 3889; x_wconf 91' lang='lat' dir='ltr'><strong>Sicilie,</strong></span> <span class='ocrx_word' id='word_1_242' title='bbox 521 3799 690 3889; x_wconf 86' lang='lat' dir='ltr'><strong>Calabris,</strong></span> <span class='ocrx_word' id='word_1_243' title='bbox 702 3799 916 3894; x_wconf 87' lang='lat' dir='ltr'><strong>Principutus</strong></span> <span class='ocrx_word' id='word_1_244' title='bbox 929 3811 964 3872; x_wconf 92' lang='lat' dir='ltr'><strong>et</strong></span> <span class='ocrx_word' id='word_1_245' title='bbox 975 3797 1113 3894; x_wconf 82' lang='lat' dir='ltr'><strong>Apulia.</strong></span> <span class='ocrx_word' id='word_1_246' title='bbox 1129 3801 1173 3872; x_wconf 89' lang='lat' dir='ltr'><strong>Et</strong></span> <span class='ocrx_word' id='word_1_247' title='bbox 1184 3809 1224 3872; x_wconf 90' lang='lat' dir='ltr'><strong>ut</strong></span> <span class='ocrx_word' id='word_1_248' title='bbox 1235 3799 1301 3896; x_wconf 90' lang='lat' dir='ltr'><strong>ipsi</strong></span> <span class='ocrx_word' id='word_1_249' title='bbox 1313 3801 1417 3873; x_wconf 90' lang='lat' dir='ltr'><strong>etiam</strong></span> <span class='ocrx_word' id='word_1_250' title='bbox 1431 3800 1552 3872; x_wconf 87' lang='lat' dir='ltr'><strong>tollant</strong></span> <span class='ocrx_word' id='word_1_251' title='bbox 1562 3820 1682 3873; x_wconf 87' lang='lat' dir='ltr'><strong>omnes</strong></span> <span class='ocrx_word' id='word_1_252' title='bbox 1693 3821 1797 3874; x_wconf 84' lang='lat' dir='ltr'><strong>exac-</strong></span> 
     </span>
    </p>
   </div>
   <div class='ocr_carea' id='block_1_3' title="bbox 419 3983 897 4066">
    <p class='ocr_par' dir='ltr' id='par_1_4' title="bbox 419 3983 897 4066">
     <span class='ocr_line' id='line_1_27' title="bbox 419 3983 897 4066; baseline 0.008 -22"><span class='ocrx_word' id='word_1_253' title='bbox 419 3983 463 4066; x_wconf 76' lang='lat' dir='ltr'><strong>(a)</strong></span> <span class='ocrx_word' id='word_1_254' title='bbox 484 3985 705 4066; x_wconf 58' lang='lat' dir='ltr'><strong>surreptus,</strong></span> <span class='ocrx_word' id='word_1_255' title='bbox 719 3991 754 4048; x_wconf 80' lang='lat' dir='ltr'><strong>ut</strong></span> <span class='ocrx_word' id='word_1_256' title='bbox 769 3985 897 4059; x_wconf 62' lang='lat' dir='ltr'><strong>puceu.</strong></span> 
     </span>
    </p>
   </div>
   <div class='ocr_carea' id='block_1_4' title="bbox 383 4191 1791 4208">
    <p class='ocr_par' dir='ltr' id='par_1_5' title="bbox 383 4191 1791 4208">
     <span class='ocr_line' id='line_1_28' title="bbox 383 4191 1791 4208; baseline 0.001 -5"><span class='ocrx_word' id='word_1_257' title='bbox 383 4191 691 4204; x_wconf 64' lang='grc' dir='ltr'><strong>-η--ι-ι-ιιι-</strong></span> <span class='ocrx_word' id='word_1_258' title='bbox 1169 4193 1259 4204; x_wconf 61' lang='grc' dir='ltr'><strong>,ιι-..ιι-</strong></span> <span class='ocrx_word' id='word_1_259' title='bbox 1266 4193 1411 4203; x_wconf 68' lang='lat' dir='ltr'><strong>·-un--o—</strong></span> <span class='ocrx_word' id='word_1_260' title='bbox 1417 4193 1791 4208; x_wconf 45' lang='grc' dir='ltr'><strong>*ψει-*ι*-</strong></span> 
     </span>
    </p>
   </div>
   <div class='ocr_carea' id='block_1_5' title="bbox 381 4327 1801 4978">
    <p class='ocr_par' dir='ltr' id='par_1_6' title="bbox 381 4327 1801 4892">
     <span class='ocr_line' id='line_1_29' title="bbox 415 4327 1798 4408; baseline 0.002 -21"><span class='ocrx_word' id='word_1_261' title='bbox 415 4327 451 4404; x_wconf 81' lang='lat' dir='ltr'><strong>(l)</strong></span> <span class='ocrx_word' id='word_1_262' title='bbox 462 4327 696 4401; x_wconf 76' lang='lat' dir='ltr'><strong>lbdnl-Ouabid,</strong></span> <span class='ocrx_word' id='word_1_263' title='bbox 715 4327 788 4386; x_wconf 78' lang='lat' dir='ltr'><strong>filius</strong></span> <span class='ocrx_word' id='word_1_264' title='bbox 805 4333 852 4386; x_wconf 89' lang='lat' dir='ltr'><strong>aut</strong></span> <span class='ocrx_word' id='word_1_265' title='bbox 870 4343 957 4404; x_wconf 89' lang='lat' dir='ltr'><strong>nepos</strong></span> <span class='ocrx_word' id='word_1_266' title='bbox 976 4328 1070 4388; x_wconf 88' lang='lat' dir='ltr'><strong>scheilr</strong></span> <span class='ocrx_word' id='word_1_267' title='bbox 1081 4327 1332 4389; x_wconf 82' lang='lat' dir='ltr'><strong>omar-dhoullals</strong></span> <span class='ocrx_word' id='word_1_268' title='bbox 1342 4346 1405 4388; x_wconf 89' lang='lat' dir='ltr'><strong>ann.</strong></span> <span class='ocrx_word' id='word_1_269' title='bbox 1422 4333 1492 4390; x_wconf 77' lang='lat'><strong>⁴206</strong></span> <span class='ocrx_word' id='word_1_270' title='bbox 1502 4331 1673 4390; x_wconf 79' lang='lat' dir='ltr'><strong>Tmetanum</strong></span> <span class='ocrx_word' id='word_1_271' title='bbox 1686 4348 1798 4408; x_wconf 75' lang='lat' dir='ltr'><strong>regnum</strong></span> 
     </span>
     <span class='ocr_line' id='line_1_30' title="bbox 381 4425 1799 4504; baseline 0.002 -18"><span class='ocrx_word' id='word_1_272' title='bbox 381 4425 542 4486; x_wconf 86' lang='lat' dir='ltr'><strong>obtinuerat.</strong></span> <span class='ocrx_word' id='word_1_273' title='bbox 555 4425 648 4485; x_wconf 87' lang='lat' dir='ltr'><strong>Plures</strong></span> <span class='ocrx_word' id='word_1_274' title='bbox 655 4427 765 4502; x_wconf 89' lang='lat' dir='ltr'><strong>reliquit</strong></span> <span class='ocrx_word' id='word_1_275' title='bbox 779 4425 847 4485; x_wconf 86' lang='lat' dir='ltr'><strong>fllios</strong></span> <span class='ocrx_word' id='word_1_276' title='bbox 858 4441 974 4502; x_wconf 90' lang='lat' dir='ltr'><strong>quorum</strong></span> <span class='ocrx_word' id='word_1_277' title='bbox 987 4443 1059 4485; x_wconf 89' lang='lat' dir='ltr'><strong>unus</strong></span> <span class='ocrx_word' id='word_1_278' title='bbox 1070 4425 1383 4502; x_wconf 78' lang='lat' dir='ltr'><strong>labia-Abouzakeria,</strong></span> <span class='ocrx_word' id='word_1_279' title='bbox 1396 4434 1459 4504; x_wconf 91' lang='lat' dir='ltr'><strong>post</strong></span> <span class='ocrx_word' id='word_1_280' title='bbox 1470 4427 1568 4486; x_wconf 87' lang='lat' dir='ltr'><strong>multas</strong></span> <span class='ocrx_word' id='word_1_281' title='bbox 1581 4444 1643 4488; x_wconf 87' lang='lat' dir='ltr'><strong>cum</strong></span> <span class='ocrx_word' id='word_1_282' title='bbox 1655 4428 1736 4488; x_wconf 80' lang='lat' dir='ltr'><strong>fratre</strong></span> <span class='ocrx_word' id='word_1_283' title='bbox 1748 4447 1799 4489; x_wconf 90' lang='lat' dir='ltr'><strong>suc</strong></span> 
     </span>
     <span class='ocr_line' id='line_1_31' title="bbox 381 4525 1799 4601; baseline 0.002 -19"><span class='ocrx_word' id='word_1_284' title='bbox 381 4525 535 4583; x_wconf 75' lang='lat' dir='ltr'><strong>abd-olan</strong></span> <span class='ocrx_word' id='word_1_285' title='bbox 550 4525 757 4600; x_wconf 88' lang='lat' dir='ltr'><strong>disceptationes</strong></span> <span class='ocrx_word' id='word_1_286' title='bbox 766 4568 773 4596; x_wconf 92' lang='lat'>‚</span> <span class='ocrx_word' id='word_1_287' title='bbox 782 4541 865 4599; x_wconf 80' lang='lat' dir='ltr'><strong>regno</strong></span> <span class='ocrx_word' id='word_1_288' title='bbox 875 4525 988 4600; x_wconf 87' lang='lat' dir='ltr'><strong>potitus,</strong></span> <span class='ocrx_word' id='word_1_289' title='bbox 997 4526 1099 4600; x_wconf 83' lang='lat' dir='ltr'><strong>sejugo</strong></span> <span class='ocrx_word' id='word_1_290' title='bbox 1108 4525 1262 4601; x_wconf 88' lang='lat' dir='ltr'><strong>principum</strong></span> <span class='ocrx_word' id='word_1_291' title='bbox 1270 4525 1513 4584; x_wconf 80' lang='lat' dir='ltr'><strong>dimohadenorum</strong></span> <span class='ocrx_word' id='word_1_292' title='bbox 1524 4525 1598 4584; x_wconf 86' lang='lat' dir='ltr'><strong>eruit</strong></span> <span class='ocrx_word' id='word_1_293' title='bbox 1608 4533 1637 4585; x_wconf 93' lang='lat' dir='ltr'><strong>et</strong></span> <span class='ocrx_word' id='word_1_294' title='bbox 1647 4544 1719 4586; x_wconf 89' lang='lat' dir='ltr'><strong>anno</strong></span> <span class='ocrx_word' id='word_1_295' title='bbox 1728 4531 1799 4588; x_wconf 66' lang='lat' dir='ltr'><strong>lile</strong></span> 
     </span>
     <span class='ocr_line' id='line_1_32' title="bbox 381 4621 1801 4697; baseline 0.001 -17"><span class='ocrx_word' id='word_1_296' title='bbox 381 4621 490 4680; x_wconf 86' lang='lat' dir='ltr'><strong>circiter</strong></span> <span class='ocrx_word' id='word_1_297' title='bbox 503 4621 580 4680; x_wconf 91' lang='lat' dir='ltr'><strong>obiit.</strong></span> <span class='ocrx_word' id='word_1_298' title='bbox 591 4621 630 4681; x_wconf 86' lang='lat' dir='ltr'><strong>Ci.</strong></span> <span class='ocrx_word' id='word_1_299' title='bbox 644 4639 681 4680; x_wconf 86' lang='lat' dir='ltr'><strong>ns</strong></span> <span class='ocrx_word' id='word_1_300' title='bbox 695 4621 839 4695; x_wconf 83' lang='lat' dir='ltr'><strong>Gurcruss,</strong></span> <span class='ocrx_word' id='word_1_301' title='bbox 851 4623 924 4680; x_wconf 81' lang='lat' dir='ltr'><strong>illst.</strong></span> <span class='ocrx_word' id='word_1_302' title='bbox 938 4621 984 4678; x_wconf 74' lang='lat' dir='ltr'><strong>des</strong></span> <span class='ocrx_word' id='word_1_303' title='bbox 995 4623 1084 4688; x_wconf 79' lang='lat' dir='ltr'><strong>Hunc,</strong></span> <span class='ocrx_word' id='word_1_304' title='bbox 1097 4629 1119 4679; x_wconf 89' lang='lat' dir='ltr'><strong>t.</strong></span> <span class='ocrx_word' id='word_1_305' title='bbox 1135 4621 1160 4693; x_wconf 89' lang='lat' dir='ltr'><strong>l,</strong></span> <span class='ocrx_word' id='word_1_306' title='bbox 1176 4637 1239 4697; x_wconf 87' lang='lat' dir='ltr'><strong>pars</strong></span> <span class='ocrx_word' id='word_1_307' title='bbox 1253 4627 1292 4694; x_wconf 73' lang='lat'><strong>⁴¹,</strong></span> <span class='ocrx_word' id='word_1_308' title='bbox 1307 4639 1337 4696; x_wconf 92' lang='lat' dir='ltr'><strong>p.</strong></span> <span class='ocrx_word' id='word_1_309' title='bbox 1351 4625 1413 4679; x_wconf 85' lang='grc'>386.</span> <span class='ocrx_word' id='word_1_310' title='bbox 1422 4623 1610 4695; x_wconf 78' lang='lat' dir='ltr'><strong>-llnurruu,</strong></span> <span class='ocrx_word' id='word_1_311' title='bbox 1621 4625 1690 4682; x_wconf 85' lang='lat' dir='ltr'><strong>Note</strong></span> <span class='ocrx_word' id='word_1_312' title='bbox 1703 4641 1752 4681; x_wconf 86' lang='lat' dir='ltr'><strong>sur</strong></span> <span class='ocrx_word' id='word_1_313' title='bbox 1763 4625 1801 4682; x_wconf 82' lang='lat' dir='ltr'><strong>les</strong></span> 
     </span>
     <span class='ocr_line' id='line_1_33' title="bbox 382 4717 1796 4796; baseline -0.001 -20"><span class='ocrx_word' id='word_1_314' title='bbox 382 4717 572 4794; x_wconf 73' lang='lat' dir='ltr'><strong>Abuultussap.</strong></span> <span class='ocrx_word' id='word_1_315' title='bbox 582 4719 721 4794; x_wconf 74' lang='lat' dir='ltr'><strong>Mlienpcs</strong></span> <span class='ocrx_word' id='word_1_316' title='bbox 729 4719 979 4796; x_wconf 76' lang='lat' dir='ltr'><strong>lictoriqucs,t.ll,</strong></span> <span class='ocrx_word' id='word_1_317' title='bbox 988 4737 1016 4795; x_wconf 91' lang='lat' dir='ltr'><strong>p.</strong></span> <span class='ocrx_word' id='word_1_318' title='bbox 1027 4723 1078 4776; x_wconf 77' lang='lat'><strong>⁴⁰8</strong></span> <span class='ocrx_word' id='word_1_319' title='bbox 1087 4727 1115 4778; x_wconf 91' lang='lat' dir='ltr'><strong>et</strong></span> <span class='ocrx_word' id='word_1_320' title='bbox 1123 4721 1398 4795; x_wconf 76' lang='lat' dir='ltr'><strong>seqq.-llotsssuu,</strong></span> <span class='ocrx_word' id='word_1_321' title='bbox 1408 4721 1532 4777; x_wconf 78' lang='lat' dir='ltr'><strong>Histoire</strong></span> <span class='ocrx_word' id='word_1_322' title='bbox 1540 4719 1740 4796; x_wconf 69' lang='lat' dir='ltr'><strong>desideriosa,</strong></span> <span class='ocrx_word' id='word_1_323' title='bbox 1751 4739 1796 4796; x_wconf 88' lang='lat' dir='ltr'><strong>ep.</strong></span> 
     </span>
     <span class='ocr_line' id='line_1_34' title="bbox 382 4815 1708 4892; baseline 0.001 -19"><span class='ocrx_word' id='word_1_324' title='bbox 382 4817 498 4874; x_wconf 74' lang='lat' dir='ltr'><strong>tuamet</strong></span> <span class='ocrx_word' id='word_1_325' title='bbox 506 4819 655 4892; x_wconf 71' lang='lat' dir='ltr'><strong>mistique,</strong></span> <span class='ocrx_word' id='word_1_326' title='bbox 669 4833 730 4875; x_wconf 66' lang='lat' dir='ltr'><strong>auu⁴</strong></span> <span class='ocrx_word' id='word_1_327' title='bbox 748 4820 829 4876; x_wconf 80' lang='lat' dir='ltr'><strong>l8l9.</strong></span> <span class='ocrx_word' id='word_1_328' title='bbox 844 4817 929 4874; x_wconf 89' lang='lat' dir='ltr'><strong>istum</strong></span> <span class='ocrx_word' id='word_1_329' title='bbox 941 4823 1033 4874; x_wconf 87' lang='lat' dir='ltr'><strong>autem</strong></span> <span class='ocrx_word' id='word_1_330' title='bbox 1044 4815 1185 4876; x_wconf 73' lang='lat' dir='ltr'><strong>Abeo-zali</strong></span> <span class='ocrx_word' id='word_1_331' title='bbox 1199 4817 1324 4875; x_wconf 88' lang='lat' dir='ltr'><strong>eumdem</strong></span> <span class='ocrx_word' id='word_1_332' title='bbox 1336 4831 1369 4874; x_wconf 88' lang='lat' dir='ltr'><strong>ac</strong></span> <span class='ocrx_word' id='word_1_333' title='bbox 1382 4817 1532 4875; x_wconf 78' lang='lat' dir='ltr'><strong>dbbuissac</strong></span> <span class='ocrx_word' id='word_1_334' title='bbox 1543 4834 1605 4876; x_wconf 86' lang='lat' dir='ltr'><strong>esse</strong></span> <span class='ocrx_word' id='word_1_335' title='bbox 1616 4817 1708 4892; x_wconf 85' lang='lat' dir='ltr'><strong>liquot.</strong></span> 
     </span>
    </p>

    <p class='ocr_par' dir='ltr' id='par_1_7' title="bbox 464 4915 1640 4978">
     <span class='ocr_line' id='line_1_35' title="bbox 464 4915 1640 4978; baseline 0.002 -2"><span class='ocrx_word' id='word_1_336' title='bbox 464 4917 520 4978; x_wconf 94' lang='lat' dir='ltr'><strong>lll.</strong></span> <span class='ocrx_word' id='word_1_337' title='bbox 1590 4915 1640 4978; x_wconf 77' lang='lat'><strong>85*</strong></span> 
     </span>
    </p>
   </div>
   <div class='ocr_carea' id='block_1_6' title="bbox 0 0 2346 6100">
    <p class='ocr_par' dir='ltr' id='par_1_8' title="bbox 0 0 2346 6100">
     <span class='ocr_line' id='line_1_36' title="bbox 0 0 2346 6100; baseline 0 0"><span class='ocrx_word' id='word_1_338' title='bbox 0 0 2346 6100; x_wconf 95' lang='lat' dir='ltr'><strong> </strong></span> 
     </span>
    </p>
   </div>
  </div>
 </body>
</html>
