4602 6084
525 633 567 696 (ii.
1027 640 1241 704 inueniret
1266 641 1441 704 securint
1748 645 1829 724 [Ass.
1848 646 1936 710 lm

526 771 642 844 ticiem
656 771 857 867 occupavit,
875 793 935 846 ees
948 795 1029 848 eum
1039 775 1142 850 bonis
1156 776 1321 874 predictis
1338 776 1454 852 eidem
1468 777 1676 852 monasterio
1687 777 1935 855 subtrahendo.

525 895 615 982 Quia
631 895 737 990 igitur
756 899 1004 972 monesterium
1029 900 1164 997 ipsum,
1181 903 1260 995 juro
1277 901 1460 975 advocetis
1481 901 1578 998 qnod
1598 901 1700 976 nobis
1721 905 1884 999 competit
1901 905 1939 977 in

526 1017 663 1111 eodem,
681 1019 821 1116 speciali
838 1029 995 1096 tenemur
1009 1024 1239 1120 propensione
1255 1026 1383 1118 lovere,
1403 1024 1585 1100 devocioni
1603 1033 1717 1098 vestre
1733 1025 1940 1100 mandamus

526 1152 698 1238 qnatenus
719 1153 865 1241 utreque
885 1157 982 1242 purte
1003 1157 1161 1246 presente
1186 1147 1336 1224 audietis
1353 1171 1493 1225 censam
1520 1149 1649 1224 dictum
1673 1159 1708 1223 et
1731 1148 1801 1224 fine
1822 1149 1941 1224 debite

527 1269 727 1343 terminetis.

545 1382 548 1388 ’
577 1395 702 1466 Datum
717 1395 829 1470 Baroli
847 1397 884 1468 in
900 1395 1041 1494 Apulis,
1049 1451 1140 1472 ......
1165 1397 1218 1496 (i)
1232 1399 1342 1495 prime
1357 1397 1568 1474 indictionis.

1331 1673 1709 1688 ..affl

435 1965 455 2031 r,
583 1929 789 2041 Gregorius
806 1929 909 2038 Pepe
924 1929 952 2012 F
953 1929 1133 2034 riderico,
1160 1929 1420 2014 Romanorum
1443 1930 1677 2038 imperatori,
1697 1931 1943 2042 conqueritur

529 2065 577 2146 de
585 2060 893 2171 oppressionibus
902 2060 1044 2170 quibus
1057 2060 1245 2144 Ecclesiae
1257 2062 1365 2172 regni
1380 2061 1528 2144 Siciliae
1543 2061 1594 2145 eb
1606 2063 1689 2171 ipso
1703 2063 1939 2174 affligimur,

529 2195 719 2304 mittitque
739 2195 836 2276 duos
859 2191 994 2274 iratres
1016 2193 1178 2276 Minores
1195 2219 1362 2303 quorum
1380 2193 1651 2278 monitionibus
1670 2221 1781 2278 eures
1799 2197 1944 2306 operiet

530 2355 626 2440 ques
639 2329 828 2424 ,hactenus
844 2326 1007 2408 nimium
1025 2325 1236 2409 inconsulte
1252 2326 1401 2409 clausit.

611 2535 722 2614 (Edidit
735 2534 895 2595 munere.
912 2529 1021 2594 Aoncl.
1033 2529 1139 2607 cecla,
1150 2539 1225 2596 tom.
1238 2535 1254 2596 I
1266 2535 1304 2595 ed
1322 2551 1393 2597 enm.
1409 2543 1498 2608 tete,
1509 2535 1622 2610 cviii,
1635 2552 1673 2598 ert
1685 2536 1803 2616 neget.
1817 2535 1940 2617 Greger.

648 2641 701 2702 lib.
712 2643 753 2717 11,
764 2643 849 2720 epist.
864 2650 911 2703 ιο.
923 2641 998 2702 Cell.
1009 2658 1080 2702 cnm
1092 2641 1209 2703 collect.
1224 2641 1334 2723 Puris.)

576 2820 777 2916 Gregorius,
792 2828 879 2912 etc,
895 2819 1069 2893 Friderico
1083 2821 1313 2894 llomenorum
1331 2821 1543 2917 imperutori,
1559 2833 1626 2896 ete.
1641 2821 1808 2896 Ascendit
1819 2822 1866 2896 cd
1879 2843 1944 2896 nos

529 2948 675 3038 ciumor,
696 2943 850 3016 ululatus
864 2951 899 3015 et
914 2942 1040 3016 stridor
1057 2943 1279 3033 miserabilis,
1298 2943 1438 3018 validus
1459 2955 1494 3018 et
1508 2945 1703 3019 horrendus
1721 2944 1942 3018 ecclesiarum

530 3079 564 3142 et
589 3068 790 3142 elericorum
810 3067 910 3162 regni
928 3067 1042 3140 Sicilie
1058 3077 1094 3140 et
1114 3067 1242 3164 Apulis
1259 3067 1356 3163 quod
1374 3069 1411 3142 in
1424 3091 1485 3143 eos
1499 3070 1587 3143 ultre
1598 3089 1704 3164 mem
1719 3067 1865 3140 deincili
1878 3089 1944 3142 ex·

527 3193 631 3291 primi
641 3192 754 3266 valeat
768 3191 887 3286 inique
901 3191 1084 3264 deseviens
1092 3191 1317 3287 ipsosuilligis
1329 3193 1540 3266 cruciatibus
1552 3191 1707 3284 infinitis,
1719 3193 1811 3265 bonu
1823 3213 1943 3266 eorum

530 3317 697 3414 diripiens
712 3325 747 3389 et
762 3325 973 3410 extorquens
994 3315 1065 3410 (ti),
1097 3317 1135 3388 in
1154 3317 1371 3390 manifestem
1392 3316 1635 3390 contumeliam
1654 3314 1892 3410 Redemptoris
1909 3327 1945 3390 et

566 3581 602 3656 (t)
620 3581 672 3638 iiie
688 3586 731 3638 est
744 3579 865 3636 modicus
875 3579 985 3636 chortes
1002 3577 1074 3636 caric
1087 3593 1182 3636 exesus
1197 3579 1297 3650 hiatus,
1311 3585 1343 3638 ut
1359 3585 1452 3637 monet
1468 3577 1668 3650 Schwendner;
1688 3577 1740 3634 nisi
1759 3577 1828 3635 ierte
1839 3577 1900 3635 ricc
1911 3579 1946 3635 io

530 3680 628 3754 apulie
643 3677 782 3752 legendum
796 3677 891 3734 sitii!
903 3675 1013 3750 aprilis.
1025 3677 1099 3734 Licet
1111 3682 1200 3734 eutem
1218 3677 1305 3752 primu
1317 3677 1425 3734 indictio
1440 3693 1511 3734 enno
1524 3679 1593 3734 itta
1607 3691 1693 3750 aeque
1704 3675 1857 3746 conveniet,
1870 3679 1899 3733 et
1908 3675 1944 3734 ed

530 3780 603 3836 hunc
613 3793 713 3834 annum
726 3791 757 3833 sc
768 3775 864 3832 releret
876 3775 1008 3846 Hormayr
1020 3772 1072 3831 hoc
1083 3789 1190 3848 quoque
1203 3774 1358 3830 mandatum
1373 3789 1525 3832 memorans
1535 3773 1648 3844 (Auctio
1664 3773 1714 3846 fiir
1731 3771 1873 3828 litterator
1887 3771 1945 3829 erud

528 3875 629 3951 pecu,
640 3891 702 3932 ann.
714 3873 804 3946 ⁴827),
817 3873 916 3930 rectius
927 3877 1015 3930 temm
1025 3871 1097 3928 idem
1106 3871 1140 3928 ed
1151 3887 1252 3928 annum
1264 3874 1332 3930 ⁴228
1345 3871 1480 3946 pertinere
1489 3870 1661 3941 arbitremur,
1674 3870 1795 3944 inspecto
1807 3869 1945 3944 privilegio

529 3975 617 4033 eidem
631 3972 754 4030 abbatiae
767 3969 897 4029 (lossensi
910 3969 1022 4040 indulto,
1036 3986 1099 4026 ann.
1113 3971 1182 4027 ⁴230
1194 3983 1287 4025 mense
1299 3969 1392 4042 epriii;
1403 3969 1474 4042 quod
1490 3968 1568 4026 inire.

563 4073 600 4145 tt)
620 4071 738 4128 eliense
753 4067 843 4126 martii
856 4083 907 4142 pro
922 4071 1031 4124 centrum
1048 4064 1227 4124 servientibus
1243 4065 1318 4139 (cum
1335 4063 1461 4138 expensis
1475 4070 1504 4122 et
1521 4063 1604 4122 ermis
1619 4079 1669 4138 per
1684 4065 1799 4137 annum)
1818 4062 1946 4121 collectae

533 4191 546 4224 s
559 4175 623 4228 sunt
635 4168 747 4226 deterre
760 4166 914 4224 monasterii
929 4164 1120 4236 (cassinensis)
1133 4163 1229 4220 unciae
1239 4161 1361 4220 trec·
1373 4162 1467 4220 Mense
1480 4161 1573 4236 spriiis
1593 4161 1738 4236 imperator
1758 4177 1808 4236 pro
1825 4159 1946 4218 subsidio

533 4287 546 4322 s
562 4273 648 4324 terres
656 4271 765 4324 senctm
776 4265 812 4322 ab
824 4263 953 4322 Ecclesiis
969 4268 998 4320 st
1013 4262 1136 4336 personis
1151 4259 1343 4319 ecclesiasticis
1352 4259 1453 4334 ubique
1465 4273 1515 4333 per
1528 4274 1641 4332 regnum
1653 4265 1755 4318 certem
1768 4259 1852 4332 exigit
1864 4273 1946 4332 peor-

533 4385 547 4419 e
564 4365 625 4421 nine
637 4363 830 4437 nemimem,
845 4367 873 4419 et
886 4367 951 4418 tunc
964 4360 999 4418 de
1013 4359 1087 4416 mille
1104 4359 1228 4416 ducentis
1246 4357 1333 4416 unciis
1350 4362 1462 4431 pmptcr
1473 4357 1526 4414 hoc
1541 4357 1673 4430 impositis
1685 4361 1774 4414 terreo
1791 4355 1946 4414 monasteri

533 4462 668 4520 »remisit
685 4461 829 4534 imperator
846 4458 881 4516 de
896 4457 983 4532 gretie
1000 4455 1095 4514 nucius
1113 4456 1171 4514 suri
1190 4461 1308 4514 centum.
1330 4453 1432 4512 Eodem
1451 4467 1544 4512 mense
1562 4453 1708 4526 Gregorius
1722 4453 1795 4528 Pepe
1812 4469 1863 4526 per
1881 4467 1946 4510 suns

532 4558 674 4616 »mandet
693 4557 796 4614 litteras
813 4555 947 4614 universis
969 4552 1152 4610 Ecclesinmm
1171 4552 1298 4627 praelatis
1313 4557 1341 4609 et
1357 4551 1463 4610 clericis
1480 4567 1530 4626 per
1545 4566 1658 4624 regnum
1671 4549 1778 4608 Sieiiiec
1795 4547 1947 4608 coementis

531 4675 546 4710 s
562 4656 615 4716 sub
627 4653 843 4712 interminatione
857 4651 966 4710 ultiouis
975 4650 1122 4708 canonicae
1136 4651 1242 4726 nequis
1255 4665 1349 4708 eorum
1361 4649 1515 4723 imperatori
1526 4654 1573 4706 sut
1585 4648 1684 4721 emulis
1697 4648 1754 4706 stris
1766 4647 1830 4705 dure
1843 4645 1945 4719 utquid

531 4774 545 4808 r
561 4771 609 4830 pro
618 4751 810 4826 redemptione,
824 4749 939 4808 detcvel
949 4747 1231 4822 collectapreesumat.
1242 4749 1382 4806 s-llrcc.
1393 4763 1429 4805 ns
1438 4747 1468 4805 S.
1479 4747 1584 4818 Genu„
1595 4746 1723 4808 (tironio.
1736 4744 1774 4804 cd
1784 4761 1852 4804 mro.
1861 4745 1943 4804 itte.
