4602 6084
1056 596 1270 660 FlllllElllGl
1294 595 1467 658 sucoso!
1782 602 1862 682 [Arx.
1881 603 1970 668 1227.

388 1127 510 1234 “alili
619 1127 746 1212 Mense
759 1127 858 1238 junii
882 1127 1114 1238 [Gregorius]
1143 1127 1281 1212 Urbem
1302 1128 1431 1210 eniens
1454 1129 1556 1212 venit
1587 1129 1803 1239 anagniam
1825 1139 1863 1212 et
1885 1152 1973 1214 suos

567 1267 658 1342 tuno
676 1259 725 1341 ad
745 1259 1012 1368 imperatorem
1030 1259 1186 1343 nuntios
1208 1259 1339 1369 dirigit
1356 1271 1399 1343 ut
1418 1259 1490 1344 sibi
1518 1259 1674 1344 iodrum
1696 1259 1810 1343 iaciat
1826 1261 1876 1344 ab
1899 1261 1974 1345 ho-

566 1389 734 1475 minibus
758 1391 866 1502 regni
889 1391 1027 1475 deferri
1048 1390 1133 1502 (l);
1158 1392 1225 1501 qui
1249 1391 1410 1476 Henrioo
1432 1393 1481 1476 de
1497 1393 1623 1478 llorra
1645 1393 1828 1504 mapstm
1847 1393 1972 1504 justi-

568 1523 677 1606 tiario
704 1523 778 1606 hoo
805 1523 1021 1608 laciendum
1053 1524 1218 1635 delegat.
1249 1525 1457 1634 Imperator
1489 1525 1569 1636 ipse
1593 1525 1815 1636 justitiarios
1842 1551 1973 1609 omnes

568 1655 675 1766 regni
694 1657 753 1738 sui
777 1657 885 1740 adse
902 1657 942 1739 in
962 1657 1130 1740 Sioiliam
1147 1667 1276 1764 vocat,
1302 1657 1517 1742 reddituros
1536 1658 1608 1742 sibi
1631 1659 1679 1742 de
1703 1659 1863 1768 aooeptis
1885 1684 1974 1742 om-

568 1787 681 1871 nibus
700 1789 899 1872 rationem.
926 1789 1073 1873 interea
1094 1816 1162 1898 per
1183 1799 1307 1874 totum
1330 1815 1493 1901 regnum
1514 1816 1585 1900 pro
1607 1789 1706 1874 lelioi
1723 1791 1885 1874 transitu
1905 1816 1974 1872 suo

569 1921 785 2030 generalem
799 1921 996 2004 collectam
1010 1923 1193 2032 imponit,
1208 1932 1246 2006 et
1258 1932 1350 2007 tuno
1363 1923 1529 2008 eolleotm
1539 1923 1686 2006 suntde
1703 1933 1803 2005 terra
1816 1947 1976 2005 monas—

567 2053 652 2134 terii
666 2053 935 2160 [Cassinensisl
953 2055 1077 2138 unoioe
1095 2083 1207 2137 eccon
1225 2055 1433 2164 Imperator
1446 2057 1587 2166 ipsede
1602 2055 1781 2139 Siciliain
1797 2055 1973 2166 Apuliam

567 2186 669 2268 venit
682 2187 751 2296 qui
770 2186 818 2270 ad
832 2211 973 2297 papam
986 2187 1175 2298 Reginum
1193 2187 1518 2298 arehiepiscopum
1536 2199 1573 2272 et
1590 2189 1820 2300 magistrum
1836 2187 1974 2271 domus

566 2317 1179 2432 lheutonieorumlegatosmittit.
1191 2319 1362 2402 Rrooannr
1373 2349 1417 2402 na
1433 2321 1473 2404 S.
1493 2323 1612 2406 Gran.
1632 2321 1803 2406 Clrooio.
1819 2325 1870 2404 od
1883 2349 1970 2402 oon.

392 2886 515 2994 ⁰32tp‘·
622 2879 855 2986 Friderious,
876 2878 1138 2962 Romanorum
1155 2877 1377 2984 imperator,
1393 2883 1550 2958 renovat
1562 2882 1600 2956 et
1612 2872 1976 2983 oonlirmatprivile-

571 3015 679 3124 pum
698 3011 747 3095 ab
766 3037 837 3096 aro
861 3035 931 3094 suo
954 3009 1144 3093 Friderioo
1161 3009 1302 3118 primo,
1318 3007 1578 3091 Romanorum
1596 3007 1837 3116 imperatore,
1857 3007 1977 3091 Ram-

571 3145 687 3229 baldo
705 3143 964 3229 Ravasohierae
983 3142 1112 3225 comiti
1126 3142 1173 3224 de
1192 3140 1370 3253 Laragna
1387 3165 1630 3248 conoessum,
1650 3139 1723 3224 sub
1739 3140 1829 3223 dato
1846 3170 1856 3222 ε
1874 3139 1977 3223 Lan·

571 3277 716 3384 driani,
740 3281 777 3359 1ο
796 3273 1019 3386 septembris
1040 3275 1157 3356 1158.

565 3567 569 3578 .
654 3491 826 3572 (Memorat.
841 3509 860 3553 s
873 3493 1025 3565 ziam,
1043 3485 1170 3570 namot.
1184 3486 1274 3550 mou.
1290 3485 1402 3564 arar„
1416 3507 1452 3569 p.
1466 3497 1535 3562 105,
1553 3491 1607 3566 qul
1618 3489 1673 3550 hoe
1688 3490 1799 3552 tudteat
1811 3489 1908 3550 tontes
1920 3507 1928 3549 r
1942 3489 1977 3549 Si

690 3596 759 3660 orde
770 3599 925 3680 repirtrato
937 3593 1017 3678 nepti
1027 3597 1086 3656 atti
1098 3594 1238 3657 diPiatro
1246 3595 1425 3676 Sanpuineto
1434 3614 1455 3656 a
1467 3604 1502 3656 to
1513 3591 1713 3676 dtLapliodd
1721 3604 1798 3656 toto
1811 3612 1826 3656 e
1838 3591 1888 3656 nel
1901 3603 1975 3656 uto

689 3723 711 3766 a
728 3703 768 3766 30
785 3703 817 3764 dt
836 3705 954 3786 piuprto.
977 3703 1013 3764 Si
1029 3700 1090 3762 dice
1109 3708 1229 3763 aratro
1248 3699 1300 3762 dul
1319 3701 1441 3784 repittro
1457 3698 1566 3762 raclio
1584 3695 1633 3760 tat
1649 3717 1796 3761 uouemere
1815 3697 1847 3760 cli
1866 3699 1977 3762 Gmoeu

686 3828 743 3892 per
759 3811 892 3872 Tommro
906 3808 937 3870 di
952 3806 1110 3880 Credam,
1126 3806 1239 3868 ootode
1252 3805 1296 3867 ἀί
1305 3804 1490 3888 privileppi.)

619 4001 744 4073 Datum
769 3998 937 4089 Gravine,
963 4018 1056 4071 anno
1080 3995 1252 4069 dominice
1278 3993 1521 4067 iucarnationis
1540 3993 1587 4066 M.
1606 3990 1670 4064 CC.
1691 3991 1834 4082 xxvii,
1861 4009 1978 4062 mense

569 4123 661 4216 julii.

574 4433 634 4484 tura
648 4433 706 4498 est,
726 4443 788 4484 oum
804 4429 957 4502 superiores
975 4431 1191 4504 posterioresque
1206 4430 1234 4486 in
1248 4431 1363 4504 liegesto
1377 4426 1516 4503 pontificio
1534 4429 1656 4484 armatae
1671 4423 1699 4479 in
1714 4437 1746 4480 ea
1766 4419 1834 4477 urbe
1847 4419 1975 4492 legantur.

613 4539 649 4580 rra
704 4521 796 4581 ‚ibim

572 4525 732 4694 &offla
745 4621 774 4677 in
785 4627 859 4680 tomo
870 4622 1032 4697 precedenti
1046 4623 1080 4680 de
1095 4623 1222 4682 iumenti
1237 4623 1348 4682 caritate
1363 4622 1390 4678 in
1404 4620 1471 4678 urbe
1483 4621 1568 4678 norun
1582 4617 1661 4693 epist.
1677 4614 1786 4674 lionorii
1796 4627 1875 4689 pape
1886 4623 1979 4669 menso

566 4715 685 4788 januarii
698 4717 741 4776 rel
753 4717 880 4777 februarii
893 4720 956 4778 euni
970 4720 1100 4794 ejusdem.
