4710 6076
495 545 558 610 298
987 545 1217 608 uutbuulcl
1243 544 1417 608 sucuuul
1727 543 1912 630 [1111111.

571 709 865 792 (Ε11111.1111111111,
881 710 993 774 Aouol.
1005 709 1102 774 111111.
1117 712 1156 772 ad
1169 727 1241 773 unu.
1260 719 1348 784 rtet,
1364 694 1470 789 §xlm
1484 725 1545 770 uon
1559 710 1705 788 integram
1719 725 1791 772 vero
1808 713 1916 789 cplsto·

618 817 679 878 lam
692 817 838 880 eublbult.
852 818 906 880 Cul
914 819 1163 898 complementum
1177 817 1360 878 uddlmusex
1368 813 1722 890 11111111,111111.1’11”111
1733 817 1775 893 11,
1786 819 1913 897 append.

619 936 655 986 1ο
668 935 699 1000 a,
713 926 863 1006 allegent.
878 926 1001 1008 Gmgor.
1013 927 1075 1002 IX,
1090 926 1144 988 llb.
1158 924 1199 1005 V,
1213 935 1247 986 n·
1262 921 1343 1004 tlt.)

547 1109 750 1206 Gregorius,
768 1122 851 1206 111.,
868 1113 1044 1188 Fridcrico
1064 1113 1186 1185 illustri
1205 1113 1437 1185 Romanorum
1457 1111 1671 1208 imperatori,
1696 1133 1833 1208 semper
1852 1135 1915 1186 au·

499 1245 618 1332 gusto,
633 1237 847 1312 Hierusalem
862 1248 897 1312 et
914 1239 1028 1312 Sicilie
1045 1239 1131 1331 regi.
1147 1237 1250 1323 Quod
1266 1238 1311 1310 dc
1325 1236 1436 1308 tribus
1454 1235 1650 1330 insignibus
1662 1235 1772 1309 titulis
1785 1237 1914 1332 quibus

498 1369 533 1435 ts
548 1361 717 1434 Dominus
734 1361 915 1458 insignivit
937 1363 974 1436 in
999 1363 1107 1436 literis
1123 1385 1212 1458 quas
1229 1361 1398 1458 imperiali
1422 1358 1620 1432 celsitudini
1639 1359 1911 1454 destinavimus,

498 1487 637 1560 medius
652 1487 821 1561 hactenus
838 1510 908 1561 non
925 1499 978 1562 est
996 1489 1159 1584 scriptus,
1181 1507 1404 1582 nequaquam
1425 1505 1472 1557 ex
1490 1485 1616 1558 minori
1638 1485 1817 1560 allectione
1835 1507 1914 1582 pro·

496 1611 619 1703 cessit,
634 1613 717 1706 quia
731 1635 795 1686 nec
810 1635 857 1684 ex
870 1613 937 1686 hoc
954 1613 1122 1708 derogare
1139 1622 1200 1685 tuo
1213 1609 1478 1684 intendebamus
1492 1609 1615 1682 honori
1630 1609 1686 1682 cui
1704 1609 1838 1683 deferre
1852 1631 1915 1706 po·

498 1737 568 1808 tius
593 1737 812 1829 affectamus3
842 1737 905 1810 scd
929 1760 1034 1811 cause
1063 1737 1282 1810 rationabiles
1307 1736 1436 1810 affuere
1459 1757 1548 1829 quas
1577 1735 1786 1808 venerabilis
1812 1737 1915 1806 lrater

500 1870 616 1934 noster
633 1861 811 1954 Rheginos
835 1863 1116 1960 archiepiscopus
1134 1871 1168 1936 et
1192 1862 1338 1934 dilectus
1360 1860 1452 1932 filius
1466 1859 1629 1954 magister
1648 1859 1774 1932 domus
1791 1863 1915 1934 Sancte

499 1981 608 2056 blarie
628 1985 918 2058 Tbeutonicorum
936 1987 1244 2084 hierosolymitane
1260 1985 1324 2057 tibi
1343 1984 1547 2080 depromere
1562 1993 1748 2079 potuerunt
1765 1981 1831 2082 (1).
1848 1987 1915 2058 Ve-

500 2131 579 2180 rum
596 2119 773 2204 sperantes
789 2110 826 2181 in
841 2111 900 2184 illo
918 2111 981 2206 qui
1003 2111 1091 2185 dans
1104 2112 1249 2184 virtutes
1268 2109 1398 2205 premia
1417 2110 1580 2204 elargitur
1596 2131 1660 2182 sna
1675 2118 1808 2182 tanturn
1823 2109 1915 2182 dona

500 2225 692 2306 in'homine
702 2234 914 2324 coronando,
931 2245 970 2306 ut
984 2257 1055 2330 quo
1067 2235 1226 2332 pluribus
1241 2233 1450 2328 dignitatum
1463 2233 1663 2306 nominibus
1679 2234 1785 2306 fueris
1798 2235 1915 2330 appel·

500 2357 591 2429 latus
606 2379 648 2430 11
668 2366 702 2431 11
721 2359 862 2432 studeas
878 2360 934 2432 bis
955 2359 1101 2434 reddere
1123 2359 1331 2453 digniorem,
1350 2381 1432 2432 ecce
1454 2359 1596 2431 taciturn
1614 2359 1781 2431 hactenus
1797 2359 1915 2432 lliero·

500 2481 745 2577 solymitauum
758 2483 899 2556 titulum
914 2485 1045 2586 clarum
1062 2485 1184 2578 utique
1198 2506 1240 2556 11
1254 2483 1419 2556 decorum
1435 2483 1536 2555 hilari
1549 2481 1733 2555 scribimus
1747 2483 1911 2557 novitate.

499 2605 544 2677 Ut
556 2605 663 2700 igitur
685 2615 787 2680 aucta
804 2630 948 2682 munera
962 2611 1151 2704 gratiarum
1173 2609 1236 2681 tibi
1251 2617 1402 2702 augeant
1417 2607 1561 2701 gloriam
1576 2607 1804 2702 premiorum,
1823 2629 1915 2680 sere·

499 2727 641 2800 nitatem
662 2737 757 2801 tuam
780 2730 965 2804 affectuose
988 2753 1151 2825 rogamus
1176 2739 1211 2804 et
1232 2752 1434 2820 monemus,
1460 2739 1589 2802 attente
1611 2729 1829 2802 obsecrantes
1853 2751 1915 2824 per

499 2851 683 2925 Dominum
702 2855 820 2928 lesum
843 2854 1015 2929 Christum
1036 2865 1208 2951 quatenus
1232 2856 1420 2951 potentiam
1448 2864 1483 2928 et
1505 2855 1709 2950 sapientiam
1731 2855 1914 2942 abomino

499 2997 748 3071 recognoscens
774 2979 980 3073 benignitati
1002 2979 1146 3054 sedulus
1180 3003 1359 3054 assuescas
1391 2989 1431 3051 ut
1461 2987 1600 3051 secutus
1629 2977 1780 3052 indivise
1810 3001 1914 3076 opera

498 3100 672 3174 Trinitatis
694 3123 757 3198 per
776 3103 964 3198 potentiam
985 3113 1165 3179 conterens
1185 3107 1294 3178 molas
1314 3104 1427 3200 iniqui
1446 3105 1583 3176 auferas
1601 3103 1646 3176 de
1665 3103 1823 3176 saucibus
1838 3107 1914 3198 ejus

498 3225 660 3321 predam,
681 3227 898 3322 subjiciendo
916 3228 980 3301 tibi
998 3229 1163 3304 barbaras
1180 3231 1336 3303 nationes
1354 3251 1415 3324 per
1429 3250 1517 3322 quas
1533 3229 1678 3300 hnmani
1693 3227 1829 3320 generis
1846 3225 1913 3298 ini·

497 3350 609 3424 micus
628 3351 836 3446 impugnans
850 3352 1017 3427 hactenus
1035 3353 1229 3426 immaniter
1245 3355 1384 3426 Terram
1398 3355 1558 3426 Sanctam
1573 3349 1740 3448 predatus
1756 3361 1808 3424 est
1825 3351 1914 3423 mul·

497 3469 861 3570 tipliciterltcclesiam
875 3482 1086 3570 generalem,
1102 3479 1340 3574 hereticosque
1355 3477 1537 3574 disperdas
1554 3478 1615 3571 qui
1630 3477 1728 3550 velut
1744 3486 1913 3550 venenata

496 3601 632 3696 reptilia
660 3601 867 3676 insidiantur
890 3605 1075 3678 animabus
1104 3603 1313 3700 simplicium
1347 3603 1577 3694 incessanter,
1605 3610 1645 3672 ut
1676 3599 1913 3674 fortitudinem

495 3735 592 3800 tuum
608 3729 680 3802 Deo
703 3727 830 3804 reddas
849 3739 883 3803 et
902 3729 1104 3804 hominibus
1123 3727 1445 3802 commendandam.
1468 3727 1533 3800 Per
1553 3725 1757 3822 sapientiam
1773 3745 1913 3819 quoque

497 3859 532 3923 te
561 3853 722 3948 cupimus
749 3855 923 3948 subjectos
951 3855 1015 3927 tibi
1040 3855 1188 3950 populos
1210 3872 1373 3948 prospere
1395 3851 1590 3945 gnbernare
1614 3857 1653 3922 ut
1676 3849 1772 3921 nullo
1798 3868 1913 3921 errore

499 3973 666 4070 deceptus
680 3978 849 4070 justitiam
868 3977 995 4072 diligas
1015 3999 1085 4072 que
1104 3999 1142 4050 se
1158 3976 1312 4070 dirigens
1326 3975 1509 4067 diligentes
1527 3973 1676 4046 directos
1696 3968 1857 4067 provehit
1876 3970 1912 4040 in

498 4099 657 4182 salutern.
676 4099 741 4174 Per
754 4101 1005 4196 benignitatem
1019 4123 1104 4175 vcro
1118 4101 1178 4174 det
1196 4101 1258 4172 tibi
1274 4099 1442 4172 Dominus
1455 4106 1495 4169 ut
1508 4097 1557 4170 sis
1571 4096 1777 4170 merentium
1790 4115 1912 4167 conso·

499 4221 586 4304 lator
598 4234 632 4295 et
646 4225 840 4320 specialiter
851 4248 999 4321 regnum
1013 4226 1128 4298 Sicilie
1140 4224 1370 4297 habitantium
1382 4223 1444 4318 qui
1459 4223 1572 4316 longis
1585 4219 1797 4318 temporibus
1809 4217 1913 4294 valde

537 4585 571 4660 (1)
590 4585 814 4660 llrchiopiscopus
825 4585 942 4659 Reginus
954 4601 1047 4643 mense
1060 4585 1130 4642 malo
1144 4583 1178 4642 ab
1193 4585 1355 4658 imperatore
1366 4583 1400 4640 ud
1414 4595 1511 4656 papam
1524 4579 1621 4637 missus
1635 4579 1731 4636 luerat.
1742 4577 1783 4636 Cl.
1791 4578 1864 4634 11111.
1876 4589 1913 4632 nn

500 4683 530 4740 S.
546 4681 650 4755 Gonu„
666 4683 841 4752 0111111111
859 4685 972 4742 11101
986 4683 1114 4760 magistro
1127 4682 1370 4751 theutonicorum,
1385 4679 1442 4738 uid.
1457 4695 1538 4752 supra
1551 4695 1580 4752 p.
1593 4678 1655 4748 287,
1669 4681 1725 4732 not.
1742 4679 1768 4731 l.
