<?xml version="1.0" encoding="UTF-8"?>
<!DOCTYPE html PUBLIC "-//W3C//DTD XHTML 1.0 Transitional//EN"
    "http://www.w3.org/TR/xhtml1/DTD/xhtml1-transitional.dtd">
<html xmlns="http://www.w3.org/1999/xhtml" xml:lang="en" lang="en">
 <head>
  <title>
</title>
<meta http-equiv="Content-Type" content="text/html;charset=utf-8" />
  <meta name='ocr-system' content='tesseract 3.04.00' />
  <meta name='ocr-capabilities' content='ocr_page ocr_carea ocr_par ocr_line ocrx_word'/>
</head>
<body>
  <div class='ocr_page' id='page_1' title='image "./historiadiploma03fredgoog/historiadiploma03fredgoog_0213.png"; bbox 0 0 4642 6106; ppageno 0'>
   <div class='ocr_carea' id='block_1_1' title="bbox 504 589 1916 680">
    <p class='ocr_par' dir='ltr' id='par_1_1' title="bbox 504 589 1916 680">
     <span class='ocr_line' id='line_1_1' title="bbox 504 589 1916 680; baseline 0 -22"><span class='ocrx_word' id='word_1_1' title='bbox 504 595 566 658; x_wconf 73' lang='lat' dir='ltr'><strong>sel</strong></span> <span class='ocrx_word' id='word_1_2' title='bbox 1005 589 1221 655; x_wconf 74' lang='lat' dir='ltr'><strong>luluuutcl</strong></span> <span class='ocrx_word' id='word_1_3' title='bbox 1247 593 1421 656; x_wconf 71' lang='lat' dir='ltr'><strong>secubet</strong></span> <span class='ocrx_word' id='word_1_4' title='bbox 1732 594 1810 680; x_wconf 69' lang='lat' dir='ltr'><strong>[Asu.</strong></span> <span class='ocrx_word' id='word_1_5' title='bbox 1831 597 1916 660; x_wconf 67' lang='lat' dir='ltr'><strong>late.</strong></span> 
     </span>
    </p>
   </div>
   <div class='ocr_carea' id='block_1_2' title="bbox 494 727 2001 2931">
    <p class='ocr_par' dir='ltr' id='par_1_2' title="bbox 494 727 1941 2556">
     <span class='ocr_line' id='line_1_2' title="bbox 505 727 1919 827; baseline 0.002 -23"><span class='ocrx_word' id='word_1_6' title='bbox 505 733 579 804; x_wconf 92' lang='lat' dir='ltr'><strong>tulo</strong></span> <span class='ocrx_word' id='word_1_7' title='bbox 594 751 659 803; x_wconf 92' lang='lat' dir='ltr'><strong>sue</strong></span> <span class='ocrx_word' id='word_1_8' title='bbox 672 727 849 802; x_wconf 93' lang='lat' dir='ltr'><strong>indultum</strong></span> <span class='ocrx_word' id='word_1_9' title='bbox 859 737 894 802; x_wconf 89' lang='lat' dir='ltr'><strong>et</strong></span> <span class='ocrx_word' id='word_1_10' title='bbox 904 749 944 800; x_wconf 88' lang='lat' dir='ltr'><strong>ea</strong></span> <span class='ocrx_word' id='word_1_11' title='bbox 955 749 1025 822; x_wconf 85' lang='lat' dir='ltr'><strong>que</strong></span> <span class='ocrx_word' id='word_1_12' title='bbox 1039 729 1258 802; x_wconf 89' lang='lat' dir='ltr'><strong>continentur</strong></span> <span class='ocrx_word' id='word_1_13' title='bbox 1271 729 1308 800; x_wconf 94' lang='lat' dir='ltr'><strong>in</strong></span> <span class='ocrx_word' id='word_1_14' title='bbox 1323 730 1399 826; x_wconf 91' lang='lat' dir='ltr'><strong>ipso</strong></span> <span class='ocrx_word' id='word_1_15' title='bbox 1412 729 1616 804; x_wconf 83' lang='lat' dir='ltr'><strong>confirmare</strong></span> <span class='ocrx_word' id='word_1_16' title='bbox 1627 729 1673 804; x_wconf 90' lang='lat' dir='ltr'><strong>de</strong></span> <span class='ocrx_word' id='word_1_17' title='bbox 1684 741 1799 806; x_wconf 90' lang='lat' dir='ltr'><strong>nestra</strong></span> <span class='ocrx_word' id='word_1_18' title='bbox 1809 733 1919 827; x_wconf 76' lang='lat' dir='ltr'><strong>gratia</strong></span> 
     </span>
     <span class='ocr_line' id='line_1_3' title="bbox 503 851 1919 950; baseline 0.001 -22"><span class='ocrx_word' id='word_1_19' title='bbox 503 855 738 950; x_wconf 80' lang='lat' dir='ltr'><strong>dignaremur.</strong></span> <span class='ocrx_word' id='word_1_20' title='bbox 755 853 824 926; x_wconf 84' lang='lat' dir='ltr'><strong>Nes</strong></span> <span class='ocrx_word' id='word_1_21' title='bbox 838 853 945 946; x_wconf 81' lang='lat' dir='ltr'><strong>igitur</strong></span> <span class='ocrx_word' id='word_1_22' title='bbox 963 851 1179 926; x_wconf 88' lang='lat' dir='ltr'><strong>attendentes</strong></span> <span class='ocrx_word' id='word_1_23' title='bbox 1198 852 1308 949; x_wconf 90' lang='lat' dir='ltr'><strong>ipsius</strong></span> <span class='ocrx_word' id='word_1_24' title='bbox 1324 854 1574 950; x_wconf 89' lang='lat' dir='ltr'><strong>archiepiscopi</strong></span> <span class='ocrx_word' id='word_1_25' title='bbox 1596 863 1730 950; x_wconf 58' lang='lat' dir='ltr'><strong>matam</strong></span> <span class='ocrx_word' id='word_1_26' title='bbox 1743 867 1779 930; x_wconf 90' lang='lat' dir='ltr'><strong>ot</strong></span> <span class='ocrx_word' id='word_1_27' title='bbox 1795 857 1919 930; x_wconf 88' lang='lat' dir='ltr'><strong>lauda-</strong></span> 
     </span>
     <span class='ocr_line' id='line_1_4' title="bbox 502 975 1918 1074; baseline 0.004 -23"><span class='ocrx_word' id='word_1_28' title='bbox 502 979 608 1052; x_wconf 84' lang='lat' dir='ltr'><strong>bilem</strong></span> <span class='ocrx_word' id='word_1_29' title='bbox 630 977 735 1052; x_wconf 85' lang='lat' dir='ltr'><strong>tidem</strong></span> <span class='ocrx_word' id='word_1_30' title='bbox 751 986 786 1048; x_wconf 91' lang='lat' dir='ltr'><strong>st</strong></span> <span class='ocrx_word' id='word_1_31' title='bbox 806 975 974 1049; x_wconf 88' lang='lat' dir='ltr'><strong>sincerum</strong></span> <span class='ocrx_word' id='word_1_32' title='bbox 1001 975 1247 1070; x_wconf 82' lang='lat' dir='ltr'><strong>obsequiorum</strong></span> <span class='ocrx_word' id='word_1_33' title='bbox 1270 999 1412 1050; x_wconf 92' lang='lat' dir='ltr'><strong>sucrum</strong></span> <span class='ocrx_word' id='word_1_34' title='bbox 1436 979 1634 1052; x_wconf 88' lang='lat' dir='ltr'><strong>instantiam</strong></span> <span class='ocrx_word' id='word_1_35' title='bbox 1655 981 1784 1074; x_wconf 90' lang='lat' dir='ltr'><strong>quibus</strong></span> <span class='ocrx_word' id='word_1_36' title='bbox 1802 983 1918 1056; x_wconf 85' lang='lat' dir='ltr'><strong>excel·</strong></span> 
     </span>
     <span class='ocr_line' id='line_1_5' title="bbox 502 1099 1919 1195; baseline 0.004 -20"><span class='ocrx_word' id='word_1_37' title='bbox 502 1102 606 1176; x_wconf 90' lang='lat' dir='ltr'><strong>lentie</strong></span> <span class='ocrx_word' id='word_1_38' title='bbox 620 1110 734 1176; x_wconf 88' lang='lat' dir='ltr'><strong>nostre</strong></span> <span class='ocrx_word' id='word_1_39' title='bbox 750 1101 890 1174; x_wconf 87' lang='lat' dir='ltr'><strong>assidue</strong></span> <span class='ocrx_word' id='word_1_40' title='bbox 908 1099 1044 1195; x_wconf 89' lang='lat' dir='ltr'><strong>plaeere</strong></span> <span class='ocrx_word' id='word_1_41' title='bbox 1061 1101 1214 1192; x_wconf 87' lang='lat' dir='ltr'><strong>curavit,</strong></span> <span class='ocrx_word' id='word_1_42' title='bbox 1234 1101 1491 1176; x_wconf 74' lang='lat' dir='ltr'><strong>considerantes</strong></span> <span class='ocrx_word' id='word_1_43' title='bbox 1508 1102 1612 1176; x_wconf 89' lang='lat' dir='ltr'><strong>etiam</strong></span> <span class='ocrx_word' id='word_1_44' title='bbox 1632 1123 1679 1176; x_wconf 80' lang='lat' dir='ltr'><strong>ex</strong></span> <span class='ocrx_word' id='word_1_45' title='bbox 1694 1103 1762 1178; x_wconf 89' lang='lat' dir='ltr'><strong>boe</strong></span> <span class='ocrx_word' id='word_1_46' title='bbox 1774 1107 1919 1180; x_wconf 71' lang='lat' dir='ltr'><strong>eecloeie</strong></span> 
     </span>
     <span class='ocr_line' id='line_1_6' title="bbox 501 1223 1941 1326; baseline 0.003 -28"><span class='ocrx_word' id='word_1_47' title='bbox 501 1247 564 1300; x_wconf 90' lang='lat' dir='ltr'><strong>sue</strong></span> <span class='ocrx_word' id='word_1_48' title='bbox 579 1225 743 1298; x_wconf 75' lang='lat' dir='ltr'><strong>utilitates</strong></span> <span class='ocrx_word' id='word_1_49' title='bbox 758 1223 966 1320; x_wconf 89' lang='lat' dir='ltr'><strong>multiplices</strong></span> <span class='ocrx_word' id='word_1_50' title='bbox 979 1233 1015 1296; x_wconf 90' lang='lat' dir='ltr'><strong>et</strong></span> <span class='ocrx_word' id='word_1_51' title='bbox 1028 1225 1214 1320; x_wconf 84' lang='lat' dir='ltr'><strong>prefectus,</strong></span> <span class='ocrx_word' id='word_1_52' title='bbox 1228 1226 1326 1320; x_wconf 93' lang='lat' dir='ltr'><strong>qued</strong></span> <span class='ocrx_word' id='word_1_53' title='bbox 1337 1247 1443 1322; x_wconf 88' lang='lat' dir='ltr'><strong>super</strong></span> <span class='ocrx_word' id='word_1_54' title='bbox 1455 1227 1523 1300; x_wconf 90' lang='lat' dir='ltr'><strong>hee</strong></span> <span class='ocrx_word' id='word_1_55' title='bbox 1533 1227 1580 1299; x_wconf 89' lang='lat' dir='ltr'><strong>ab</strong></span> <span class='ocrx_word' id='word_1_56' title='bbox 1592 1225 1716 1300; x_wconf 90' lang='lat' dir='ltr'><strong>eedem</strong></span> <span class='ocrx_word' id='word_1_57' title='bbox 1729 1227 1918 1326; x_wconf 87' lang='lat' dir='ltr'><strong>arehiepis-</strong></span> <span class='ocrx_word' id='word_1_58' title='bbox 1940 1284 1941 1287; x_wconf 15' lang='grc' dir='ltr'>η</span> 
     </span>
     <span class='ocr_line' id='line_1_7' title="bbox 499 1348 1918 1446; baseline 0.001 -22"><span class='ocrx_word' id='word_1_59' title='bbox 499 1371 588 1445; x_wconf 91' lang='lat' dir='ltr'><strong>copo</strong></span> <span class='ocrx_word' id='word_1_60' title='bbox 602 1349 749 1446; x_wconf 83' lang='lat' dir='ltr'><strong>provide</strong></span> <span class='ocrx_word' id='word_1_61' title='bbox 761 1349 889 1422; x_wconf 87' lang='lat' dir='ltr'><strong>lactum</strong></span> <span class='ocrx_word' id='word_1_62' title='bbox 900 1357 965 1438; x_wconf 90' lang='lat' dir='ltr'><strong>est,</strong></span> <span class='ocrx_word' id='word_1_63' title='bbox 975 1348 1066 1422; x_wconf 87' lang='lat' dir='ltr'><strong>sicut</strong></span> <span class='ocrx_word' id='word_1_64' title='bbox 1079 1348 1116 1420; x_wconf 92' lang='lat' dir='ltr'><strong>in</strong></span> <span class='ocrx_word' id='word_1_65' title='bbox 1127 1348 1259 1422; x_wconf 73' lang='grc' dir='ltr'>οιιάειιι</span> <span class='ocrx_word' id='word_1_66' title='bbox 1274 1351 1394 1424; x_wconf 86' lang='lat' dir='ltr'><strong>litteris</strong></span> <span class='ocrx_word' id='word_1_67' title='bbox 1410 1349 1492 1424; x_wconf 91' lang='lat' dir='ltr'><strong>inde</strong></span> <span class='ocrx_word' id='word_1_68' title='bbox 1505 1351 1670 1424; x_wconf 85' lang='lat' dir='ltr'><strong>conlectis</strong></span> <span class='ocrx_word' id='word_1_69' title='bbox 1684 1352 1820 1446; x_wconf 89' lang='lat' dir='ltr'><strong>plenius</strong></span> <span class='ocrx_word' id='word_1_70' title='bbox 1834 1374 1918 1426; x_wconf 89' lang='lat' dir='ltr'><strong>con·</strong></span> 
     </span>
     <span class='ocr_line' id='line_1_8' title="bbox 498 1471 1917 1570; baseline 0.004 -25"><span class='ocrx_word' id='word_1_71' title='bbox 498 1474 639 1566; x_wconf 85' lang='lat' dir='ltr'><strong>linatur,</strong></span> <span class='ocrx_word' id='word_1_72' title='bbox 656 1472 702 1548; x_wconf 92' lang='lat' dir='ltr'><strong>de</strong></span> <span class='ocrx_word' id='word_1_73' title='bbox 715 1472 857 1568; x_wconf 90' lang='lat' dir='ltr'><strong>speciali</strong></span> <span class='ocrx_word' id='word_1_74' title='bbox 872 1471 1108 1545; x_wconf 84' lang='lat' dir='ltr'><strong>munificentie</strong></span> <span class='ocrx_word' id='word_1_75' title='bbox 1121 1481 1236 1546; x_wconf 88' lang='lat' dir='ltr'><strong>nostre</strong></span> <span class='ocrx_word' id='word_1_76' title='bbox 1251 1473 1361 1568; x_wconf 75' lang='lat' dir='ltr'><strong>gratia</strong></span> <span class='ocrx_word' id='word_1_77' title='bbox 1377 1483 1545 1570; x_wconf 89' lang='lat' dir='ltr'><strong>perpetue</strong></span> <span class='ocrx_word' id='word_1_78' title='bbox 1560 1473 1819 1548; x_wconf 88' lang='lat' dir='ltr'><strong>confirmamus.</strong></span> <span class='ocrx_word' id='word_1_79' title='bbox 1840 1477 1917 1550; x_wconf 87' lang='lat' dir='ltr'><strong>Sta·</strong></span> 
     </span>
     <span class='ocr_line' id='line_1_9' title="bbox 498 1596 1916 1695; baseline 0.005 -28"><span class='ocrx_word' id='word_1_80' title='bbox 498 1597 629 1670; x_wconf 89' lang='lat' dir='ltr'><strong>luimus</strong></span> <span class='ocrx_word' id='word_1_81' title='bbox 646 1596 753 1692; x_wconf 78' lang='lat' dir='ltr'><strong>igitur</strong></span> <span class='ocrx_word' id='word_1_82' title='bbox 766 1605 801 1670; x_wconf 90' lang='lat' dir='ltr'><strong>et</strong></span> <span class='ocrx_word' id='word_1_83' title='bbox 818 1596 988 1692; x_wconf 88' lang='lat' dir='ltr'><strong>imperiali</strong></span> <span class='ocrx_word' id='word_1_84' title='bbox 1002 1597 1197 1670; x_wconf 87' lang='lat' dir='ltr'><strong>sanccimus</strong></span> <span class='ocrx_word' id='word_1_85' title='bbox 1211 1598 1325 1672; x_wconf 89' lang='lat' dir='ltr'><strong>edicte</strong></span> <span class='ocrx_word' id='word_1_86' title='bbox 1335 1607 1507 1693; x_wconf 89' lang='lat' dir='ltr'><strong>quatenus</strong></span> <span class='ocrx_word' id='word_1_87' title='bbox 1520 1597 1647 1672; x_wconf 91' lang='lat' dir='ltr'><strong>amede</strong></span> <span class='ocrx_word' id='word_1_88' title='bbox 1660 1599 1755 1672; x_wconf 89' lang='lat' dir='ltr'><strong>nulla</strong></span> <span class='ocrx_word' id='word_1_89' title='bbox 1769 1619 1916 1695; x_wconf 79' lang='lat' dir='ltr'><strong>pemeus</strong></span> 
     </span>
     <span class='ocr_line' id='line_1_10' title="bbox 498 1719 1915 1818; baseline 0.003 -25"><span class='ocrx_word' id='word_1_90' title='bbox 498 1721 562 1812; x_wconf 89' lang='lat' dir='ltr'><strong>sit,</strong></span> <span class='ocrx_word' id='word_1_91' title='bbox 583 1721 652 1794; x_wconf 87' lang='lat' dir='ltr'><strong>alta</strong></span> <span class='ocrx_word' id='word_1_92' title='bbox 672 1721 729 1794; x_wconf 88' lang='lat' dir='ltr'><strong>vel</strong></span> <span class='ocrx_word' id='word_1_93' title='bbox 749 1719 909 1808; x_wconf 86' lang='lat' dir='ltr'><strong>humilis,</strong></span> <span class='ocrx_word' id='word_1_94' title='bbox 931 1720 1161 1794; x_wconf 88' lang='lat' dir='ltr'><strong>ecclesiastica</strong></span> <span class='ocrx_word' id='word_1_95' title='bbox 1186 1742 1248 1794; x_wconf 88' lang='lat' dir='ltr'><strong>seu</strong></span> <span class='ocrx_word' id='word_1_96' title='bbox 1268 1722 1466 1810; x_wconf 86' lang='lat' dir='ltr'><strong>mundana,</strong></span> <span class='ocrx_word' id='word_1_97' title='bbox 1487 1743 1557 1818; x_wconf 90' lang='lat' dir='ltr'><strong>que</strong></span> <span class='ocrx_word' id='word_1_98' title='bbox 1582 1732 1702 1796; x_wconf 89' lang='lat' dir='ltr'><strong>contra</strong></span> <span class='ocrx_word' id='word_1_99' title='bbox 1722 1730 1915 1818; x_wconf 80' lang='lat' dir='ltr'><strong>presentem</strong></span> 
     </span>
     <span class='ocr_line' id='line_1_11' title="bbox 497 1844 1917 1944; baseline 0.001 -26"><span class='ocrx_word' id='word_1_100' title='bbox 497 1844 791 1918; x_wconf 88' lang='lat' dir='ltr'><strong>confirmationem</strong></span> <span class='ocrx_word' id='word_1_101' title='bbox 806 1853 958 1917; x_wconf 89' lang='lat' dir='ltr'><strong>nostram</strong></span> <span class='ocrx_word' id='word_1_102' title='bbox 974 1844 1044 1916; x_wconf 92' lang='lat' dir='ltr'><strong>ulle</strong></span> <span class='ocrx_word' id='word_1_103' title='bbox 1059 1865 1213 1939; x_wconf 90' lang='lat' dir='ltr'><strong>unquam</strong></span> <span class='ocrx_word' id='word_1_104' title='bbox 1229 1855 1381 1942; x_wconf 86' lang='lat' dir='ltr'><strong>tempere</strong></span> <span class='ocrx_word' id='word_1_105' title='bbox 1399 1845 1518 1920; x_wconf 88' lang='lat' dir='ltr'><strong>venire</strong></span> <span class='ocrx_word' id='word_1_106' title='bbox 1533 1855 1720 1944; x_wconf 81' lang='lat' dir='ltr'><strong>presumat.</strong></span> <span class='ocrx_word' id='word_1_107' title='bbox 1732 1845 1836 1932; x_wconf 90' lang='lat' dir='ltr'><strong>Quod</strong></span> <span class='ocrx_word' id='word_1_108' title='bbox 1854 1847 1917 1942; x_wconf 86' lang='lat' dir='ltr'><strong>qui</strong></span> 
     </span>
     <span class='ocr_line' id='line_1_12' title="bbox 497 1967 1912 2066; baseline 0.001 -25"><span class='ocrx_word' id='word_1_109' title='bbox 497 1969 744 2064; x_wconf 83' lang='lat' dir='ltr'><strong>presumpserit</strong></span> <span class='ocrx_word' id='word_1_110' title='bbox 757 1977 870 2064; x_wconf 94' lang='lat' dir='ltr'><strong>preter</strong></span> <span class='ocrx_word' id='word_1_111' title='bbox 888 1967 1162 2061; x_wconf 78' lang='lat' dir='ltr'><strong>indignationem</strong></span> <span class='ocrx_word' id='word_1_112' title='bbox 1178 1979 1329 2042; x_wconf 92' lang='lat' dir='ltr'><strong>nestram</strong></span> <span class='ocrx_word' id='word_1_113' title='bbox 1345 1979 1483 2042; x_wconf 90' lang='lat' dir='ltr'><strong>centum</strong></span> <span class='ocrx_word' id='word_1_114' title='bbox 1502 1968 1610 2044; x_wconf 90' lang='lat' dir='ltr'><strong>libras</strong></span> <span class='ocrx_word' id='word_1_115' title='bbox 1623 1970 1700 2044; x_wconf 89' lang='lat' dir='ltr'><strong>auri</strong></span> <span class='ocrx_word' id='word_1_116' title='bbox 1716 1980 1912 2066; x_wconf 89' lang='lat' dir='ltr'><strong>componat,</strong></span> 
     </span>
     <span class='ocr_line' id='line_1_13' title="bbox 498 2091 1916 2188; baseline 0.002 -26"><span class='ocrx_word' id='word_1_117' title='bbox 498 2091 719 2165; x_wconf 87' lang='lat' dir='ltr'><strong>medietatem</strong></span> <span class='ocrx_word' id='word_1_118' title='bbox 740 2111 874 2164; x_wconf 85' lang='lat' dir='ltr'><strong>camere</strong></span> <span class='ocrx_word' id='word_1_119' title='bbox 886 2101 1014 2183; x_wconf 88' lang='lat' dir='ltr'><strong>nestro,</strong></span> <span class='ocrx_word' id='word_1_120' title='bbox 1033 2091 1200 2185; x_wconf 89' lang='lat' dir='ltr'><strong>reliquam</strong></span> <span class='ocrx_word' id='word_1_121' title='bbox 1215 2093 1326 2188; x_wconf 88' lang='lat' dir='ltr'><strong>passis</strong></span> <span class='ocrx_word' id='word_1_122' title='bbox 1343 2093 1504 2186; x_wconf 91' lang='lat' dir='ltr'><strong>injuriam</strong></span> <span class='ocrx_word' id='word_1_123' title='bbox 1525 2095 1714 2168; x_wconf 86' lang='lat' dir='ltr'><strong>soluturus.</strong></span> <span class='ocrx_word' id='word_1_124' title='bbox 1734 2092 1790 2166; x_wconf 80' lang='lat' dir='ltr'><strong>Ad</strong></span> <span class='ocrx_word' id='word_1_125' title='bbox 1810 2093 1916 2186; x_wconf 84' lang='lat' dir='ltr'><strong>hujus</strong></span> 
     </span>
     <span class='ocr_line' id='line_1_14' title="bbox 499 2212 1915 2312; baseline 0.001 -26"><span class='ocrx_word' id='word_1_126' title='bbox 499 2217 617 2310; x_wconf 87' lang='lat' dir='ltr'><strong>itaque</strong></span> <span class='ocrx_word' id='word_1_127' title='bbox 633 2224 749 2288; x_wconf 90' lang='lat' dir='ltr'><strong>nostre</strong></span> <span class='ocrx_word' id='word_1_128' title='bbox 760 2212 1029 2287; x_wconf 83' lang='lat' dir='ltr'><strong>confirmationis</strong></span> <span class='ocrx_word' id='word_1_129' title='bbox 1044 2215 1243 2288; x_wconf 90' lang='lat' dir='ltr'><strong>memoriam</strong></span> <span class='ocrx_word' id='word_1_130' title='bbox 1259 2227 1295 2290; x_wconf 89' lang='lat' dir='ltr'><strong>et</strong></span> <span class='ocrx_word' id='word_1_131' title='bbox 1306 2226 1346 2288; x_wconf 93' lang='lat' dir='ltr'><strong>ut</strong></span> <span class='ocrx_word' id='word_1_132' title='bbox 1359 2217 1424 2290; x_wconf 92' lang='lat' dir='ltr'><strong>hec</strong></span> <span class='ocrx_word' id='word_1_133' title='bbox 1440 2217 1557 2291; x_wconf 91' lang='lat' dir='ltr'><strong>omnia</strong></span> <span class='ocrx_word' id='word_1_134' title='bbox 1577 2227 1651 2292; x_wconf 89' lang='lat' dir='ltr'><strong>rata</strong></span> <span class='ocrx_word' id='word_1_135' title='bbox 1668 2237 1805 2312; x_wconf 88' lang='lat' dir='ltr'><strong>semper</strong></span> <span class='ocrx_word' id='word_1_136' title='bbox 1824 2225 1859 2290; x_wconf 90' lang='lat' dir='ltr'><strong>et</strong></span> <span class='ocrx_word' id='word_1_137' title='bbox 1874 2215 1915 2288; x_wconf 90' lang='lat' dir='ltr'><strong>il-</strong></span> 
     </span>
     <span class='ocr_line' id='line_1_15' title="bbox 499 2337 1914 2436; baseline 0.003 -26"><span class='ocrx_word' id='word_1_138' title='bbox 499 2337 605 2412; x_wconf 86' lang='lat' dir='ltr'><strong>libata</strong></span> <span class='ocrx_word' id='word_1_139' title='bbox 623 2349 847 2436; x_wconf 89' lang='lat' dir='ltr'><strong>permaneant</strong></span> <span class='ocrx_word' id='word_1_140' title='bbox 860 2359 1002 2434; x_wconf 91' lang='lat' dir='ltr'><strong>presens</strong></span> <span class='ocrx_word' id='word_1_141' title='bbox 1018 2337 1102 2412; x_wconf 89' lang='lat' dir='ltr'><strong>inde</strong></span> <span class='ocrx_word' id='word_1_142' title='bbox 1116 2339 1340 2436; x_wconf 79' lang='lat' dir='ltr'><strong>privilegium</strong></span> <span class='ocrx_word' id='word_1_143' title='bbox 1361 2339 1434 2414; x_wconf 86' lang='lat' dir='ltr'><strong>fieri</strong></span> <span class='ocrx_word' id='word_1_144' title='bbox 1453 2343 1599 2416; x_wconf 79' lang='lat' dir='ltr'><strong>fecimus</strong></span> <span class='ocrx_word' id='word_1_145' title='bbox 1615 2351 1650 2415; x_wconf 90' lang='lat' dir='ltr'><strong>et</strong></span> <span class='ocrx_word' id='word_1_146' title='bbox 1670 2341 1784 2436; x_wconf 81' lang='lat' dir='ltr'><strong>sigillo</strong></span> <span class='ocrx_word' id='word_1_147' title='bbox 1798 2349 1914 2414; x_wconf 89' lang='lat' dir='ltr'><strong>nestro</strong></span> 
     </span>
     <span class='ocr_line' id='line_1_16' title="bbox 494 2461 896 2556; baseline -0.01 -20"><span class='ocrx_word' id='word_1_148' title='bbox 494 2463 664 2556; x_wconf 89' lang='lat' dir='ltr'><strong>jussimus</strong></span> <span class='ocrx_word' id='word_1_149' title='bbox 678 2461 896 2536; x_wconf 92' lang='lat' dir='ltr'><strong>communiri.</strong></span> 
     </span>
    </p>

    <p class='ocr_par' dir='ltr' id='par_1_3' title="bbox 497 2571 2001 2931">
     <span class='ocr_line' id='line_1_17' title="bbox 548 2571 2001 2683; baseline 0.003 -25"><span class='ocrx_word' id='word_1_150' title='bbox 548 2587 665 2658; x_wconf 85' lang='lat' dir='ltr'><strong>Testes</strong></span> <span class='ocrx_word' id='word_1_151' title='bbox 692 2593 774 2658; x_wconf 92' lang='lat' dir='ltr'><strong>sunt</strong></span> <span class='ocrx_word' id='word_1_152' title='bbox 797 2585 902 2678; x_wconf 79' lang='lat' dir='ltr'><strong>buJ&#39;us</strong></span> <span class='ocrx_word' id='word_1_153' title='bbox 925 2583 977 2657; x_wconf 90' lang='lat' dir='ltr'><strong>rei</strong></span> <span class='ocrx_word' id='word_1_154' title='bbox 1002 2584 1152 2659; x_wconf 86' lang='lat' dir='ltr'><strong>Silridus</strong></span> <span class='ocrx_word' id='word_1_155' title='bbox 1174 2586 1431 2682; x_wconf 87' lang='lat' dir='ltr'><strong>Ratispenensis</strong></span> <span class='ocrx_word' id='word_1_156' title='bbox 1455 2587 1659 2683; x_wconf 89' lang='lat' dir='ltr'><strong>episeopus,</strong></span> <span class='ocrx_word' id='word_1_157' title='bbox 1686 2571 1833 2661; x_wconf 84' lang='lat' dir='ltr'><strong>Kurelus</strong></span> <span class='ocrx_word' id='word_1_158' title='bbox 1854 2590 1914 2662; x_wconf 91' lang='lat' dir='ltr'><strong>Se-</strong></span> <span class='ocrx_word' id='word_1_159' title='bbox 1998 2623 2001 2628; x_wconf 38' lang='lat'>¹</span> 
     </span>
     <span class='ocr_line' id='line_1_18' title="bbox 497 2707 1914 2806; baseline 0.002 -24"><span class='ocrx_word' id='word_1_160' title='bbox 497 2710 668 2784; x_wconf 80' lang='lat' dir='ltr'><strong>sewensis</strong></span> <span class='ocrx_word' id='word_1_161' title='bbox 688 2709 884 2804; x_wconf 90' lang='lat' dir='ltr'><strong>episeopus,</strong></span> <span class='ocrx_word' id='word_1_162' title='bbox 901 2707 1094 2804; x_wconf 89' lang='lat' dir='ltr'><strong>Liupeldus</strong></span> <span class='ocrx_word' id='word_1_163' title='bbox 1111 2709 1187 2783; x_wconf 82' lang='lat' dir='ltr'><strong>dux</strong></span> <span class='ocrx_word' id='word_1_164' title='bbox 1205 2710 1345 2784; x_wconf 81' lang='lat' dir='ltr'><strong>Austris</strong></span> <span class='ocrx_word' id='word_1_165' title='bbox 1362 2720 1397 2784; x_wconf 93' lang='lat' dir='ltr'><strong>et</strong></span> <span class='ocrx_word' id='word_1_166' title='bbox 1413 2711 1515 2784; x_wconf 92' lang='lat' dir='ltr'><strong>Stirie</strong></span> <span class='ocrx_word' id='word_1_167' title='bbox 1530 2709 1598 2806; x_wconf 86' lang='lat' dir='ltr'><strong>(l),</strong></span> <span class='ocrx_word' id='word_1_168' title='bbox 1616 2710 1837 2784; x_wconf 82' lang='lat' dir='ltr'><strong>bernhardus</strong></span> <span class='ocrx_word' id='word_1_169' title='bbox 1850 2711 1914 2785; x_wconf 88' lang='lat' dir='ltr'><strong>Ca·</strong></span> 
     </span>
     <span class='ocr_line' id='line_1_19' title="bbox 497 2831 1914 2931; baseline 0.001 -27"><span class='ocrx_word' id='word_1_170' title='bbox 497 2833 635 2924; x_wconf 88' lang='lat' dir='ltr'><strong>rinthie,</strong></span> <span class='ocrx_word' id='word_1_171' title='bbox 661 2833 739 2905; x_wconf 92' lang='lat' dir='ltr'><strong>Otto</strong></span> <span class='ocrx_word' id='word_1_172' title='bbox 754 2832 907 2906; x_wconf 87' lang='lat' dir='ltr'><strong>Meranie</strong></span> <span class='ocrx_word' id='word_1_173' title='bbox 922 2831 1043 2924; x_wconf 89' lang='lat' dir='ltr'><strong>duces,</strong></span> <span class='ocrx_word' id='word_1_174' title='bbox 1069 2835 1200 2929; x_wconf 82' lang='lat' dir='ltr'><strong>llapote</strong></span> <span class='ocrx_word' id='word_1_175' title='bbox 1217 2857 1332 2910; x_wconf 88' lang='lat' dir='ltr'><strong>cemes</strong></span> <span class='ocrx_word' id='word_1_176' title='bbox 1346 2835 1521 2931; x_wconf 84' lang='lat' dir='ltr'><strong>palatinus</strong></span> <span class='ocrx_word' id='word_1_177' title='bbox 1542 2835 1714 2928; x_wconf 87' lang='lat' dir='ltr'><strong>Bawarie,</strong></span> <span class='ocrx_word' id='word_1_178' title='bbox 1732 2835 1914 2909; x_wconf 85' lang='lat' dir='ltr'><strong>Heinricus</strong></span> 
     </span>
    </p>
   </div>
   <div class='ocr_carea' id='block_1_3' title="bbox 492 3144 1915 4782">
    <p class='ocr_par' dir='ltr' id='par_1_4' title="bbox 492 3144 1915 4782">
     <span class='ocr_line' id='line_1_20' title="bbox 516 3144 1912 3244; baseline 0.003 -22"><span class='ocrx_word' id='word_1_179' title='bbox 516 3144 568 3241; x_wconf 64' lang='grc'><strong>’(4)</strong></span> <span class='ocrx_word' id='word_1_180' title='bbox 588 3168 635 3224; x_wconf 87' lang='lat' dir='ltr'><strong>llis</strong></span> <span class='ocrx_word' id='word_1_181' title='bbox 647 3173 738 3226; x_wconf 87' lang='lat' dir='ltr'><strong>autem</strong></span> <span class='ocrx_word' id='word_1_182' title='bbox 751 3168 846 3227; x_wconf 90' lang='lat' dir='ltr'><strong>diebus</strong></span> <span class='ocrx_word' id='word_1_183' title='bbox 857 3168 911 3226; x_wconf 85' lang='lat' dir='ltr'><strong>dux</strong></span> <span class='ocrx_word' id='word_1_184' title='bbox 924 3169 987 3240; x_wconf 87' lang='lat' dir='ltr'><strong>iste,</strong></span> <span class='ocrx_word' id='word_1_185' title='bbox 1003 3168 1091 3226; x_wconf 91' lang='lat' dir='ltr'><strong>adbuc</strong></span> <span class='ocrx_word' id='word_1_186' title='bbox 1103 3167 1202 3226; x_wconf 87' lang='lat' dir='ltr'><strong>inlecto</strong></span> <span class='ocrx_word' id='word_1_187' title='bbox 1214 3167 1258 3226; x_wconf 89' lang='lat' dir='ltr'><strong>cui</strong></span> <span class='ocrx_word' id='word_1_188' title='bbox 1270 3183 1366 3226; x_wconf 88' lang='lat' dir='ltr'><strong>manus</strong></span> <span class='ocrx_word' id='word_1_189' title='bbox 1377 3167 1490 3226; x_wconf 87' lang='lat' dir='ltr'><strong>dederat</strong></span> <span class='ocrx_word' id='word_1_190' title='bbox 1498 3168 1606 3244; x_wconf 80' lang='lat' dir='ltr'><strong>negotio</strong></span> <span class='ocrx_word' id='word_1_191' title='bbox 1616 3167 1708 3242; x_wconf 84' lang='lat' dir='ltr'><strong>pacis,</strong></span> <span class='ocrx_word' id='word_1_192' title='bbox 1726 3171 1789 3242; x_wconf 89' lang='lat' dir='ltr'><strong>pest</strong></span> <span class='ocrx_word' id='word_1_193' title='bbox 1801 3167 1912 3226; x_wconf 81' lang='lat' dir='ltr'><strong>brevem</strong></span> 
     </span>
     <span class='ocr_line' id='line_1_21' title="bbox 492 3263 1911 3341; baseline 0.001 -21"><span class='ocrx_word' id='word_1_194' title='bbox 492 3269 522 3320; x_wconf 94' lang='lat' dir='ltr'><strong>ut</strong></span> <span class='ocrx_word' id='word_1_195' title='bbox 536 3264 639 3323; x_wconf 72' lang='lat' dir='ltr'><strong>videbar</strong></span> <span class='ocrx_word' id='word_1_196' title='bbox 650 3265 775 3323; x_wconf 90' lang='lat' dir='ltr'><strong>morbum</strong></span> <span class='ocrx_word' id='word_1_197' title='bbox 788 3265 863 3324; x_wconf 90' lang='lat' dir='ltr'><strong>obiit.</strong></span> <span class='ocrx_word' id='word_1_198' title='bbox 881 3265 1060 3341; x_wconf 76' lang='lat' dir='ltr'><strong>«Limpuldus</strong></span> <span class='ocrx_word' id='word_1_199' title='bbox 1070 3265 1125 3322; x_wconf 85' lang='lat' dir='ltr'><strong>dux</strong></span> <span class='ocrx_word' id='word_1_200' title='bbox 1140 3264 1261 3322; x_wconf 74' lang='lat' dir='ltr'><strong>lustriae</strong></span> <span class='ocrx_word' id='word_1_201' title='bbox 1273 3271 1302 3322; x_wconf 90' lang='lat' dir='ltr'><strong>st</strong></span> <span class='ocrx_word' id='word_1_202' title='bbox 1315 3265 1412 3324; x_wconf 88' lang='lat' dir='ltr'><strong>Stirias</strong></span> <span class='ocrx_word' id='word_1_203' title='bbox 1427 3265 1471 3322; x_wconf 93' lang='lat' dir='ltr'><strong>die</strong></span> <span class='ocrx_word' id='word_1_204' title='bbox 1485 3265 1620 3323; x_wconf 88' lang='lat' dir='ltr'><strong>dominice</strong></span> <span class='ocrx_word' id='word_1_205' title='bbox 1634 3265 1662 3321; x_wconf 92' lang='lat' dir='ltr'><strong>in</strong></span> <span class='ocrx_word' id='word_1_206' title='bbox 1673 3264 1743 3322; x_wconf 87' lang='lat' dir='ltr'><strong>leste</strong></span> <span class='ocrx_word' id='word_1_207' title='bbox 1755 3264 1842 3321; x_wconf 70' lang='lat' dir='ltr'><strong>munti</strong></span> <span class='ocrx_word' id='word_1_208' title='bbox 1855 3263 1911 3322; x_wconf 84' lang='lat' dir='ltr'><strong>Na-</strong></span> 
     </span>
     <span class='ocr_line' id='line_1_22' title="bbox 497 3361 1912 3437; baseline 0.001 -21"><span class='ocrx_word' id='word_1_209' title='bbox 497 3382 511 3416; x_wconf 82' lang='lat'><strong>»</strong></span> <span class='ocrx_word' id='word_1_210' title='bbox 526 3363 591 3420; x_wconf 85' lang='lat' dir='ltr'><strong>rarii</strong></span> <span class='ocrx_word' id='word_1_211' title='bbox 604 3367 632 3422; x_wconf 88' lang='lat' dir='ltr'><strong>et</strong></span> <span class='ocrx_word' id='word_1_212' title='bbox 642 3361 713 3422; x_wconf 80' lang='lat' dir='ltr'><strong>Celsi</strong></span> <span class='ocrx_word' id='word_1_213' title='bbox 728 3361 778 3436; x_wconf 76' lang='lat'><strong>(28</strong></span> <span class='ocrx_word' id='word_1_214' title='bbox 792 3361 867 3436; x_wconf 83' lang='lat' dir='ltr'><strong>julii)</strong></span> <span class='ocrx_word' id='word_1_215' title='bbox 881 3363 953 3437; x_wconf 92' lang='lat' dir='ltr'><strong>apud</strong></span> <span class='ocrx_word' id='word_1_216' title='bbox 966 3365 1096 3422; x_wconf 87' lang='lat' dir='ltr'><strong>Sanctum</strong></span> <span class='ocrx_word' id='word_1_217' title='bbox 1111 3363 1278 3421; x_wconf 83' lang='lat' dir='ltr'><strong>Germanum</strong></span> <span class='ocrx_word' id='word_1_218' title='bbox 1292 3363 1404 3421; x_wconf 88' lang='lat' dir='ltr'><strong>naturali</strong></span> <span class='ocrx_word' id='word_1_219' title='bbox 1419 3368 1505 3422; x_wconf 89' lang='lat' dir='ltr'><strong>morte</strong></span> <span class='ocrx_word' id='word_1_220' title='bbox 1520 3362 1634 3434; x_wconf 80' lang='lat' dir='ltr'><strong>deiecit,</strong></span> <span class='ocrx_word' id='word_1_221' title='bbox 1652 3361 1731 3435; x_wconf 86' lang='lat' dir='ltr'><strong>cujus</strong></span> <span class='ocrx_word' id='word_1_222' title='bbox 1746 3375 1809 3419; x_wconf 88' lang='lat' dir='ltr'><strong>essa</strong></span> <span class='ocrx_word' id='word_1_223' title='bbox 1824 3361 1912 3420; x_wconf 85' lang='lat' dir='ltr'><strong>delata</strong></span> 
     </span>
     <span class='ocr_line' id='line_1_23' title="bbox 497 3457 1910 3534; baseline 0 -16"><span class='ocrx_word' id='word_1_224' title='bbox 497 3479 511 3512; x_wconf 78' lang='lat' dir='ltr'><strong>r</strong></span> <span class='ocrx_word' id='word_1_225' title='bbox 527 3465 590 3518; x_wconf 91' lang='lat' dir='ltr'><strong>sunt</strong></span> <span class='ocrx_word' id='word_1_226' title='bbox 600 3475 675 3518; x_wconf 90' lang='lat' dir='ltr'><strong>mere</strong></span> <span class='ocrx_word' id='word_1_227' title='bbox 688 3459 843 3517; x_wconf 85' lang='lat' dir='ltr'><strong>theutonice</strong></span> <span class='ocrx_word' id='word_1_228' title='bbox 861 3460 890 3516; x_wconf 88' lang='lat' dir='ltr'><strong>ln</strong></span> <span class='ocrx_word' id='word_1_229' title='bbox 906 3459 1082 3518; x_wconf 80' lang='lat' dir='ltr'><strong>Tbmteniam</strong></span> <span class='ocrx_word' id='word_1_230' title='bbox 1093 3467 1121 3518; x_wconf 88' lang='lat' dir='ltr'><strong>ct</strong></span> <span class='ocrx_word' id='word_1_231' title='bbox 1133 3476 1196 3518; x_wconf 87' lang='lat' dir='ltr'><strong>care</strong></span> <span class='ocrx_word' id='word_1_232' title='bbox 1210 3461 1282 3534; x_wconf 89' lang='lat' dir='ltr'><strong>apud</strong></span> <span class='ocrx_word' id='word_1_233' title='bbox 1295 3461 1434 3520; x_wconf 73' lang='lat' dir='ltr'><strong>Gasdnurn</strong></span> <span class='ocrx_word' id='word_1_234' title='bbox 1446 3475 1509 3518; x_wconf 89' lang='lat' dir='ltr'><strong>eum</strong></span> <span class='ocrx_word' id='word_1_235' title='bbox 1523 3459 1729 3520; x_wconf 82' lang='lat' dir='ltr'><strong>honorificentia</strong></span> <span class='ocrx_word' id='word_1_236' title='bbox 1741 3457 1879 3518; x_wconf 69' lang='grc' dir='ltr'>ιιιιιιιιΙιῐι.</span> <span class='ocrx_word' id='word_1_237' title='bbox 1896 3477 1910 3510; x_wconf 76' lang='grc' dir='ltr'>ι</span> 
     </span>
     <span class='ocr_line' id='line_1_24' title="bbox 496 3556 1914 3633; baseline -0.001 -19"><span class='ocrx_word' id='word_1_238' title='bbox 496 3557 569 3616; x_wconf 79' lang='lat' dir='ltr'><strong>lucc.</strong></span> <span class='ocrx_word' id='word_1_239' title='bbox 585 3573 621 3616; x_wconf 81' lang='lat' dir='ltr'><strong>na</strong></span> <span class='ocrx_word' id='word_1_240' title='bbox 632 3557 661 3616; x_wconf 92' lang='lat' dir='ltr'><strong>S.</strong></span> <span class='ocrx_word' id='word_1_241' title='bbox 675 3557 780 3630; x_wconf 82' lang='lat' dir='ltr'><strong>Gmrc,</strong></span> <span class='ocrx_word' id='word_1_242' title='bbox 795 3557 895 3616; x_wconf 76' lang='lat' dir='ltr'><strong>Circe.</strong></span> <span class='ocrx_word' id='word_1_243' title='bbox 909 3557 945 3614; x_wconf 83' lang='lat' dir='ltr'><strong>ed</strong></span> <span class='ocrx_word' id='word_1_244' title='bbox 958 3575 1025 3615; x_wconf 82' lang='lat' dir='ltr'><strong>ccc.</strong></span> <span class='ocrx_word' id='word_1_245' title='bbox 1037 3559 1222 3632; x_wconf 79' lang='lat' dir='ltr'><strong>flocpertinet</strong></span> <span class='ocrx_word' id='word_1_246' title='bbox 1233 3559 1346 3633; x_wconf 87' lang='lat' dir='ltr'><strong>epistola</strong></span> <span class='ocrx_word' id='word_1_247' title='bbox 1356 3559 1489 3632; x_wconf 87' lang='lat' dir='ltr'><strong>quaedam</strong></span> <span class='ocrx_word' id='word_1_248' title='bbox 1500 3557 1601 3614; x_wconf 87' lang='lat' dir='ltr'><strong>inedita</strong></span> <span class='ocrx_word' id='word_1_249' title='bbox 1617 3556 1671 3628; x_wconf 89' lang='lat' dir='ltr'><strong>(cui</strong></span> <span class='ocrx_word' id='word_1_250' title='bbox 1681 3561 1709 3614; x_wconf 89' lang='lat' dir='ltr'><strong>et</strong></span> <span class='ocrx_word' id='word_1_251' title='bbox 1720 3571 1737 3614; x_wconf 87' lang='lat' dir='ltr'><strong>a</strong></span> <span class='ocrx_word' id='word_1_252' title='bbox 1748 3571 1803 3630; x_wconf 89' lang='lat' dir='ltr'><strong>que</strong></span> <span class='ocrx_word' id='word_1_253' title='bbox 1811 3557 1914 3630; x_wconf 84' lang='lat' dir='ltr'><strong>scripta</strong></span> 
     </span>
     <span class='ocr_line' id='line_1_25' title="bbox 495 3652 1911 3730; baseline -0.002 -18"><span class='ocrx_word' id='word_1_254' title='bbox 495 3655 575 3712; x_wconf 85' lang='lat' dir='ltr'><strong>suerit</strong></span> <span class='ocrx_word' id='word_1_255' title='bbox 589 3652 736 3728; x_wconf 87' lang='lat' dir='ltr'><strong>nescimus)</strong></span> <span class='ocrx_word' id='word_1_256' title='bbox 749 3659 857 3728; x_wconf 80' lang='lat' dir='ltr'><strong>reperta</strong></span> <span class='ocrx_word' id='word_1_257' title='bbox 871 3655 900 3710; x_wconf 90' lang='lat' dir='ltr'><strong>in</strong></span> <span class='ocrx_word' id='word_1_258' title='bbox 910 3655 969 3712; x_wconf 89' lang='lat' dir='ltr'><strong>ced.</strong></span> <span class='ocrx_word' id='word_1_259' title='bbox 980 3657 1140 3730; x_wconf 85' lang='lat' dir='ltr'><strong>praecipuae</strong></span> <span class='ocrx_word' id='word_1_260' title='bbox 1150 3656 1255 3714; x_wconf 82' lang='lat' dir='ltr'><strong>bibliot.</strong></span> <span class='ocrx_word' id='word_1_261' title='bbox 1266 3656 1348 3714; x_wconf 86' lang='lat' dir='ltr'><strong>Paris.</strong></span> <span class='ocrx_word' id='word_1_262' title='bbox 1358 3657 1438 3724; x_wconf 86' lang='lat' dir='ltr'><strong>seul,</strong></span> <span class='ocrx_word' id='word_1_263' title='bbox 1453 3653 1501 3712; x_wconf 90' lang='lat' dir='ltr'><strong>lib.</strong></span> <span class='ocrx_word' id='word_1_264' title='bbox 1516 3655 1581 3724; x_wconf 84' lang='lat' dir='ltr'><strong>vll,</strong></span> <span class='ocrx_word' id='word_1_265' title='bbox 1597 3654 1743 3712; x_wconf 76' lang='lat' dir='ltr'><strong>lol.ttlv⁰:</strong></span> <span class='ocrx_word' id='word_1_266' title='bbox 1756 3653 1911 3728; x_wconf 78' lang='lat' dir='ltr'><strong>«Princeps</strong></span> 
     </span>
     <span class='ocr_line' id='line_1_26' title="bbox 498 3749 1915 3827; baseline 0.001 -23"><span class='ocrx_word' id='word_1_267' title='bbox 498 3773 512 3804; x_wconf 75' lang='lat' dir='ltr'><strong>n</strong></span> <span class='ocrx_word' id='word_1_268' title='bbox 528 3767 620 3826; x_wconf 81' lang='lat' dir='ltr'><strong>rogum</strong></span> <span class='ocrx_word' id='word_1_269' title='bbox 630 3757 701 3808; x_wconf 83' lang='lat' dir='ltr'><strong>terre</strong></span> <span class='ocrx_word' id='word_1_270' title='bbox 713 3751 741 3806; x_wconf 92' lang='lat' dir='ltr'><strong>in</strong></span> <span class='ocrx_word' id='word_1_271' title='bbox 754 3751 831 3824; x_wconf 84' lang='lat' dir='ltr'><strong>cujus</strong></span> <span class='ocrx_word' id='word_1_272' title='bbox 842 3767 924 3810; x_wconf 89' lang='lat' dir='ltr'><strong>manu</strong></span> <span class='ocrx_word' id='word_1_273' title='bbox 938 3759 1003 3809; x_wconf 89' lang='lat' dir='ltr'><strong>sunt</strong></span> <span class='ocrx_word' id='word_1_274' title='bbox 1019 3753 1159 3810; x_wconf 88' lang='lat' dir='ltr'><strong>hominurn</strong></span> <span class='ocrx_word' id='word_1_275' title='bbox 1173 3759 1320 3827; x_wconf 81' lang='lat' dir='ltr'><strong>potestates</strong></span> <span class='ocrx_word' id='word_1_276' title='bbox 1335 3769 1367 3811; x_wconf 89' lang='lat' dir='ltr'><strong>ac</strong></span> <span class='ocrx_word' id='word_1_277' title='bbox 1384 3753 1464 3809; x_wconf 86' lang='lat' dir='ltr'><strong>etiam</strong></span> <span class='ocrx_word' id='word_1_278' title='bbox 1478 3767 1553 3808; x_wconf 88' lang='lat' dir='ltr'><strong>mers</strong></span> <span class='ocrx_word' id='word_1_279' title='bbox 1565 3755 1593 3807; x_wconf 86' lang='lat' dir='ltr'><strong>et</strong></span> <span class='ocrx_word' id='word_1_280' title='bbox 1606 3751 1662 3808; x_wconf 82' lang='lat' dir='ltr'><strong>vita</strong></span> <span class='ocrx_word' id='word_1_281' title='bbox 1674 3792 1681 3821; x_wconf 87' lang='lat'>,</span> <span class='ocrx_word' id='word_1_282' title='bbox 1696 3751 1742 3823; x_wconf 86' lang='lat' dir='ltr'><strong>qui</strong></span> <span class='ocrx_word' id='word_1_283' title='bbox 1757 3749 1845 3807; x_wconf 80' lang='lat' dir='ltr'><strong>aufert</strong></span> <span class='ocrx_word' id='word_1_284' title='bbox 1859 3749 1915 3824; x_wconf 90' lang='lat' dir='ltr'><strong>spi·</strong></span> 
     </span>
     <span class='ocr_line' id='line_1_27' title="bbox 498 3847 1913 3925; baseline -0.001 -21"><span class='ocrx_word' id='word_1_285' title='bbox 498 3871 512 3904; x_wconf 82' lang='grc' dir='ltr'>ι</span> <span class='ocrx_word' id='word_1_286' title='bbox 528 3851 609 3908; x_wconf 87' lang='lat' dir='ltr'><strong>ritum</strong></span> <span class='ocrx_word' id='word_1_287' title='bbox 621 3850 773 3924; x_wconf 88' lang='lat' dir='ltr'><strong>principum</strong></span> <span class='ocrx_word' id='word_1_288' title='bbox 784 3856 812 3908; x_wconf 86' lang='lat' dir='ltr'><strong>et</strong></span> <span class='ocrx_word' id='word_1_289' title='bbox 825 3849 854 3906; x_wconf 89' lang='lat' dir='ltr'><strong>in</strong></span> <span class='ocrx_word' id='word_1_290' title='bbox 872 3865 956 3924; x_wconf 77' lang='lat' dir='ltr'><strong>regne</strong></span> <span class='ocrx_word' id='word_1_291' title='bbox 969 3851 1108 3908; x_wconf 87' lang='lat' dir='ltr'><strong>hominum</strong></span> <span class='ocrx_word' id='word_1_292' title='bbox 1122 3851 1289 3921; x_wconf 83' lang='lat' dir='ltr'><strong>dominatur,</strong></span> <span class='ocrx_word' id='word_1_293' title='bbox 1305 3867 1392 3925; x_wconf 90' lang='lat' dir='ltr'><strong>nuper</strong></span> <span class='ocrx_word' id='word_1_294' title='bbox 1406 3851 1440 3908; x_wconf 92' lang='lat' dir='ltr'><strong>ds</strong></span> <span class='ocrx_word' id='word_1_295' title='bbox 1455 3849 1544 3907; x_wconf 88' lang='lat' dir='ltr'><strong>medio</strong></span> <span class='ocrx_word' id='word_1_296' title='bbox 1560 3847 1688 3908; x_wconf 81' lang='lat' dir='ltr'><strong>substulit</strong></span> <span class='ocrx_word' id='word_1_297' title='bbox 1700 3848 1771 3906; x_wconf 79' lang='lat' dir='ltr'><strong>clus</strong></span> <span class='ocrx_word' id='word_1_298' title='bbox 1782 3847 1913 3905; x_wconf 87' lang='lat' dir='ltr'><strong>memorie</strong></span> 
     </span>
     <span class='ocr_line' id='line_1_28' title="bbox 498 3945 1910 4022; baseline -0.001 -20"><span class='ocrx_word' id='word_1_299' title='bbox 498 3968 512 4001; x_wconf 79' lang='grc' dir='ltr'>ι</span> <span class='ocrx_word' id='word_1_300' title='bbox 528 3949 624 4005; x_wconf 90' lang='lat' dir='ltr'><strong>ducem</strong></span> <span class='ocrx_word' id='word_1_301' title='bbox 639 3947 746 4006; x_wconf 78' lang='lat' dir='ltr'><strong>Austris</strong></span> <span class='ocrx_word' id='word_1_302' title='bbox 759 3947 848 4004; x_wconf 83' lang='lat' dir='ltr'><strong>vinum</strong></span> <span class='ocrx_word' id='word_1_303' title='bbox 860 3947 954 4022; x_wconf 74' lang='lat' dir='ltr'><strong>obque</strong></span> <span class='ocrx_word' id='word_1_304' title='bbox 966 3949 1043 4020; x_wconf 86' lang='lat' dir='ltr'><strong>pacis</strong></span> <span class='ocrx_word' id='word_1_305' title='bbox 1057 3949 1189 4020; x_wconf 86' lang='lat' dir='ltr'><strong>amicum,</strong></span> <span class='ocrx_word' id='word_1_306' title='bbox 1207 3949 1295 4006; x_wconf 81' lang='lat' dir='ltr'><strong>virum</strong></span> <span class='ocrx_word' id='word_1_307' title='bbox 1313 3947 1455 4006; x_wconf 89' lang='lat' dir='ltr'><strong>concordie</strong></span> <span class='ocrx_word' id='word_1_308' title='bbox 1471 3946 1633 4017; x_wconf 80' lang='lat' dir='ltr'><strong>zelatorem,</strong></span> <span class='ocrx_word' id='word_1_309' title='bbox 1648 3946 1725 4020; x_wconf 80' lang='lat' dir='ltr'><strong>cujus</strong></span> <span class='ocrx_word' id='word_1_310' title='bbox 1738 3959 1838 4018; x_wconf 81' lang='lat' dir='ltr'><strong>eorpus</strong></span> <span class='ocrx_word' id='word_1_311' title='bbox 1852 3945 1910 4018; x_wconf 80' lang='lat' dir='ltr'><strong>jaro</strong></span> 
     </span>
     <span class='ocr_line' id='line_1_29' title="bbox 497 4039 1910 4120; baseline -0.001 -22"><span class='ocrx_word' id='word_1_312' title='bbox 497 4064 512 4098; x_wconf 76' lang='lat' dir='ltr'><strong>s</strong></span> <span class='ocrx_word' id='word_1_313' title='bbox 527 4061 577 4120; x_wconf 93' lang='lat' dir='ltr'><strong>pre</strong></span> <span class='ocrx_word' id='word_1_314' title='bbox 591 4051 668 4120; x_wconf 89' lang='lat' dir='ltr'><strong>parte</strong></span> <span class='ocrx_word' id='word_1_315' title='bbox 686 4045 714 4101; x_wconf 92' lang='lat' dir='ltr'><strong>in</strong></span> <span class='ocrx_word' id='word_1_316' title='bbox 730 4044 891 4102; x_wconf 80' lang='lat' dir='ltr'><strong>cassinense</strong></span> <span class='ocrx_word' id='word_1_317' title='bbox 907 4045 1070 4102; x_wconf 85' lang='lat' dir='ltr'><strong>monasterio</strong></span> <span class='ocrx_word' id='word_1_318' title='bbox 1084 4043 1189 4117; x_wconf 89' lang='lat' dir='ltr'><strong>reecpit</strong></span> <span class='ocrx_word' id='word_1_319' title='bbox 1202 4043 1366 4118; x_wconf 86' lang='lat' dir='ltr'><strong>sepulturam</strong></span> <span class='ocrx_word' id='word_1_320' title='bbox 1380 4049 1407 4100; x_wconf 90' lang='lat' dir='ltr'><strong>et</strong></span> <span class='ocrx_word' id='word_1_321' title='bbox 1421 4044 1447 4099; x_wconf 93' lang='lat' dir='ltr'><strong>in</strong></span> <span class='ocrx_word' id='word_1_322' title='bbox 1463 4050 1539 4117; x_wconf 86' lang='lat' dir='ltr'><strong>parts</strong></span> <span class='ocrx_word' id='word_1_323' title='bbox 1555 4057 1608 4116; x_wconf 90' lang='lat' dir='ltr'><strong>qus</strong></span> <span class='ocrx_word' id='word_1_324' title='bbox 1622 4041 1693 4114; x_wconf 84' lang='lat' dir='ltr'><strong>lengi</strong></span> <span class='ocrx_word' id='word_1_325' title='bbox 1707 4045 1793 4097; x_wconf 88' lang='lat' dir='ltr'><strong>tractu</strong></span> <span class='ocrx_word' id='word_1_326' title='bbox 1804 4039 1910 4098; x_wconf 90' lang='lat' dir='ltr'><strong>itineris</strong></span> 
     </span>
     <span class='ocr_line' id='line_1_30' title="bbox 499 4137 1910 4217; baseline -0.002 -20"><span class='ocrx_word' id='word_1_327' title='bbox 499 4141 590 4199; x_wconf 78' lang='lat' dir='ltr'><strong>nlerri</strong></span> <span class='ocrx_word' id='word_1_328' title='bbox 607 4147 695 4217; x_wconf 88' lang='lat' dir='ltr'><strong>petest</strong></span> <span class='ocrx_word' id='word_1_329' title='bbox 714 4141 833 4200; x_wconf 79' lang='lat' dir='ltr'><strong>defertur</strong></span> <span class='ocrx_word' id='word_1_330' title='bbox 852 4141 885 4200; x_wconf 91' lang='lat' dir='ltr'><strong>ad</strong></span> <span class='ocrx_word' id='word_1_331' title='bbox 899 4142 1023 4216; x_wconf 82' lang='lat' dir='ltr'><strong>propria,</strong></span> <span class='ocrx_word' id='word_1_332' title='bbox 1041 4141 1111 4198; x_wconf 90' lang='lat' dir='ltr'><strong>tristi</strong></span> <span class='ocrx_word' id='word_1_333' title='bbox 1127 4140 1259 4214; x_wconf 89' lang='lat' dir='ltr'><strong>principie</strong></span> <span class='ocrx_word' id='word_1_334' title='bbox 1273 4139 1374 4196; x_wconf 74' lang='lat' dir='ltr'><strong>lunens</strong></span> <span class='ocrx_word' id='word_1_335' title='bbox 1389 4139 1531 4199; x_wconf 83' lang='lat' dir='ltr'><strong>exibendo.</strong></span> <span class='ocrx_word' id='word_1_336' title='bbox 1546 4141 1629 4196; x_wconf 85' lang='lat' dir='ltr'><strong>Porro</strong></span> <span class='ocrx_word' id='word_1_337' title='bbox 1640 4137 1809 4212; x_wconf 85' lang='lat' dir='ltr'><strong>paternitatis</strong></span> <span class='ocrx_word' id='word_1_338' title='bbox 1820 4143 1910 4196; x_wconf 77' lang='lat' dir='ltr'><strong>vestre</strong></span> 
     </span>
     <span class='ocr_line' id='line_1_31' title="bbox 499 4229 1909 4313; baseline -0.001 -20"><span class='ocrx_word' id='word_1_339' title='bbox 499 4259 513 4292; x_wconf 76' lang='lat' dir='ltr'><strong>s</strong></span> <span class='ocrx_word' id='word_1_340' title='bbox 528 4239 659 4297; x_wconf 84' lang='lat' dir='ltr'><strong>dulcedini</strong></span> <span class='ocrx_word' id='word_1_341' title='bbox 670 4229 851 4313; x_wconf 86' lang='lat' dir='ltr'><strong>supplicamus</strong></span> <span class='ocrx_word' id='word_1_342' title='bbox 863 4245 894 4295; x_wconf 90' lang='lat' dir='ltr'><strong>ut</strong></span> <span class='ocrx_word' id='word_1_343' title='bbox 905 4239 976 4296; x_wconf 88' lang='lat' dir='ltr'><strong>circa</strong></span> <span class='ocrx_word' id='word_1_344' title='bbox 989 4239 1126 4312; x_wconf 85' lang='lat' dir='ltr'><strong>predictos</strong></span> <span class='ocrx_word' id='word_1_345' title='bbox 1137 4237 1165 4294; x_wconf 88' lang='lat' dir='ltr'><strong>in</strong></span> <span class='ocrx_word' id='word_1_346' title='bbox 1174 4251 1269 4294; x_wconf 89' lang='lat' dir='ltr'><strong>secure</strong></span> <span class='ocrx_word' id='word_1_347' title='bbox 1279 4237 1413 4294; x_wconf 91' lang='lat' dir='ltr'><strong>conductu</strong></span> <span class='ocrx_word' id='word_1_348' title='bbox 1424 4237 1465 4294; x_wconf 89' lang='lat' dir='ltr'><strong>sic</strong></span> <span class='ocrx_word' id='word_1_349' title='bbox 1476 4243 1567 4295; x_wconf 89' lang='lat' dir='ltr'><strong>vestra</strong></span> <span class='ocrx_word' id='word_1_350' title='bbox 1580 4235 1731 4310; x_wconf 84' lang='lat' dir='ltr'><strong>benignitas</strong></span> <span class='ocrx_word' id='word_1_351' title='bbox 1745 4235 1772 4291; x_wconf 90' lang='lat' dir='ltr'><strong>in</strong></span> <span class='ocrx_word' id='word_1_352' title='bbox 1786 4235 1909 4292; x_wconf 78' lang='lat' dir='ltr'><strong>allectum</strong></span> 
     </span>
     <span class='ocr_line' id='line_1_32' title="bbox 499 4329 1910 4409; baseline -0.001 -20"><span class='ocrx_word' id='word_1_353' title='bbox 499 4355 513 4389; x_wconf 78' lang='grc' dir='ltr'>ι</span> <span class='ocrx_word' id='word_1_354' title='bbox 528 4334 649 4409; x_wconf 88' lang='lat' dir='ltr'><strong>prosiliat</strong></span> <span class='ocrx_word' id='word_1_355' title='bbox 661 4340 689 4392; x_wconf 89' lang='lat' dir='ltr'><strong>at</strong></span> <span class='ocrx_word' id='word_1_356' title='bbox 700 4336 835 4407; x_wconf 68' lang='lat' dir='ltr'><strong>effecum,</strong></span> <span class='ocrx_word' id='word_1_357' title='bbox 845 4336 920 4408; x_wconf 86' lang='lat' dir='ltr'><strong>qued</strong></span> <span class='ocrx_word' id='word_1_358' title='bbox 932 4335 1014 4392; x_wconf 72' lang='lat' dir='ltr'><strong>edam</strong></span> <span class='ocrx_word' id='word_1_359' title='bbox 1028 4333 1147 4393; x_wconf 89' lang='lat' dir='ltr'><strong>deluncti</strong></span> <span class='ocrx_word' id='word_1_360' title='bbox 1161 4333 1268 4394; x_wconf 85' lang='lat' dir='ltr'><strong>essibus</strong></span> <span class='ocrx_word' id='word_1_361' title='bbox 1278 4349 1333 4392; x_wconf 90' lang='lat' dir='ltr'><strong>nen</strong></span> <span class='ocrx_word' id='word_1_362' title='bbox 1346 4334 1418 4392; x_wconf 88' lang='lat' dir='ltr'><strong>desit</strong></span> <span class='ocrx_word' id='word_1_363' title='bbox 1430 4333 1583 4391; x_wconf 80' lang='lat' dir='ltr'><strong>bumarnitas</strong></span> <span class='ocrx_word' id='word_1_364' title='bbox 1596 4339 1626 4390; x_wconf 89' lang='lat' dir='ltr'><strong>et</strong></span> <span class='ocrx_word' id='word_1_365' title='bbox 1640 4333 1710 4390; x_wconf 83' lang='lat' dir='ltr'><strong>viris</strong></span> <span class='ocrx_word' id='word_1_366' title='bbox 1722 4329 1811 4390; x_wconf 72' lang='lat' dir='ltr'><strong>mldm</strong></span> <span class='ocrx_word' id='word_1_367' title='bbox 1819 4331 1847 4388; x_wconf 94' lang='lat' dir='ltr'><strong>in</strong></span> <span class='ocrx_word' id='word_1_368' title='bbox 1857 4329 1910 4388; x_wconf 90' lang='lat' dir='ltr'><strong>boc</strong></span> 
     </span>
     <span class='ocr_line' id='line_1_33' title="bbox 498 4427 1910 4506; baseline -0.001 -20"><span class='ocrx_word' id='word_1_369' title='bbox 498 4454 512 4486; x_wconf 70' lang='lat' dir='ltr'><strong>s</strong></span> <span class='ocrx_word' id='word_1_370' title='bbox 527 4431 717 4490; x_wconf 86' lang='lat' dir='ltr'><strong>consolationis</strong></span> <span class='ocrx_word' id='word_1_371' title='bbox 729 4432 875 4490; x_wconf 86' lang='lat' dir='ltr'><strong>remedium</strong></span> <span class='ocrx_word' id='word_1_372' title='bbox 889 4439 1058 4506; x_wconf 87' lang='lat' dir='ltr'><strong>procuretur.</strong></span> <span class='ocrx_word' id='word_1_373' title='bbox 1073 4431 1116 4490; x_wconf 77' lang='lat' dir='ltr'><strong>Ad</strong></span> <span class='ocrx_word' id='word_1_374' title='bbox 1134 4431 1186 4488; x_wconf 88' lang='lat' dir='ltr'><strong>bec</strong></span> <span class='ocrx_word' id='word_1_375' title='bbox 1206 4431 1388 4506; x_wconf 87' lang='lat' dir='ltr'><strong>supplicantes</strong></span> <span class='ocrx_word' id='word_1_376' title='bbox 1401 4431 1543 4504; x_wconf 81' lang='lat' dir='ltr'><strong>adjicimus</strong></span> <span class='ocrx_word' id='word_1_377' title='bbox 1560 4436 1591 4486; x_wconf 90' lang='lat' dir='ltr'><strong>ut</strong></span> <span class='ocrx_word' id='word_1_378' title='bbox 1601 4429 1688 4504; x_wconf 85' lang='lat' dir='ltr'><strong>justas</strong></span> <span class='ocrx_word' id='word_1_379' title='bbox 1700 4427 1910 4503; x_wconf 86' lang='lat' dir='ltr'><strong>supplicationes</strong></span> 
     </span>
     <span class='ocr_line' id='line_1_34' title="bbox 498 4524 1908 4603; baseline 0.001 -23"><span class='ocrx_word' id='word_1_380' title='bbox 498 4551 512 4580; x_wconf 73' lang='grc' dir='ltr'>ι</span> <span class='ocrx_word' id='word_1_381' title='bbox 528 4545 597 4602; x_wconf 85' lang='lat' dir='ltr'><strong>quas</strong></span> <span class='ocrx_word' id='word_1_382' title='bbox 609 4545 690 4602; x_wconf 91' lang='lat' dir='ltr'><strong>pre...</strong></span> <span class='ocrx_word' id='word_1_383' title='bbox 705 4528 759 4586; x_wconf 88' lang='lat' dir='ltr'><strong>lilio</strong></span> <span class='ocrx_word' id='word_1_384' title='bbox 778 4531 837 4603; x_wconf 85' lang='lat' dir='ltr'><strong>ejus</strong></span> <span class='ocrx_word' id='word_1_385' title='bbox 856 4536 885 4588; x_wconf 89' lang='lat' dir='ltr'><strong>at</strong></span> <span class='ocrx_word' id='word_1_386' title='bbox 908 4535 979 4587; x_wconf 88' lang='lat' dir='ltr'><strong>terra</strong></span> <span class='ocrx_word' id='word_1_387' title='bbox 994 4545 1043 4586; x_wconf 91' lang='lat' dir='ltr'><strong>sua</strong></span> <span class='ocrx_word' id='word_1_388' title='bbox 1057 4529 1135 4586; x_wconf 81' lang='lat' dir='ltr'><strong>robis</strong></span> <span class='ocrx_word' id='word_1_389' title='bbox 1148 4529 1238 4586; x_wconf 78' lang='lat' dir='ltr'><strong>offerri</strong></span> <span class='ocrx_word' id='word_1_390' title='bbox 1255 4528 1434 4602; x_wconf 83' lang='lat' dir='ltr'><strong>contingerint</strong></span> <span class='ocrx_word' id='word_1_391' title='bbox 1448 4529 1481 4585; x_wconf 89' lang='lat' dir='ltr'><strong>ad</strong></span> <span class='ocrx_word' id='word_1_392' title='bbox 1497 4527 1675 4584; x_wconf 85' lang='lat' dir='ltr'><strong>exauditionis</strong></span> <span class='ocrx_word' id='word_1_393' title='bbox 1689 4524 1835 4599; x_wconf 76' lang='lat' dir='ltr'><strong>gradamsi</strong></span> <span class='ocrx_word' id='word_1_394' title='bbox 1851 4524 1908 4598; x_wconf 87' lang='lat' dir='ltr'><strong>pla-</strong></span> 
     </span>
     <span class='ocr_line' id='line_1_35' title="bbox 498 4619 1909 4701; baseline -0.001 -21"><span class='ocrx_word' id='word_1_395' title='bbox 498 4647 511 4680; x_wconf 75' lang='lat'><strong>»</strong></span> <span class='ocrx_word' id='word_1_396' title='bbox 528 4625 634 4683; x_wconf 90' lang='lat' dir='ltr'><strong>cuerint</strong></span> <span class='ocrx_word' id='word_1_397' title='bbox 650 4624 810 4696; x_wconf 86' lang='lat' dir='ltr'><strong>admittatis,</strong></span> <span class='ocrx_word' id='word_1_398' title='bbox 827 4632 858 4683; x_wconf 92' lang='lat' dir='ltr'><strong>ut</strong></span> <span class='ocrx_word' id='word_1_399' title='bbox 871 4627 910 4684; x_wconf 88' lang='lat' dir='ltr'><strong>sic</strong></span> <span class='ocrx_word' id='word_1_400' title='bbox 924 4625 994 4701; x_wconf 90' lang='lat' dir='ltr'><strong>apud</strong></span> <span class='ocrx_word' id='word_1_401' title='bbox 1009 4641 1058 4685; x_wconf 92' lang='lat' dir='ltr'><strong>ves</strong></span> <span class='ocrx_word' id='word_1_402' title='bbox 1072 4626 1127 4683; x_wconf 86' lang='lat' dir='ltr'><strong>dux</strong></span> <span class='ocrx_word' id='word_1_403' title='bbox 1139 4625 1277 4700; x_wconf 81' lang='lat' dir='ltr'><strong>predictus</strong></span> <span class='ocrx_word' id='word_1_404' title='bbox 1295 4625 1323 4682; x_wconf 92' lang='lat' dir='ltr'><strong>iu</strong></span> <span class='ocrx_word' id='word_1_405' title='bbox 1341 4625 1398 4683; x_wconf 91' lang='lat' dir='ltr'><strong>suis</strong></span> <span class='ocrx_word' id='word_1_406' title='bbox 1411 4623 1492 4684; x_wconf 86' lang='lat' dir='ltr'><strong>ctiam</strong></span> <span class='ocrx_word' id='word_1_407' title='bbox 1510 4631 1574 4700; x_wconf 91' lang='lat' dir='ltr'><strong>pest</strong></span> <span class='ocrx_word' id='word_1_408' title='bbox 1590 4623 1695 4682; x_wconf 88' lang='lat' dir='ltr'><strong>obitum</strong></span> <span class='ocrx_word' id='word_1_409' title='bbox 1711 4619 1909 4698; x_wconf 82' lang='lat' dir='ltr'><strong>quodammode</strong></span> 
     </span>
     <span class='ocr_line' id='line_1_36' title="bbox 498 4721 791 4782; baseline -0.01 -4"><span class='ocrx_word' id='word_1_410' title='bbox 498 4744 512 4778; x_wconf 75' lang='grc' dir='ltr'>ι</span> <span class='ocrx_word' id='word_1_411' title='bbox 527 4723 619 4782; x_wconf 80' lang='lat' dir='ltr'><strong>virere</strong></span> <span class='ocrx_word' id='word_1_412' title='bbox 630 4721 763 4782; x_wconf 79' lang='lat' dir='ltr'><strong>ridente.</strong></span> <span class='ocrx_word' id='word_1_413' title='bbox 778 4743 791 4775; x_wconf 74' lang='lat' dir='ltr'><strong>s</strong></span> 
     </span>
    </p>
   </div>
   <div class='ocr_carea' id='block_1_4' title="bbox 0 0 2326 6106">
    <p class='ocr_par' dir='ltr' id='par_1_5' title="bbox 0 0 2326 6106">
     <span class='ocr_line' id='line_1_37' title="bbox 0 0 2326 6106; baseline 0 0"><span class='ocrx_word' id='word_1_414' title='bbox 0 0 2326 6106; x_wconf 95' lang='lat' dir='ltr'><strong> </strong></span> 
     </span>
    </p>
   </div>
  </div>
 </body>
</html>
