4702 6110
387 661 484 722 horor.
499 661 546 740 4.]
836 653 1031 717 atsuoale
1056 649 1349 715 bastonarius

440 1255 624 1340 Henricus
653 1254 913 1339 Romanorum
940 1277 1008 1334 rex
1038 1250 1200 1335 Henrico
1224 1251 1313 1336 duci
1339 1251 1566 1336 Brabontiae
1594 1249 1725 1335 scribit
1754 1259 1799 1336 ut
1828 1268 1987 1377 „opp-pn,

387 1389 579 1473 collationi
592 1414 709 1500 qnam
724 1396 831 1498 pater
844 1411 937 1470 suus
950 1386 1156 1495 imperator
1167 1384 1346 1468 ecclesiae
1359 1383 1463 1469 Beati
1479 1385 1638 1469 Servatii
1651 1384 1692 1467 in
1706 1385 1799 1466 Tra-
1852 1376 1972 1432 ”W

383 1521 588 1634 jectofecit
603 1523 782 1608 dedomo
797 1521 954 1604 ruinosa
972 1521 1044 1604 sita
1057 1521 1169 1633 juxta
1181 1521 1355 1604 eamdem
1369 1519 1581 1626 ecelesiam,
1598 1543 1796 1604 assensum

387 1655 580 1766 praebeat.

461 1894 587 1973 (lnsdtt.
601 1909 640 1954 cx
655 1889 833 1956 charmis.
851 1891 1023 1954 smenon
1040 1889 1189 1971 Trcjeetc,
1203 1891 1287 1954 MSS
1303 1891 1377 1954 Btbt.
1391 1907 1454 1972 reg.
1468 1892 1642 1972 Purtstcns,
1652 1899 1724 1954 mm
1742 1893 1799 1967 111,

508 2001 605 2062 taso
620 1999 729 2080 senc)

439 2217 481 2290 Η.
500 2215 563 2289 Dei
580 2215 691 2310 gratia
703 2215 936 2290 Romanorum
948 2236 1012 2288 rex
1028 2224 1063 2288 et
1078 2237 1214 2310 semper
1227 2225 1411 2310 augustus,
1430 2213 1556 2288 dilecto
1570 2213 1717 2310 principi
1736 2234 1801 2288 suo

391 2341 434 2414 H.
460 2339 542 2413 duci
557 2339 739 2412 Brabantie
753 2340 899 2434 gretiam
918 2361 1018 2412 suam
1033 2347 1068 2413 et
1083 2360 1186 2412 omne
1205 2340 1349 2412 bonum.
1368 2337 1453 2412 Cum
1474 2359 1538 2412 nos
1560 2338 1716 2410 omnium
1739 2359 1802 2412 eo·

390 2464 573 2540 etesiarum
588 2463 847 2539 defensionibus
867 2463 1046 2538 intendere
1063 2474 1254 2552 teneamur,
1271 2463 1437 2560 precipuo
1457 2484 1499 2536 ac
1519 2462 1659 2557 speciali
1677 2463 1801 2536 effectu

391 2591 467 2664 illas
481 2609 685 2686 promovere
699 2598 941 2684 tenemurque
961 2589 1103 2685 speciali
1125 2587 1340 2682 subJectione
1359 2597 1394 2660 et
1411 2586 1595 2660 devotione
1612 2586 1707 2680 regie
1723 2607 1801 2660 nos·

391 2722 517 2786 cuntur
532 2712 671 2786 subdite
685 2711 867 2806 majestati.
884 2713 970 2788 lnde
983 2723 1036 2787 est
1050 2713 1146 2808 quod
1164 2735 1227 2786 nos
1246 2713 1464 2788 dilectionem
1480 2722 1576 2786 tuem
1591 2711 1800 2786 monendam

391 2837 559 2911 duximus
567 2857 608 2911 ao
617 2836 802 2912 affectuose
812 2837 1004 2932 rogandam
1015 2847 1188 2932 quatenus
1197 2838 1369 2911 collationi
1383 2837 1432 2908 illi
1441 2859 1547 2932 qnam
1561 2836 1800 2911 serenissimus

391 2961 577 3058 imperator
592 2963 822 3036 Romanorum
837 2971 935 3058 pater
946 2971 1063 3036 noster
1072 2961 1153 3036 tecit
1167 2961 1312 3036 ecclesie
1327 2962 1422 3036 Beati
1436 2962 1581 3036 Servetii
1595 2962 1631 3034 in
1648 2963 1801 3055 Trajecto

391 3085 556 3162 dedomo
574 3085 715 3160 ruinose
731 3087 797 3159 sita
810 3088 915 3181 juxta
930 3086 1088 3160 eamdem
1108 3087 1301 3176 ecclesiam,
1321 3109 1499 3160 assensum
1516 3087 1674 3184 prebeas.
1691 3089 1802 3160 lucus

389 3208 484 3283 enim
502 3210 573 3300 ilic,
591 3211 682 3284 sicut
695 3211 796 3285 nobis
812 3210 974 3304 innotuit,
995 3211 1043 3286 ed
1060 3233 1150 3308 opus
1170 3211 1359 3287 dormitorii
1374 3211 1528 3308 predicte
1541 3211 1685 3284 ecclesie
1705 3231 1801 3285 com·

390 3333 488 3428 petit,
507 3341 543 3406 et
560 3341 699 3429 propter
718 3334 785 3408 hoc
807 3334 923 3430 potius
946 3334 1140 3408 consentire
1157 3333 1265 3408 debes
1282 3344 1322 3406 ut
1346 3343 1393 3408 ex
1418 3343 1478 3408 tna
1502 3335 1741 3430 cooperatione
1763 3335 1800 3408 in

392 3453 484 3528 dicta
503 3457 647 3530 ecclesia
659 3458 883 3554 omnipotenti
896 3461 969 3532 Deo
981 3457 1228 3554 competentius
1243 3457 1426 3530 serviatur.

439 3578 565 3650 Datum
579 3579 676 3676 apud
690 3581 932 3676 wormatiam,
951 3582 981 3654 ιι
998 3581 1164 3656 kalendas
1179 3581 1278 3668 maii,
1297 3579 1486 3654 indictione
1503 3581 1576 3652 1111.

444 4185 628 4272 Henricns
644 4187 905 4275 Romanorum
922 4215 990 4274 rex
1010 4189 1191 4276 omnibus
1216 4191 1466 4301 principibus,
1486 4192 1746 4280 ecclesiasticis
1764 4209 1802 4284 et
1831 4227 1976 4329 effi..

391 4321 614 4468 mundanis,
629 4320 743 4431 plura
755 4323 926 4407 concedit
941 4323 1154 4436 privilegiu,
1171 4325 1312 4435 quibua
1327 4325 1414 4409 illos
1430 4325 1513 4410 vuslt
1526 4329 1708 4439 gaudere,
1724 4331 1801 4414 sal-
1867 4339 1889 4381 ¹·
1897 4337 1959 4382 Ν·
1980 4307 1989 4336 ’

391 4453 449 4534 vis
465 4453 672 4566 privilegiis
688 4455 894 4566 agenitore
907 4482 978 4541 sno
992 4457 1156 4542 obtentis
1172 4468 1239 4543 aut
1250 4459 1486 4568 obtmend1s‚
1501 4463 1634 4546 eodem
1648 4491 1802 4576 quoqne

387 4583 476 4694 jure
492 4586 576 4670 vudt
592 4588 758 4700 gaudere
773 4589 954 4698 vasallos,
970 4591 1235 4678 ministeriales
1248 4603 1286 4678 et
1300 4594 1469 4678 civitates
1487 4597 1591 4680 adse
1608 4607 1645 4681 et
1659 4601 1708 4682 ad
1721 4599 1801 4682 im-

392 4717 542 4825 perium
559 4729 784 4830 spectantes.

492 4855 549 4917 ιιι.
1627 4875 1665 4930 ss
