4658 6132
366 666 465 728 lrutcr.
481 663 527 748 2]
815 661 1014 724 HISTORIA
1037 660 1329 724 ulaholtrt‘rlcu.
1723 662 1780 724 13³

365 801 492 874 Notum
515 820 600 893 ergo
616 799 871 872 essevolumus
895 798 1065 870 universis
1090 806 1159 870 tam
1180 796 1396 892 presentibus
1420 819 1525 891 quam
1541 797 1666 870 suturis
1684 799 1780 892 quod

366 945 431 997 nos
444 922 611 996 habentes
625 943 686 1018 pre
699 921 810 994 oculis
825 919 941 994 fidelia
955 921 1039 994 satis
1054 929 1089 994 et
1107 920 1211 994 valde
1232 929 1330 1016 grata
1348 920 1487 994 servitia
1503 943 1573 1016 que
1588 921 1777 1018 hlalpillus,

365 1047 509 1143 Pipinus
526 1055 560 1118 et
577 1047 759 1136 Beuectus,
777 1046 936 1118 consules
950 1044 1166 1135 Pisanorum,
1186 1053 1221 1116 et
1234 1043 1388 1116 universi
1402 1045 1516 1118 Pisani
1532 1055 1781 1119 commorantes

366 1171 405 1244 in
420 1170 559 1244 civitate
574 1177 690 1242 nostra
705 1167 853 1242 Acconis
864 1167 984 1242 fideles
1000 1168 1122 1256 nostri,
1142 1167 1245 1240 nobis
1258 1168 1487 1242 existentibus
1500 1168 1536 1241 in
1548 1170 1704 1264 partibus
1715 1171 1781 1242 ois-

368 1293 512 1368 marinis
527 1313 591 1390 pro
605 1291 753 1366 servitio.
762 1293 843 1366 lesu
857 1291 993 1383 Christi,
1012 1291 1183 1384 majestati
1199 1300 1314 1364 nostre
1329 1301 1400 1363 mm
1412 1289 1650 1387 devotequam
1664 1293 1782 1368 lauda·

366 1418 482 1492 biliter
496 1417 726 1507 contulerunt,
745 1414 971 1488 nihilominus
984 1414 1126 1511 insuper
1142 1413 1188 1489 ad
1204 1414 1405 1488 memoriam
1420 1425 1621 1488 revocantes
1636 1418 1783 1510 qualiter

368 1542 490 1616 civitas
510 1541 668 1612 Pisarum
684 1547 718 1611 et
738 1547 848 1610 totum
868 1539 1024 1630 ejusdem
1043 1559 1227 1612 commune
1251 1538 1368 1612 devoti
1390 1537 1510 1612 fideles
1533 1540 1641 1612 nostri
1657 1539 1780 1636 prede-

368 1665 562 1740 oessoribus
582 1662 708 1736 nostris
722 1661 1028 1736 hierosolimitanis
1041 1661 1183 1755 regibus
1203 1661 1320 1734 inclite
1336 1661 1581 1736 recordationis
1604 1662 1723 1737 fideles
1744 1665 1779 1735 in

369 1789 532 1864 omnibus
549 1787 755 1861 adstiterunt
767 1795 801 1858 et
815 1789 979 1881 precipue
992 1785 1028 1856 in
1042 1784 1303 1859 conservatione
1320 1785 1542 1880 reliquiarum
1556 1786 1692 1859 illarum
1710 1809 1779 1882 que

372 1912 417 1987 de
429 1933 535 2007 regno
550 1911 625 2007 ipso
643 1918 881 1984 remanserunt
891 1909 926 1982 in
940 1917 1106 2005 potestate
1118 1917 1152 1982 et
1166 1908 1321 1983 dominio
1334 1908 1547 2000 eorumdem,
1560 1911 1714 1984 volentes
1728 1914 1778 1984 eis

369 2047 534 2131 tanquam
547 2033 767 2108 benemeritis
781 2032 827 2107 ad
842 2032 948 2127 digna
968 2032 1098 2129 premia
1113 2031 1322 2127 respondere
1344 2041 1384 2105 ut
1405 2031 1492 2106 fides
1506 2055 1624 2106 eorum
1646 2033 1779 2130 aliquid

373 2157 595 2254 benignitatis
612 2167 646 2231 et
663 2157 807 2252 gratiae
825 2155 1061 2230 munificentia
1079 2165 1195 2228 nostra
1211 2178 1249 2228 se
1266 2157 1417 2250 gaudeat
1434 2166 1645 2248 assecutam,
1671 2157 1716 2230 de
1738 2157 1780 2229 li-

369 2282 546 2358 beralitate
560 2283 669 2377 gratie
683 2293 799 2355 nostre
816 2279 1059 2354 confirmamus
1072 2289 1106 2353 et
1122 2279 1344 2352 concedimus
1358 2281 1409 2354 eis
1430 2302 1492 2376 pro
1513 2281 1685 2354 universis
1702 2282 1778 2356 aliis

369 2407 502 2480 Pisanis
527 2407 663 2503 plenam
681 2406 871 2479 libertatem
895 2405 931 2476 in
953 2404 1092 2477 civitate
1114 2413 1229 2477 nostra
1254 2403 1402 2477 Acconis
1419 2405 1575 2499 deequis
1597 2414 1632 2478 et
1648 2405 1693 2480 de
1706 2429 1779 2480 orn·

370 2531 473 2603 nibus
490 2531 567 2604 aliis
580 2529 784 2625 equitaturis
797 2551 867 2625 que
882 2528 957 2601 sive
974 2549 1034 2622 per
1048 2549 1143 2600 mare
1157 2527 1232 2599 sive
1250 2549 1313 2623 per
1334 2537 1458 2602 terram
1477 2529 1675 2602 decivitate
1694 2533 1778 2603 etin

369 2653 508 2728 oimtate
528 2655 603 2750 ipsa
621 2654 845 2727 intromittere
866 2653 1039 2727 voluerint
1056 2663 1091 2725 et
1106 2651 1304 2744 extrahere,
1330 2662 1369 2724 ut
1392 2655 1485 2726 nullo
1508 2653 1671 2750 deinceps
1692 2667 1779 2728 tem·

371 2799 453 2876 pore
477 2778 522 2851 de
547 2777 631 2874 ipsis
650 2788 685 2850 et
707 2799 769 2874 pro
790 2777 876 2874 ipsis
892 2777 937 2850 ah
954 2778 1004 2850 eis
1021 2777 1154 2850 datium
1177 2776 1319 2870 aliquod
1335 2777 1508 2871 exigatur.
1531 2778 1779 2853 Confirmamus

370 2902 472 2974 etiam
499 2912 535 2973 et
559 2901 783 2974 concedimus
809 2901 860 2974 eis
892 2911 926 2975 et
956 2901 1118 2974 omnibus
1147 2900 1225 2974 aliis
1247 2901 1379 2974 Pisanis
1406 2911 1446 2974 ut
1475 2904 1559 2976 nulli
1584 2903 1777 2996 bajulorum

370 3034 564 3098 nostrorum
578 3025 639 3118 qui
660 3047 683 3098 a
701 3025 802 3097 nohis
815 3027 871 3098 vel
886 3024 1074 3098 heredibus
1094 3024 1218 3096 nostris
1234 3025 1269 3094 in
1284 3046 1391 3120 regno
1413 3035 1528 3100 nostro
1547 3029 1778 3102 Hierosolimi·

370 3157 451 3222 huo
476 3149 602 3221 luerint
629 3149 805 3222 oonstituti
839 3149 989 3244 aliquam
1020 3149 1106 3244 ipsis
1139 3149 1406 3244 prohihitionem
1435 3150 1481 3224 de
1509 3161 1621 3226 cetero
1653 3155 1777 3228 faciant

370 3273 566 3368 specialem,
586 3273 653 3344 nisi
671 3273 728 3346 illa
742 3295 812 3367 que
827 3273 872 3346 sit
884 3273 1088 3368 generaliter
1106 3273 1290 3346 universis.
1313 3277 1363 3346 De
1381 3277 1677 3371 superabundanti
1692 3301 1779 3372 quo-

371 3418 439 3491 que
453 3397 563 3490 gratia
582 3405 697 3469 nostra
714 3397 869 3470 volentes
883 3417 943 3470 eos
957 3395 993 3468 in
1010 3397 1171 3469 omnibus
1189 3419 1308 3470 eorum
1323 3398 1459 3490 juribus
1476 3421 1546 3494 que
1569 3402 1603 3471 in
1625 3401 1779 3497 predicto

372 3539 476 3613 regno
490 3519 744 3593 nostrohabent
756 3529 790 3592 et
803 3520 931 3593 habere
941 3519 1075 3615 dejure
1087 3520 1215 3594 debent
1225 3521 1340 3594 illesos
1353 3543 1504 3613 servare,
1520 3523 1644 3616 bajulis
1655 3527 1778 3597 nostris

372 3643 452 3738 Tyri
469 3653 505 3717 et
521 3645 654 3740 loppeu
670 3653 741 3716 tam
758 3644 976 3740 presentibus
985 3665 1091 3738 quam
1104 3645 1230 3717 suturis
1244 3643 1369 3717 damus
1384 3646 1537 3718 strictius
1553 3647 1589 3717 in
1609 3647 1780 3719 mandatis

373 3777 411 3839 ut
432 3767 547 3840 omnia
559 3769 639 3860 jura
662 3775 696 3841 et
716 3769 949 3863 possessiones
970 3789 1042 3863 que
1064 3777 1099 3841 et
1119 3791 1208 3863 quas
1230 3791 1413 3842 commune
1434 3769 1589 3842 Pisarum
1616 3771 1721 3844 hahet
1746 3783 1779 3844 ot

372 3889 498 3964 habere
512 3890 616 3964 debet
633 3892 668 3964 in
685 3893 783 3964 terris
797 3893 882 3988 ipsis
895 3902 930 3965 et
947 3892 1143 3966 tenimentis
1157 3913 1276 3965 eorum
1291 3893 1337 3966 ab
1350 3893 1444 3964 omni
1465 3893 1644 3966 invasione
1657 3905 1692 3966 et
1706 3917 1778 3968 mo·

372 4015 468 4088 lestia
491 4016 641 4090 debeant
662 4037 866 4089 conservare
883 4037 950 4089 nec
966 4015 1157 4088 sustineant
1175 4016 1271 4110 quod
1292 4015 1424 4088 eisdem
1445 4016 1578 4088 Pisanis
1600 4017 1778 4114 abaliquo

372 4139 427 4212 vel
441 4139 617 4234 aliquibus
633 4161 737 4236 super
751 4139 881 4214 eisdem
893 4140 1032 4234 juribus
1055 4148 1091 4212 et
1109 4139 1386 4234 possessionibus
1408 4139 1481 4211 suis
1505 4161 1692 4233 gravamen
1717 4165 1777 4216 seu

373 4263 527 4336 molestia
544 4263 722 4336 inferatur.
739 4263 794 4339 Ad
809 4265 913 4358 hujus
928 4273 1044 4338 autem
1058 4261 1262 4336 confirmati·
1273 4263 1326 4334 uis
1336 4271 1368 4335 el
1383 4241 1652 4336 conservationis
1665 4277 1780 4339 nostre

373 4387 571 4460 memoriam
589 4395 624 4460 et
640 4387 745 4460 robur
764 4395 930 4482 perpetuo
944 4387 1132 4460 valiturum
1147 4407 1288 4481 presens
1305 4386 1525 4482 privilegium
1540 4385 1615 4458 heri
1633 4398 1668 4460 et
1685 4389 1778 4462 bolla

372 4529 476 4582 aurea
497 4511 628 4605 typario
642 4519 757 4584 nostre
770 4511 955 4605 majestatis
969 4510 1135 4606 impressa
1150 4509 1319 4602 jussimus
1338 4511 1557 4583 communiri.

420 4633 530 4728 llujus
546 4642 661 4706 autem
675 4634 724 4707 rei
737 4643 841 4708 testes
854 4644 935 4706 sunt
952 4633 1054 4708 Oddo
1072 4633 1117 4706 de
1132 4634 1403 4707 hlontebeliurdo
1416 4635 1670 4707 comestabulus
1684 4640 1780 4732 regni

372 4757 684 4854 hierosolymitani,
702 4758 865 4832 Balianus
882 4757 1044 4832 dominus
1057 4757 1216 4850 Sidonis,
1234 4757 1406 4832 lohannes
1421 4759 1466 4832 de
1484 4759 1652 4850 lhellono,
1672 4762 1780 4834 Guar-
