4710 6076
562 524 623 586 ³54
1085 529 1254 594 rusulum
1279 528 1447 594 seusun
1785 533 1865 620 [Aur.
1883 537 1969 600 1227.

564 661 682 734 nullus
696 661 740 734 sil
756 661 819 756 qui
834 671 952 738 contra
973 664 1064 740 huuc
1082 664 1357 742 commissionem
1374 671 1525 738 nostram
1538 664 1657 740 venire
1670 663 1799 742 nudent
1813 667 1871 744 vel
1884 691 1973 748 ausu

564 785 743 860 temerario
765 783 946 884 impedire.
969 787 1027 864 Ad
1045 789 1152 884 lunu'ns
1175 789 1280 866 etism
1298 789 1381 866 lucli
1404 787 1512 864 nonni
1538 787 1749 885 perhennem
1773 793 1972 870 nemerim

564 929 709 1006 presens
725 910 890 1006 scriplum
905 912 1018 1008 sigillo
1033 921 1150 990 nocuo
1158 913 1327 1007 jussimus
1337 912 1509 1008 insigniri.

612 1033 739 1109 Dolum
756 1033 853 1130 opud
869 1033 1075 1132 Augustum,
1093 1038 1140 1112 vl
1151 1035 1232 1112 idus
1254 1036 1420 1130 octobris,
1435 1035 1625 1116 indictione
1636 1037 1760 1135 primo.

797 1372 1738 1384 -Ἣ--ι-Ἥ

377 1697 396 1750 1·
397 1725 530 1806 „ffli-
617 1683 801 1768 Henricus
822 1685 1083 1770 Romanorum
1104 1713 1171 1770 rex
1192 1688 1351 1770 mundat
1370 1687 1588 1772 Hermanno
1600 1686 1708 1796 Lupo
1727 1696 1771 1771 ut
1788 1686 1972 1772 allodium

563 1814 767 1900 Bibirbsch
785 1818 976 1927 pertinens
993 1819 1044 1902 ud
1058 1819 1332 1904 monesterium
1344 1815 1694 1904 Weuzinsbrnnuen
1709 1845 1833 1932 nsque
1848 1821 1898 1903 ed
1913 1846 1973 1902 rs-

564 1949 688 2034 ditum
706 1977 820 2034 suum
833 1952 1024 2035 defendat.

646 2189 743 2270 (mult.
764 2209 813 2272 np.
834 2191 986 2268 Leonum,
1006 2193 1111 2256 illator.
1133 2199 1259 2256 nomi.
1279 2192 1500 2276 Wesrosonlcni,
1512 2201 1543 2258 et
1559 2191 1735 2258 murm
1750 2193 1840 2270 Boio,
1855 2201 1879 2258 t.
1897 2195 1972 2268 vn,

684 2316 715 2377 p.
733 2299 1092 2377 uos,n⁰x1x,ndunn
1112 2298 1211 2381 12²8.)
1420 2311 1424 2316 ·

609 2513 791 2588 Heinricus
810 2515 873 2588 Dei
898 2515 1009 2610 gralia
1032 2515 1263 2588 Romanorum
1288 2535 1353 2587 rex
1369 2523 1404 2587 et
1420 2535 1556 2610 semper
1576 2523 1762 2610 augustus,
1786 2509 1882 2587 fideli
1906 2533 1971 2587 suc

561 2638 733 2711 Hermann
749 2638 846 2734 Lupo
862 2638 1009 2734 graiium
1025 2659 1125 2710 suum
1143 2645 1178 2711 et
1190 2658 1293 2710 omno
1313 2637 1457 2710 bonum.
1475 2635 1681 2711 Mundumus
1696 2635 1760 2710 libi
1777 2645 1813 2710 et
1829 2634 1971 2710 firmiter

561 2761 773 2858 precipimus
786 2771 826 2834 ul
844 2763 1008 2837 allodium
1023 2763 1060 2835 in
1082 2761 1266 2836 Bibirbeoh
1282 2762 1379 2858 quod
1404 2761 1650 2836 monesterium
1672 2761 1709 2834 in
1727 2761 1970 2835 Wezzinsbru-

561 2907 630 2960 nen
644 2887 752 2960 mullo
760 2887 833 2980 jum
847 2895 999 2982 tempore
1012 2885 1048 2958 in
1063 2886 1180 2982 quieto
1197 2885 1320 2960 habuit
1337 2885 1569 2982 possessione,
1586 2884 1634 2958 nd
1651 2907 1741 2982 opus
1758 2885 1881 2982 pusioli
1896 2907 1970 2958 mo

559 3009 700 3084 nestorii
721 3019 835 3083 nostru
856 3010 1058 3086 auclorilole
1079 3019 1239 3106 proteges
1253 3018 1288 3084 el
1302 3009 1491 3104 defendas,
1516 3031 1581 3084 nec
1598 3009 1768 3086 sustineas
1788 3009 1826 3082 in
1844 3007 1969 3083 allodio

559 3133 619 3208 illo
642 3133 792 3228 aliquem
819 3135 891 3228 Jam
922 3135 1078 3232 predicto
1104 3134 1313 3208 monasterio
1344 3131 1470 3209 inferre
1492 3133 1666 3229 injurium.
1688 3133 1724 3208 Si
1744 3155 1829 3208 vero
1855 3156 1970 3208 comes

559 3256 770 3332 Ludewicus
785 3257 836 3354 (l)
856 3258 931 3331 sive
946 3259 1036 3333 alins
1049 3260 1252 3355 quicunque
1269 3257 1436 3333 invadere
1455 3259 1719 3356 presumpserit,
1740 3265 1779 3331 tu
1802 3257 1889 3335 illud
1912 3280 1969 3332 us·

558 3403 629 3477 qne
642 3380 688 3456 ud
701 3381 852 3456 reditum
868 3392 1025 3456 nostrum
1041 3383 1079 3456 in
1096 3391 1214 3458 nostra
1233 3403 1416 3458 conserves
1430 3383 1643 3478 protectione
1658 3379 1723 3480 (ἲ).

379 4057 522 4131 &⁰330ssss
612 4001 798 4089 Henricus
819 4001 1081 4091 Romanorum
1101 4025 1168 4087 rex
1189 3995 1500 4086 ministerialims
1527 3997 1607 4082 suis
1625 3995 1817 4084 licentiam
1836 3971 1969 4084 tribuit

559 4143 603 4222 ul
629 4135 887 4246 possessiones
914 4159 1006 4218 suos
1027 4143 1108 4216 lem
1132 4131 1174 4214 in
1191 4130 1350 4242 imperio
1376 4137 1415 4214 ct
1435 4129 1577 4214 ducatu
1598 4129 1755 4216 Suovine
1782 4157 1901 4244 quum
1927 4133 1967 4214 in

595 4474 632 4550 (l)
651 4474 745 4550 Agimr
755 4473 789 4532 de
801 4470 936 4531 ludovico
949 4471 1046 4529 comite
1056 4470 1091 4529 do
1101 4470 1255 4545 OElliugen.

595 4575 631 4648 (ἰ)
649 4572 717 4632 Cum
730 4577 810 4629 nolas
825 4568 1026 4644 chronologicae
1038 4568 1147 4627 omniuo
1159 4567 1261 4640 desini,
1276 4565 1431 4627 mundatum
1452 4563 1526 4624 istud
1537 4563 1668 4648 ‘omnem
1688 4564 1794 4640 generis
1810 4577 1843 4623 oe
1858 4579 1966 4640 praece

557 4671 624 4733 deus
635 4670 754 4732 adhunc
765 4669 854 4732 locum
866 4666 1036 4728 miersudum
1046 4679 1198 4726 censemus.
