4658 6132
1072 627 1287 692 ratonnlcl
1314 625 1488 692 secutor
1520 621 1524 634 '
1796 633 1877 712 [An.
1894 634 1980 699 lm

370 1209 532 1269 rampses
622 1199 852 1306 Fridericue,
876 1200 1138 1284 Romanorum
1155 1200 1375 1311 imperator,
1398 1199 1616 1286 Hermanno
1634 1204 1819 1316 magistro
1841 1215 1879 1290 et
1896 1205 1979 1290 lra-

569 1333 692 1418 tn'bus
723 1333 862 1418 domus
890 1341 1043 1416 ssncme
1070 1333 1209 1418 Mariae
1236 1333 1557 1418 Theutonicorum
1580 1335 1647 1420 dat
1672 1346 1711 1422 et
1740 1339 1912 1423 coneedit
1937 1339 1978 1422 in

568 1475 793 1576 perpetuum
829 1491 896 1550 sex
926 1465 1049 1550 millia
1084 1475 1122 1550 et
1160 1466 1461 1579 quadringentos
1501 1467 1692 1554 bisancios
1720 1481 1979 1558 sarracenatos

566 1599 801 1710 recipiendos
828 1599 1026 1684 annuatim
1057 1598 1097 1682 in
1119 1599 1331 1686 redditibus
1362 1602 1544 1688 cathenae
1570 1613 1609 1688 et
1630 1603 1773 1690 badae
1800 1605 1973 1690 Acconis.

643 1813 769 1896 (lnedlt.
783 1815 816 1876 ln
830 1813 943 1876 archiv.
959 1813 1102 1892 Berollu.,
1117 1811 1225 1876 alibro
1238 1813 1343 1894 eoplall
1360 1813 1427 1878 ord.
1442 1815 1606 1896 Tbeuton.)

610 1997 831 2090 Fredericus,
854 1997 976 2072 divina
996 1999 1135 2072 favente
1154 1997 1335 2072 clementia
1352 1999 1585 2072 Romanorum
1617 1996 1814 2096 imperator,
1840 2021 1977 2098 super

562 2129 750 2214 angustus,
774 2119 972 2194 lerosolime
996 2129 1031 2193 et
1054 2119 1171 2192 Sicilie
1188 2141 1265 2193 rex.
1293 2119 1483 2216 imperialis
1507 2119 1717 2195 excellencie
1736 2121 1910 2198 redundat
1928 2123 1975 2198 ad

563 2243 707 2339 gloriam
722 2252 956 2317 sacrosanctas
972 2244 1135 2316 eeclesias
1148 2252 1184 2316 et
1197 2244 1272 2317 loca
1289 2243 1450 2338 religiosa
1462 2243 1607 2340 diligere
1623 2253 1659 2318 et
1678 2267 1719 2320 ea
1739 2245 1855 2341 dignis
1871 2248 1975 2323 bene·

563 2367 651 2442 liciis
663 2367 846 2462 ampliare,
861 2389 1009 2463 perque
1024 2369 1097 2440 Deo
1116 2367 1229 2441 dicato
1244 2355 1389 2463 persone
1409 2367 1538 2462 jugiter
1554 2368 1592 2442 in
1611 2369 1776 2444 laudibus
1799 2370 1876 2464 ejus
1896 2391 1974 2468 pera

562 2492 695 2584 sistant,
708 2511 809 2587 aquo
822 2501 892 2565 tarn
905 2491 1099 2565 animarum
1111 2511 1218 2586 quarn
1229 2511 1411 2588 corporum
1423 2499 1547 2566 cuncta
1558 2491 1726 2566 beneficia
1736 2493 1969 2568 asciscuntur.

560 2618 687 2692 Notum
709 2618 816 2714 igitur
832 2637 909 2690 esse
921 2615 1083 2690 volumus
1096 2615 1269 2688 universis
1280 2623 1350 2688 tem
1368 2616 1587 2712 pausantibus
1601 2639 1708 2712 quarn
1734 2617 1861 2691 futuris
1876 2619 1975 2713 quod

562 2763 626 2816 nos
640 2741 863 2815 meditatione
876 2739 1030 2836 piissima
1039 2738 1255 2812 attendentes
1263 2739 1410 2833 qualiter
1418 2758 1515 2812 sama
1526 2738 1651 2813 domus
1663 2737 1843 2836 hospitalis
1856 2749 1973 2814 sande

561 2865 669 2939 llario
688 2863 973 2938 Theotonioorum
988 2863 1024 2936 in
1039 2862 1235 2936 lerosolinia
1251 2883 1274 2936 a
1289 2861 1591 2959 predecessoribus
1605 2863 1731 2936 nostris
1741 2865 1972 2938 Romanorum

563 2988 828 3084 imperatoribus
842 2987 1000 3060 felicibus
1017 2985 1177 3058 incohata
1189 2985 1381 3082 principiis,
1397 3009 1460 3083 per
1473 2987 1707 3083 progenitores
1719 2995 1854 3060 nosces
1870 2985 1973 3060 divos

563 3120 748 3207 augustos,
771 3111 887 3184 inclite
906 3109 1170 3199 recordatiouis,
1193 3111 1383 3206 susceperit
1404 3110 1654 3184 incrementum
1674 3119 1711 3184 et
1725 3131 1788 3206 per
1805 3131 1865 3184 ens
1883 3131 1971 3183 non·

562 3235 666 3307 nullis
683 3234 835 3307 estiterit
854 3231 1032 3306 beneficiis
1046 3235 1227 3328 ampliata;
1243 3233 1500 3307 considerantes
1517 3235 1659 3330 insuper
1675 3233 1770 3328 quod
1789 3234 1972 3308 exibemus

561 3356 767 3451 obsequium
788 3357 861 3429 Deo
877 3365 1032 3450 gratum,
1054 3356 1083 3428 si
1102 3355 1302 3430 eorumdem
1316 3355 1600 3452 predecessorum
1618 3366 1812 3430 nostrorum
1825 3357 1972 3452 vestigia

561 3489 826 3578 prosequentes,
854 3479 946 3553 circs
968 3480 1159 3576 prolecturn
1184 3479 1294 3576 ipsius
1318 3478 1442 3553 domus
1462 3489 1533 3554 tam
1553 3481 1739 3554 liberaliter
1760 3479 1972 3555 intendimus

550 3602 668 3700 ‘Qum
678 3605 836 3696 libenter,
853 3603 898 3678 de
914 3603 1032 3678 innata
1044 3603 1265 3698 benignitatis
1283 3613 1399 3678 nostre
1412 3604 1535 3699 gratia,
1552 3613 1588 3677 et
1599 3603 1726 3676 intuitu
1739 3603 1973 3678 retributionis

561 3739 677 3805 eterne
693 3749 736 3802 ac
752 3748 816 3826 pro
831 3727 983 3802 remedio
1005 3729 1198 3801 animarum
1219 3727 1380 3802 divorum
1402 3737 1629 3823 augustorum
1645 3733 1827 3822 parentum
1844 3733 1879 3800 et
1893 3747 1972 3823 pre·

561 3853 782 3930 decessorum
798 3860 992 3926 nostrorum
1008 3852 1353 3927 lerosolimitauornm
1371 3875 1494 3948 regom
1509 3851 1673 3925 memmio
1687 3847 1885 3943 recolende,
1909 3871 1972 3958 ppo

561 3978 673 4051 salute
687 3995 828 4072 quoque
840 3983 955 4048 nostra
968 3983 1004 4049 et
1015 3975 1234 4072 exaltationis
1246 3997 1288 4050 ac
1302 3975 1411 4071 glorie
1425 3977 1647 4067 incremento,
1664 3973 1790 4048 damus
1803 3983 1839 4046 et
1853 3993 1973 4048 conce·

562 4099 679 4175 dimus
703 4101 797 4175 fratri
822 4101 1016 4174 Hermanno
1042 4100 1233 4175 venerabili
1264 4101 1428 4196 magistro
1453 4109 1490 4175 et
1517 4099 1680 4174 iratribus
1705 4097 1831 4174 domus
1856 4107 1973 4172 sancte

561 4225 670 4300 blarie
686 4225 972 4299 ‘l'heotonioorum
987 4231 1022 4298 et
1038 4223 1295 4298 suecessoribus
1308 4223 1399 4317 suis,
1415 4245 1457 4298 ac
1469 4243 1590 4298 eorum
1612 4221 1733 4296 domui
1750 4219 1925 4296 nominrue
1936 4219 1974 4292 irr

556 4358 769 4449 perpetuum
781 4369 846 4422 sex
859 4347 999 4422 miliaet
1011 4349 1281 4444 quadringentos
1293 4347 1466 4422 bisancios
1489 4355 1744 4438 sarracenatos,
1759 4341 1975 4441 recipiendos

563 4474 742 4549 annuatim
759 4473 797 4546 in
809 4473 1004 4548 redditibus
1016 4473 1161 4546 cathena
1176 4482 1211 4547 et
1230 4472 1339 4546 innde
1356 4481 1471 4546 nostre
1487 4471 1650 4560 Acconis,
1667 4468 1829 4544 videlieet
1842 4467 1879 4540 in
1895 4466 1975 4542 red·

565 4597 697 4674 ditibus
716 4597 859 4670 cathena
875 4597 940 4670 tria
958 4597 1052 4670 milia
1067 4606 1102 4670 et
1126 4597 1292 4672 ducentos
1304 4597 1477 4672 bisancioe
1494 4603 1747 4686 sarracenatos,
1766 4603 1802 4667 et
1818 4593 1887 4666 alia
1909 4591 1975 4668 tria

566 4721 661 4797 milia
685 4721 857 4796 bisancius
875 4731 1109 4797 samacenatoe
1125 4722 1162 4796 in
1178 4720 1375 4796 redditibus
1392 4719 1512 4813 ranae,
1531 4721 1588 4796 vel
1599 4739 1719 4794 omnes
1729 4717 1766 4791 in
1779 4713 1974 4791 redditibus
