4658 6132
364 693 462 753 Iunrcr.
479 687 521 772 ἱ]
811 689 1005 752 tttsrouta
1033 685 1324 752 nrrnolrnrtcn.
1727 679 1769 742 89

415 823 606 922 Capitulum
637 823 671 894 V.
693 823 730 896 Si
756 823 1000 920 Hierosolymis
1026 827 1234 898 Sarracenos
1259 823 1445 893 Sarraceno
1474 816 1570 889 alteri
1598 815 1764 888 damnum

363 947 504 1040 aliquod
521 933 685 1032 intulerit,
699 946 795 1041 apud
820 945 1024 1021 Sarracenos
1041 949 1077 1019 in
1093 947 1264 1040 judicium
1279 941 1471 1015 vocabitur.

412 1070 538 1164 §Ecce
552 1069 647 1164 qnod
662 1070 698 1140 in
717 1070 854 1142 civitate
870 1071 1145 1164 jurisdictionem
1158 1069 1287 1140 habent
1299 1065 1389 1138 sicut
1402 1061 1591 1135 christiani.

417 1223 609 1320 Capitulum
632 1225 684 1298 VI.
704 1227 890 1320 Imperator
908 1225 992 1296 nulli
1007 1226 1150 1317 Franco,
1166 1224 1325 1319 quisquis
1339 1223 1396 1295 ille
1409 1222 1531 1311 luerit,
1547 1242 1767 1314 quocumque

363 1345 467 1420 modo
481 1367 618 1442 operam
632 1347 797 1443 prestabit
810 1368 874 1419 nec
889 1349 1074 1420 Sarraceno
1087 1347 1133 1420 ad
1147 1345 1402 1440 confligendum
1413 1345 1611 1437 bellumque
1626 1364 1769 1416 moven-
1825 1327 1827 1330 ’

366 1469 450 1542 dum
464 1479 582 1541 contra
596 1471 799 1542 Sarracenos
813 1471 1024 1564 quicumque
1043 1471 1067 1541 ii
1086 1471 1212 1542 luerint
1232 1491 1294 1567 per
1316 1469 1379 1541 has
1400 1467 1578 1558 inducias,
1608 1467 1768 1560 belloque

364 1601 478 1682 moto,
501 1613 566 1664 nec
580 1613 789 1686 quemqnam
814 1592 964 1688 impellet
977 1595 1031 1666 vel
1050 1593 1159 1665 mittet
1179 1615 1243 1666 nec
1268 1591 1431 1686 cuiquam
1448 1612 1568 1664 eorum
1590 1611 1666 1662 sese
1687 1611 1769 1662 con·

362 1717 485 1808 junget
517 1715 578 1808 qui
610 1713 657 1787 ad
681 1716 829 1810 prelium
849 1715 1042 1789 ineundum
1066 1717 1168 1788 luerit
1195 1738 1412 1812 progressus,
1440 1715 1528 1787 iisve
1547 1715 1643 1786 nullo
1664 1713 1769 1786 modo

366 1837 565 1910 adhercscet
578 1859 641 1910 nec
657 1859 717 1910 eos
731 1848 922 1911 commeatu
937 1842 994 1912 vel
1012 1839 1096 1911 viris
1106 1841 1256 1932 juvabit.

415 1961 436 2056 ὅ
454 1961 550 2034 Istud
565 1971 816 2034 sacramentum
834 1961 930 2056 qnod
950 1962 986 2034 in
1001 1963 1066 2034 hac
1081 1971 1177 2057 parte
1195 1963 1275 2036 lecit
1287 1961 1437 2034 soldano
1450 1960 1624 2055 quomodo
1640 1960 1769 2032 servari

367 2087 491 2180 poterit
502 2106 582 2156 cum
598 2105 639 2156 eo
648 2083 742 2180 quod
756 2085 836 2158 lecit
849 2085 1000 2158 Ecclesia
1012 2085 1057 2158 de
1071 2085 1228 2158 tenendis
1240 2085 1333 2157 mille
1346 2084 1511 2155 militibus
1523 2105 1584 2178 per
1591 2084 1769 2156 biennium

368 2215 402 2280 et
416 2207 460 2280 de
471 2208 720 2302 qninquaginta
736 2209 859 2301 galeis,
875 2231 938 2304 pro
952 2209 1080 2304 quibus
1093 2207 1411 2281 excommunicatus
1424 2207 1568 2300 estquia
1581 2206 1770 2302 adimplere

368 2330 488 2406 eadem
501 2353 570 2404 non
587 2331 742 2404 curavit?

420 2487 609 2582 Capitulum
632 2489 701 2560 Vll.
721 2489 906 2584 Imperator
917 2489 1075 2562 avocabit
1090 2511 1150 2562 eos
1162 2488 1352 2582 omnesqui
1364 2485 1622 2560 meditabuntur
1637 2489 1770 2561 cladem

368 2611 518 2706 aliquam
532 2612 656 2684 interra
671 2611 768 2684 terris
786 2612 913 2684 sullani
931 2613 1039 2684 Melea
1059 2612 1091 2684 el
1114 2613 1232 2684 Komel
1247 2633 1289 2684 ac
1309 2611 1427 2701 terris,
1444 2609 1551 2704 idque
1575 2611 1648 2683 suis
1668 2633 1769 2684 exer-

370 2735 520 2829 cituique
534 2757 576 2808 ac
595 2735 744 2808 subditis
758 2735 888 2808 vetabit
903 2756 965 2830 pro
980 2743 1109 2829 quanta
1126 2737 1161 2806 in
1176 2755 1218 2808 oo
1236 2734 1300 2806 erit
1315 2743 1493 2830 potestate.

418 2857 439 2952 g
463 2858 498 2930 Si
521 2859 610 2932 bene
628 2866 763 2930 notetur
785 2857 878 2932 istud
896 2858 1104 2954 capitulum,
1130 2859 1194 2931 etsi
1209 2879 1387 2952 nunquam
1408 2858 1445 2928 in
1459 2857 1536 2928 aliis
1550 2855 1767 2952 deliquisset,

370 3001 440 3052 non
458 2981 569 3052 solum
586 2981 677 3054 Deus
692 2989 810 3054 contra
825 3003 930 3076 quem
948 3003 985 3054 se
1005 2982 1196 3076 specialiter
1212 2981 1397 3076 obligavit,
1418 3003 1540 3054 verum
1560 2981 1664 3054 etiam
1679 2989 1772 3054 totns

373 3103 526 3176 mundus
553 3103 695 3176 deberet
715 3104 892 3200 insurgere
918 3115 1036 3178 contra
1056 3127 1157 3194 eum,
1180 3106 1264 3199 quia
1284 3105 1321 3178 in
1343 3103 1409 3178 hoo
1430 3113 1547 3178 contra
1573 3105 1772 3178 universam

371 3227 653 3328 christianitatem
670 3227 840 3300 commisit
863 3229 899 3300 in
922 3228 1143 3325 approbrium
1163 3238 1199 3300 et
1225 3237 1457 3324 contemptum
1480 3229 1682 3302 excellentie
1701 3230 1772 3300 im-

370 3351 507 3448 perialis
534 3360 569 3424 et
596 3351 701 3424 totius
733 3351 988 3426 christianitatis
1016 3351 1169 3427 dedecus
1197 3372 1267 3424 non
1297 3351 1472 3426 modicum
1494 3361 1530 3424 et
1553 3352 1772 3426 manifestum

371 3495 568 3569 gravamen.

421 3623 613 3716 Capitulum
628 3623 714 3696 Vlll.
735 3621 844 3721 [Pane
858 3623 964 3710 idem,
984 3625 1047 3698 sed
1061 3620 1415 3720 magisexpressum}
1433 3624 1538 3718 Siqui
1552 3625 1673 3696 Franci
1691 3647 1773 3719 pac-

373 3747 480 3820 tiones
504 3755 694 3820 conventas
719 3755 780 3820 aut
801 3767 949 3840 quarum
968 3748 1096 3820 mentio
1112 3749 1202 3822 iacta
1221 3748 1320 3820 sitin
1338 3747 1393 3820 his
1410 3745 1560 3820 induciis
1580 3747 1773 3842 transgredi

373 3871 534 3966 cogitent,
552 3870 735 3964 imperator
748 3871 923 3942 sultanum
941 3869 1126 3944 detondere
1139 3879 1272 3944 tenetur
1285 3891 1327 3943 ac
1342 3871 1387 3942 ab
1401 3891 1443 3943 ea
1460 3877 1575 3942 mente
1590 3893 1671 3943 suos
1688 3872 1773 3944 sub-

373 3993 532 4087 ditosqne
549 3993 809 4088 exercitumque
824 4015 927 4066 sunm
941 4015 1113 4068 revocare.

421 4143 612 4236 Capitulum
632 4143 695 4216 IX.
722 4143 867 4239 Tripolis
884 4146 1029 4239 ejusque
1042 4145 1261 4234 territorium,
1281 4141 1468 4233 Crachum,
1487 4141 1771 4234 Castclblancum,

372 4267 523 4356 Tortosa,
540 4267 733 4358 Margatnm
745 4277 781 4340 et
794 4266 976 4340 Antiochia
989 4278 1024 4341 at
1041 4267 1214 4362 quidquid
1235 4267 1271 4337 in
1287 4266 1330 4337 iis
1342 4265 1523 4360 reperitur,
1541 4274 1612 4336 tum
1629 4264 1774 4338 inbelle

372 4410 477 4483 quarn
494 4389 531 4460 in
546 4389 708 4482 induciis,
724 4390 760 4461 in
775 4411 839 4462 suo
853 4397 944 4462 statu
959 4391 1186 4483 relinquatur,
1203 4409 1245 4462 ac
1256 4389 1439 4484 imperator
1450 4388 1523 4459 suis
1537 4387 1774 4481 exercituique

373 4534 436 4584 suo
452 4513 558 4607 inque
578 4513 676 4586 terris
691 4513 764 4585 suis
791 4513 1099 4602 commorantibus,
1128 4511 1189 4606 qui
1217 4533 1259 4584 eo
1292 4509 1471 4602 accedent,
1502 4511 1577 4583 sive
1604 4510 1629 4582 ii
1652 4509 1774 4584 Franci

374 4634 500 4706 luerint
518 4635 681 4730 indigene
701 4637 757 4708 vel
779 4637 907 4728 exteri,
925 4657 1025 4732 opem
1050 4635 1198 4710 dominis
1222 4635 1392 4710 dictomm
1414 4635 1567 4708 locorum
1584 4637 1673 4708 terre
1695 4657 1775 4730 pro·

375 4757 519 4830 lribebit.

473 4881 530 4942 111.
1581 4877 1620 4941 12
