4652 6092
838 573 963 636 lubuit
988 571 1335 638 uocduuuroitiiii.
1739 580 1796 644 531

376 777 515 902 Q
571 817 574 824 .

808 903 910 966 utendi
932 923 1017 968 auam
1036 907 1202 978 ciuitatem,
1221 905 1399 982 irritumque
1415 905 1545 970 declarat
1565 911 1591 970 si
1608 909 1682 988 quid
1698 917 1801 972 contra

807 1007 938 1064 tenorem
957 1003 1176 1082 privilegiorum
1196 1003 1335 1064 sedeciae
1353 1003 1549 1067 Luxoviensis
1566 1023 1619 1084 per
1638 1010 1801 1070 concedo

808 1099 1418 1162 nemvelinleodationerolactumlucrlt.
1741 1114 1798 1166 391

393 1193 499 1270 illan.
592 1197 683 1275 Apud
768 1223 808 1238 —
827 1191 875 1254 Ad
894 1195 1139 1271 supplicationem
1153 1193 1286 1256 Gnclteri
1303 1193 1418 1256 abbatis
1435 1195 1703 1259 13333311133113
1716 1199 1801 1260 1133-

535 1278 743 1342 Woi'mtlltm·
808 1293 912 1365 nonie,
922 1293 1006 1370 jura,
1022 1291 1181 1364 libertates,
1201 1309 1301 1352 seruos
1316 1297 1347 1356 et
1363 1293 1484 1354 ancillas
1496 1297 1654 1372 omniaque
1664 1295 1743 1357 bonu
1756 1298 1800 1356 ci·

808 1388 876 1450 dem
889 1389 1029 1451 1133133133
1042 1389 1178 1450 concedit
1192 1395 1222 1450 et
1234 1389 1401 1452 conllrmet.
1741 1402 1800 1456 394

391 1484 498 1560 13133.
596 1479 687 1558 Apud
767 1515 808 1530 -
827 1484 935 1546 Rotam
955 1485 1046 1547 habet
1064 1485 1264 1546 venditionem
1282 1485 1391 1548 iactam
1410 1489 1512 1550 comiti
1533 1488 1664 1551 Gclrmei
1682 1506 1735 1568 per
1747 1491 1802 1551 ab·

538 1559 743 1622 W⁰ffl¹⁸t¹m
807 1580 907 1644 batem
920 1589 951 1644 et
964 1583 1127 1660 capitulum
1140 1583 1296 1646 Laurente.
1742 1595 1800 1648 393

390 1678 501 1756 13133.
584 1671 698 1752 spirea.
768 1712 809 1724 -
827 1681 863 1740 lu
878 1683 1063 1742 contentione
1079 1681 1156 1742 inter
1174 1679 1387 1758 Marquerdum
1400 1679 1538 1742 abbatem
1557 1679 1696 1744 literinae
1714 1683 1802 1746 uallls

806 1777 1032 1859 (Eussernthal)
1047 1785 1077 1839 ct
1090 1780 1214 1840 rusticos
1234 1778 1272 1838 de
1294 1777 1516 1840 Goderumsteln
1537 1795 1626 1856 super
1645 1779 1801 1857 cujusdam

806 1873 909 1953 sylvae
928 1875 1201 1949 communionibus,
1223 1876 1296 1936 visis
1315 1875 1477 1954 privilegiis
1495 1875 1627 1953 ejusdem
1643 1877 1797 1952 ecclesiae,

806 1973 1016 2034 sententialiter
1039 1969 1142 2032 delinit
1162 1978 1197 2032 ut
1220 1972 1278 2032 ista
1296 1971 1420 2032 liberam
1439 1973 1542 2051 sylves
1561 1976 1799 2035 communionem

806 2066 924 2129 11311331.
1738 2079 1795 2132 191

378 2165 414 2220 13
430 2159 510 2220 3311.
540 2151 741 2217 Constantine.
766 2195 807 2209 -·
825 2163 1004 2226 llouastcrlo
1038 2167 1149 2226 montis
1178 2165 1360 2244 Angelorum
1393 2162 1595 2244 (Eogelberg)
1625 2165 1797 2228 collationes

806 2263 962 2326 coufirmat
980 2281 1055 2343 quas
1071 2264 1161 2326 ildem
1179 2263 1285 2326 iratres
1306 2267 1467 2342 receperint
1484 2265 1522 2326 de
1544 2265 1631 2326 rebus
1649 2267 1687 2326 ad
1701 2267 1796 2343 impe·

805 2363 894 2434 1133,
909 2362 949 2422 31
961 2361 1103 2424 ducatum
1113 2362 1278 2424 sustinect
1287 2361 1327 2422 ad
1340 2377 1396 2424 sua
1405 2363 1625 2440 patrimonialia
1637 2363 1715 2424 bona
1729 2381 1796 2441 per-

804 2457 977 2519 tinentlbus.
1622 2468 1678 2520 391
1693 2465 1724 2520 et
1737 2469 1794 2522 533

389 2557 502 2634 ejunii.
556 2561 723 2642 oettingon,
764 2585 805 2598 -
824 2555 994 2633 Burgravlis
1020 2560 1050 2616 et
1073 2555 1218 2616 universis
1241 2555 1279 2616 dc
1300 2555 1466 2628 Nemnrco,
1490 2556 1602 2618 Bovius
1626 2564 1656 2619 et
1679 2558 1796 2620 Sansun

804 2653 928 2714 mandat
940 2659 976 2714 ut
986 2669 1055 2714 cum
1070 2667 1169 2713 33331
1182 2653 1390 2714 Numuroensis
1403 2651 1525 2726 obierit,
1539 2653 1597 2730 ipsi
1609 2659 1716 2727 cestra,
1729 2671 1797 2717 mn·

804 2755 933 2814 ultiones
955 2759 986 2812 et
1005 2753 1141 2813 civitatee
1163 2752 1320 2812 comitatus
1343 2749 1492 2812 Ferraudo
1517 2753 1618 2811 333111
1640 2751 1797 2814 Fiundriae

803 2849 893 2910 libera
907 2849 1035 2910 1333311
1047 2853 1077 2908 33
1090 2852 1233 2926 perpetuo
1245 2846 1423 2924 possidenda
1435 2849 1595 2924 mulgeant.
1739 2857 1794 2910 391

375 2938 509 3015 1713311.
541 2942 740 3026 Nuremberg.
764 2979 804 2992 -
823 2947 951 3008 ilenrico
967 2948 1069 3008 comiti
1087 2945 1125 3006 de
1140 2943 1310 3022 Ortcnburg
1329 2945 1437 3006 dilecto
1456 2947 1675 3024 consanguineo
1693 2961 1749 3007 suo
1767 2953 1797 3007 ct

803 3048 869 3122 3331
881 3043 1057 3105 bancalibus
1065 3046 1117 3122 Jus
1130 3042 1267 3104 concedit
1278 3041 1411 3103 fodiendi
1419 3057 1536 3116 aurum,
1547 3049 1713 3122 mgentum,
1724 3045 1795 3105 alia·

802 3161 862 3223 quc
874 3144 993 3206 metalla
1005 3145 1182 3206 invenienda
1194 3146 1226 3204 in
1239 3143 1324 3204 bonis
1334 3145 1408 3222 ejus,
1419 3161 1496 3224 quae
1507 3145 1547 3206 ud
1557 3161 1589 3206 ae
1598 3151 1628 3206 et
1637 3145 1795 3222 imperium

802 3241 1576 3321 exantiquolureapprobatopertincrenescuntur.
1737 3251 1794 3304 393

391 3344 428 3398 13
439 3343 496 3400 331.
590 3341 680 3420 Apud
763 3371 803 3386 —
822 3339 993 3400 Eberberdo
1013 3338 1114 3401 abbati
1133 3338 1172 3400 de
1191 3339 1288 3400 Selem
1304 3338 1383 3400 hanc
1402 3340 1620 3400 immunitatem
1640 3339 1796 3401 oonllrmat

539 3419 732 3502 Ubffllflssffl·
800 3439 883 3516 quod
894 3438 932 3498 de
945 3437 1083 3498 domibus
1096 3453 1148 3498 scu
1168 3436 1399 3514 possessionibus
1411 3437 1504 3514 ipsius
1523 3437 1692 3496 monasterii
1711 3437 1795 3496 nulla

802 3542 903 3597 staura
915 3551 972 3596 neo
984 3533 1065 3596 allud
1077 3535 1239 3595 exactionis
1251 3549 1344 3612 genus
1355 3533 1383 3593 ci
1395 3535 1508 3610 imponi
1521 3533 1638 3594 debeat.
1735 3543 1794 3596 433

390 3641 496 3697 sacca
591 3641 681 3722 apua
762 3669 802 3682 -
821 3635 930 3698 111311
940 3641 970 3696 et
984 3623 1144 3695 conventui
1155 3634 1192 3694 da
1206 3633 1285 3694 Petri
1298 3631 1387 3693 dono
1401 3631 1649 3708 (1313313333)
1663 3632 1796 3712 indulget

541 3719 734 3802 Ubbrllflsstll·
801 3739 837 3795 ut
855 3735 881 3794 sl
897 3733 1020 3794 domum
1041 3731 1170 3810 aliquem
1189 3731 1221 3792 iu
1240 3729 1411 3792 eiultatibus
1429 3730 1545 3807 imperil
1565 3729 1676 3790 luerint
1696 3729 1795 3808 adepti

801 3831 915 3893 331133
932 3831 1002 3893 1313
1016 3830 1087 3891 dere
1099 3832 1262 3907 precariam
1275 3834 1444 3890 teneamur.
1736 3839 1791 3892 431

381 3925 498 3982 26101·
525 3925 749 4010 1313133333]
765 3959 804 3974 -
823 3927 947 3990 Civibus
973 3927 1012 3989 de
1037 3927 1173 4005 Treiecto
1200 3926 1322 3987 liberam
1350 3925 1555 3987 auctoritatam
1582 3923 1718 4004 indulget
1745 3928 1794 4005 lp-

803 4041 905 4088 sorum
922 4027 1073 4086 civitatem
1091 4025 1200 4098 muris,
1217 4023 1336 4084 lassatis
1352 4039 1388 4084 ac
1405 4021 1472 4083 allis
1489 4023 1707 4084 munitionibus
1723 4041 1793 4086 mu·

803 4123 917 4184 nlcndl.
1735 4131 1791 4186 431

386 4192 497 4254 ΜΨ
539 4201 732 4284 1111111119ῐῦ
762 4251 803 4266 -
821 4221 953 4282 devocat
965 4235 1053 4282 omne
1065 4217 1147 4296 quod
1159 4217 1320 4296 burgenses
1330 4215 1506 4278 leodienses
1518 4215 1643 4278 dmente
1656 4223 1794 4282 vacantia

385 4286 496 4366 1250
801 4317 879 4378 sedis
892 4311 1585 4395 3331131333313311333313333333113331331.
1732 4327 1790 4380 431

371 4391 501 4497 {siff
524 4413 801 4494 3331131331.-
820 4417 931 4479 Nouam
951 4414 1187 4476 13313331131111
1200 4411 1280 4490 quod
1297 4427 1367 4473 cum
1385 4409 1491 4471 domus
1510 4409 1657 4488 quaedam
1676 4411 1791 4490 lapidee

799 4514 832 4574 lu
851 4513 1004 4591 Esaliugau
1018 4513 1074 4574 sita
1091 4512 1214 4572 attineat
1233 4509 1373 4571 ecclesiae
1389 4509 1421 4568 in
1438 4507 1592 4587 Essilugen
1610 4509 1697 4586 pleno
1710 4511 1789 4588 jure,

801 4611 933 4672 canoulci
952 4610 1071 4688 3313111
1084 4609 1225 4670 ecelesiae
1241 4607 1386 4686 spirensis
1398 4621 1487 4684 13331·
1502 4605 1605 4668 eadem
1624 4605 1713 4669 domo
1730 4613 1790 4670 ml-

798 4709 879 4770 31313
892 4707 1041 4770 molestari
1054 4706 1192 4770 debent.
1731 4715 1790 4770 434
