4658 6132
636 633 694 696 182
1132 629 1346 694 lntbutttct
1371 632 1544 696 sttctlrtbt
1850 640 1922 724 [lirr.
1939 641 2010 704 12³0.

619 781 685 844 -taa
700 767 830 842 exinde
846 767 973 840 clarius
987 765 1113 840 eniteat
1130 776 1166 840 et
1183 769 1303 842 diviua
1322 769 1432 863 gratia
1452 769 1583 862 largius
1602 771 1701 846 nobis
1724 775 1840 848 salutis
1862 786 1895 849 et
1910 777 2013 849 auxilii

633 893 836 986 suffragium
854 890 1043 988 impendat.
1060 892 1129 966 Nos
1143 892 1316 986 siquidem
1330 915 1377 990 ex
1390 893 1556 966 relatione
1572 895 1754 968 illustrium
1768 897 1914 970 vimrum
1932 909 1962 971 et
1976 921 2014 972 ex

632 1017 824 1115 privilegiis
850 1025 1104 1088 antecessorum
1134 1025 1328 1090 nostrornm
1353 1017 1487 1110 liquido
1512 1029 1724 1114 compertum
1751 1019 1912 1094 babemus
1934 1021 2015 1116 quod

631 1145 702 1218 dno
720 1142 861 1216 comites
877 1141 1038 1214 otkarius
1055 1149 1090 1214 et
1104 1139 1265 1212 libertus
1282 1140 1388 1234 regali
1406 1141 1565 1236 prosapia
1587 1143 1697 1214 exorti
1719 1143 1756 1214 in
1776 1165 1865 1240 pago
1880 1145 2016 1217 Bawarie

629 1269 690 1365 qui
711 1265 930 1358 Sundergow
952 1265 1079 1338 dicitur
1101 1264 1281 1359 quoddam
1300 1266 1545 1338 monasterium
1562 1268 1733 1360 Tegernse
1748 1269 1884 1342 nomine
1901 1269 2016 1362 magnis

629 1377 733 1487 atquc
752 1389 900 1486 copiosis
917 1389 1080 1483 expensis
1095 1388 1314 1462 laudabiliter
1332 1387 1564 1462 condiderunt
1581 1388 1714 1463 divitiis
1736 1401 1772 1464 et
1792 1413 1913 1486 magna
1925 1392 2017 1482 gloria

629 1515 866 1604 sublimatum,
881 1533 1086 1607 magnorum
1098 1535 1220 1607 regum
1231 1513 1358 1608 Pipiui,
1371 1513 1499 1604 Karoli,
1514 1513 1686 1603 Ludwici,
1701 1515 1896 1590 Karlomani
1905 1515 2018 1594 ,conni-

626 1641 744 1714 ventia
757 1647 793 1712 et
805 1637 947 1710 arbitrio
961 1637 1187 1733 principalem
1201 1645 1306 1731 atque
1318 1638 1469 1732 regalem
1483 1637 1657 1711 abbatiam
1673 1639 1904 1725 instituerunt,
1916 1640 2018 1732 ibique

627 1763 730 1836 trium
750 1762 929 1835 martirum
947 1781 1090 1856 corpora
1104 1761 1252 1852 Quirini,
1270 1759 1460 1854 Crisogoni,
1477 1761 1618 1834 Castorii
1630 1765 1871 1838 venerabiliter
1884 1763 2018 1836 colloca·

626 1897 764 1961 verunt.
781 1886 937 1980 Cumque
954 1883 1076 1956 eadem
1091 1885 1235 1958 ecclesia
1249 1907 1271 1958 a
1286 1885 1397 1981 prime
1410 1885 1622 1960 fundationis
1635 1895 1788 1984 tempora
1803 1889 1839 1961 iu
1855 1887 2019 1962 monacha·

627 2013 670 2084 lis
693 2009 824 2082 ordinis
842 2007 1025 2104 disciplina
1046 2029 1108 2104 per
1129 2007 1205 2080 dies
1225 2008 1352 2080 multos
1376 2007 1565 2104 plurimum
1587 2011 1805 2106 profecisset,
1826 2013 1870 2085 ab
1887 2007 2020 2084 Amoldo

630 2137 720 2209 duce
735 2133 951 2220 Noricorum,
964 2132 1144 2205 allectante
1158 2153 1200 2206 cc
1216 2133 1444 2230 imperiumst
1456 2132 1675 2206 discordante
1690 2156 1771 2208 cum
1785 2157 1868 2229 rege
1880 2133 2020 2206 Haindco

626 2260 752 2356 primo,
774 2256 969 2330 redditibus
992 2255 1176 2352 dispoliata
1188 2255 1267 2354 [est]
1281 2265 1316 2329 et
1330 2277 1418 2352 pene
1432 2255 1595 2330 universa
1608 2256 1737 2351 quibus
1755 2257 2022 2332 ditataetdotata

539 2463 540 2468 ,
627 2385 739 2456 luerat
757 2403 819 2478 per
842 2378 1050 2452 beneficium
1070 2380 1278 2452 transierunt
1293 2381 1330 2452 in
1345 2401 1431 2454 usus
1453 2381 1619 2452 laicorum
1639 2381 1676 2452 in
1693 2381 1760 2454 bac
1778 2381 1947 2456 discordia
1965 2377 2022 2452 sibi

626 2506 879 2580 famulantium.
904 2504 964 2576 llis
982 2503 1083 2576 malis
1096 2503 1355 2576 imminentibus
1369 2492 1405 2576 e't
1417 2503 1663 2598 temporalibus
1676 2505 1858 2600 stipendiis
1871 2503 2023 2580 deficien-

625 2631 734 2723 tibus,
751 2629 876 2702 dclecit
891 2629 1013 2723 utique
1030 2627 1142 2701 divini
1157 2627 1287 2700 servitii
1303 2629 1416 2700 cultus
1431 2635 1467 2700 et
1481 2628 1645 2724 dispersis
1657 2631 1816 2724 personis
1828 2651 1896 2725 que
1907 2628 1950 2702 ad
1963 2625 2024 2698 mi·

623 2753 794 2828 litandum
809 2755 882 2826 Deo
900 2753 1028 2826 ibidem
1046 2753 1187 2824 collecte
1203 2760 1312 2843 erant,
1330 2752 1409 2824 laici
1426 2753 1612 2824 claustrum
1627 2762 1663 2825 et
1677 2753 1833 2828 officinas
1851 2749 2026 2826 monacho-

624 2903 701 2953 rum
719 2901 799 2951 cum
818 2877 989 2950 uxoribus
1009 2875 1201 2948 inhabitare
1223 2885 1408 2972 repemnt,
1436 2898 1584 2970 quornm
1607 2877 1702 2972 porci
1724 2885 1760 2950 et
1781 2899 1887 2951 canes
1906 2881 2025 2949 sacrate

623 3007 698 3077 loca
725 3001 932 3092 sordebant,
952 3009 987 3072 et
1006 3021 1084 3072 cnm
1099 2999 1207 3071 multe
1224 3000 1354 3073 nelarie
1374 3021 1430 3073 res
1449 3001 1718 3092 invalescerent,
1735 3001 1976 3076 monasterium
1995 3003 2027 3072 et

625 3129 741 3200 omnia
758 3127 834 3219 ejus
851 3124 990 3200 edificia
1009 3145 1086 3196 cum
1103 3125 1200 3196 libris
1221 3134 1256 3197 et
1273 3124 1504 3198 ecclesiastico
1526 3126 1621 3197 cultu
1645 3126 1760 3199 celesti
1778 3126 1935 3200 vindicta
1954 3121 2027 3216 igne

625 3259 897 3325 concremantur.
910 3250 1074 3322 Processu
1088 3249 1251 3343 temporie
1265 3249 1449 3344 imperator
1460 3247 1539 3320 Otto
1554 3247 1744 3332 secundm,
1761 3249 1956 3322 interventu
1968 3261 2027 3314 na·

624 3377 714 3473 potis
731 3375 785 3447 sui
800 3373 935 3446 Ottonis
949 3373 1049 3446 ducis
1064 3373 1276 3445 Bavarcrum
1293 3381 1328 3444 et
1340 3373 1534 3444 Suevorum
1547 3372 1763 3466 aliorumque
1776 3371 1959 3446 illustrium
1974 3365 2027 3436 vi-

623 3521 758 3588 rorum,
781 3497 948 3593 imperiali
965 3497 1182 3570 miseratione
1201 3496 1383 3570 intendens
1397 3497 1557 3591 prolapso
1568 3497 1773 3570 monasterio
1786 3487 2026 3569 succurrcroei

622 3625 808 3718 quemdam
827 3621 1038 3694 Hertwicum
1058 3621 1197 3694 nomine
1216 3619 1358 3715 prefecit
1374 3619 1553 3710 abbatem,
1569 3641 1674 3714 quem
1686 3619 1790 3692 etiam
1803 3641 1886 3692 cum
1897 3620 1969 3690 loco
1983 3609 2026 3684 illi

623 3747 805 3820 commisso
828 3745 865 3816 iu
881 3745 1170 3820 mundiburdium
1199 3765 1262 3816 sue
1286 3743 1495 3817 detensionis
1514 3744 1707 3838 suscipiens
1731 3741 1797 3815 sibi
1820 3753 1857 3816 et
1874 3737 2029 3815 omnibus

621 3871 704 3942 huic
720 3869 926 3942 monasterio
942 3869 1208 3943 succedentibus
1223 3867 1408 3940 abbatibus
1422 3866 1489 3939 sub
1502 3867 1598 3962 regia
1611 3877 1645 3939 et
1659 3867 1879 3963 imperatoria
1893 3863 2029 3936 tuitione

620 3994 806 4066 subsistere
820 4014 883 4065 sua
902 3992 1104 4064 anctoritate
1116 3991 1302 4082 concessit,
1319 3999 1355 4064 et
1370 3999 1410 4061 nt
1423 3989 1497 4086 ipse
1514 3989 1667 4084 prelatus
1684 3989 1793 4062 abbas
1805 3989 1935 4082 auique
1950 4001 2029 4056 sno·

619 4139 770 4191 cessores
787 4118 854 4190 sub
871 4117 966 4211 regia
986 4125 1021 4188 et
1038 4115 1207 4212 imperiali
1228 4115 1430 4188 defensione
1447 4113 1600 4207 regimen
1623 4113 1734 4208 ipsius
1748 4111 1895 4185 ecclesie
1910 4109 1958 4182 de
1978 4125 2030 4178 oe·

617 4252 689 4314 tero
714 4241 913 4338 possideant
932 4240 1156 4312 nihilominus
1179 4237 1341 4328 indulsit;
1367 4246 1490 4310 cuncta
1510 4255 1652 4332 quoqne
1670 4237 1717 4310 ad
1736 4237 1910 4332 prelatum
1932 4249 2025 4304 oeno

618 4367 715 4440 bium
738 4366 941 4461 pertinentia
962 4365 1019 4436 vel
1035 4385 1104 4458 que
1122 4364 1158 4434 in
1179 4365 1294 4434 laturo
1312 4359 1547 4434 munificentia
1565 4381 1688 4456 regum
1704 4368 1740 4432 et
1761 4361 2026 4456 imperatorum,

617 4490 798 4583 largitione
820 4487 1039 4584 pontificum,
1057 4489 1231 4560 oblatione
1252 4485 1424 4573 bdelium,
1443 4484 1590 4580 adipisci
1604 4483 1729 4579 poterit
1747 4491 1818 4555 tum
1838 4483 1877 4553 in
1891 4475 2032 4576 quesitis

617 4635 722 4710 quam
741 4612 925 4705 inquisitis,
949 4611 985 4682 in
1009 4612 1116 4708 pratis
1141 4621 1176 4684 et
1197 4610 1372 4704 inalpinis
1389 4609 1539 4705 pascuis,
1556 4607 1673 4696 silvis,
1693 4607 1794 4702 aquis
1817 4619 2031 4700 aquarumve

616 4735 833 4828 decursibus,
850 4735 1105 4826 venationibus,
1123 4733 1384 4831 piscationibus,
1401 4731 1620 4822 molendinis,
1634 4731 1704 4802 viis
1715 4729 1862 4803 etinvds
1877 4749 1959 4800 cum
1974 4723 2032 4797 de·
