4652 6092
541 519 601 582 496
1090 524 1404 592 contritusest.

544 656 667 730 civitas
684 656 843 752 specialis
856 657 928 756 (l),
948 659 996 732 ita
1013 661 1112 756 quod
1128 663 1213 736 nulli
1237 664 1413 760 ingressus
1434 663 1491 738 vel
1509 684 1669 760 egressus
1688 671 1819 762 pateret
1835 673 1871 737 et
1890 663 1954 758 qui

543 789 747 876 caperentur
774 783 861 877 jugo
892 792 1006 858 esseut
1028 786 1204 862 servitutis
1231 788 1381 878 addicti,
1411 789 1620 886 suffraganei
1640 810 1782 884 quoque
1804 786 1954 862 civitatis

543 904 653 1000 ipsius
665 905 711 978 ad
735 907 1001 982 consecrationis
1017 933 1147 986 munus
1163 912 1418 1009 recipiendum,
1436 914 1536 1011 pueri
1559 914 1606 988 ad
1627 914 1838 988 crismadum
1859 921 1895 986 et
1910 911 1955 984 li·

543 1028 692 1122 ligantes
717 1029 764 1102 ad
795 1030 969 1124 judicium
997 1033 1079 1108 illue
1105 1035 1271 1110 accedere
1301 1035 1610 1139 prohiberentur}
1639 1039 1795 1112 Pretorea
1825 1036 1955 1110 taciem

534 1153 733 1240 'exercitum
755 1157 976 1252 congregari,
995 1169 1163 1256 occupato
1185 1162 1339 1258 quodam
1357 1175 1469 1238 castro
1486 1164 1656 1256 Ecclesie‚
1678 1165 1846 1238 violenter
1865 1160 1953 1234 civi·
2011 1261 2013 1264 Α

540 1287 628 1352 ntes
648 1287 683 1351 et
705 1277 835 1375 oppida
854 1303 916 1376 per
932 1283 1178 1378 patrimonium
1201 1295 1238 1360 et
1259 1287 1424 1362 ducatum
1442 1289 1570 1384 Spoleti
1587 1287 1653 1386 (2),
1673 1288 1793 1362 litteris
1816 1297 1852 1360 et
1875 1307 1954 1358 mu·

540 1402 684 1476 neribus
710 1403 925 1500 dampnabili
953 1407 1119 1482 aviditate
1146 1411 1325 1504 sollicitat,
1354 1413 1509 1486 vassalos
1534 1412 1686 1486 Ecclesia
1708 1411 1897 1487 tenoribus
1919 1417 1956 1482 et

539 1527 718 1602 blanditiis
733 1528 780 1602 ad
795 1551 833 1602 se
849 1530 962 1604 nitens
971 1532 1142 1608 attrahere
1152 1543 1188 1608 et
1200 1557 1222 1610 a
1235 1533 1304 1610 fide
1321 1557 1364 1610 ae
1379 1536 1563 1612 devotione
1578 1535 1678 1612 Sedis
1691 1535 1878 1634 apostolice
1893 1555 1954 1608 sc-

539 1674 675 1748 parare.
696 1654 767 1726 fleo
785 1662 901 1728 autem
917 1655 997 1730 ideo
1011 1657 1112 1732 vobis
1128 1659 1281 1736 breviter
1295 1662 1496 1736 nuntiamus
1509 1683 1554 1736 ue
1568 1661 1665 1758 apud
1680 1683 1745 1736 ros
1757 1661 1834 1754 ejus
1848 1681 1955 1732 men·

541 1777 641 1850 dacia
667 1779 886 1854 obumbrent.
915 1781 1007 1854 Nulli
1035 1783 1141 1878 igitur
1161 1784 1302 1860 omuino
1327 1785 1475 1861 credatis
1492 1786 1554 1880 qui
1572 1785 1709 1878 verbis,
1732 1783 1870 1880 scriptis
1893 1793 1956 1856 unt

541 1903 672 1974 nuntiis
689 1905 876 1999 quiequam
898 1906 997 1980 vobis
1019 1917 1135 1982 contra
1159 1909 1386 2006 prescriptam
1406 1920 1569 2006 suggeret
1585 1911 1777 2000 veritatem,
1795 1908 1881 2002 quin
1903 1904 1954 2002 (o)

542 2035 707 2122 tauquam
728 2029 884 2102 falsitatis
903 2028 1033 2124 figulus
1050 2042 1141 2106 esset
1154 2056 1177 2108 a
1191 2035 1337 2108 veritate
1356 2035 1491 2108 alienus
1508 2035 1567 2132 (b).
1592 2035 1760 2122 Quocirca
1780 2031 1955 2107 universi·

543 2160 647 2224 tatem
675 2161 826 2226 vestram
846 2176 1046 2246 monemus,
1069 2179 1232 2252 rogamus
1248 2168 1284 2232 et
1304 2159 1526 2233 obsecramus
1545 2159 1582 2232 iu
1604 2159 1749 2232 Domino
1780 2165 1955 2252 quatenus

543 2274 695 2350 humano
725 2277 848 2351 timore
867 2280 1057 2376 postposito
1075 2303 1139 2378 pro
1163 2282 1316 2358 Ecclesia
1338 2291 1447 2357 matre
1478 2295 1592 2358 vestra
1615 2283 1712 2356 stetis
1741 2280 1889 2356 fideliter
1919 2289 1955 2354 et

543 2409 738 2474 constanter
756 2411 796 2474 ut
813 2403 848 2474 in
868 2405 1018 2499 presenti
1036 2407 1224 2500 apostolice
1237 2407 1337 2482 Sedis
1354 2408 1501 2502 gratiam
1517 2418 1553 2482 st
1571 2407 1609 2480 iu
1628 2409 1743 2480 luturo
1760 2426 1955 2500 consequa·

541 2525 625 2598 mini
642 2527 953 2601 remunerationem
970 2539 1136 2603 eternam.

588 2651 714 2722 Datum
736 2653 885 2746 Perusii‚
908 2655 953 2726 lll
975 2655 1142 2730 kalendas
1162 2657 1388 2754 septembris,
1411 2655 1632 2754 pontificatus
1651 2655 1758 2732 nosci
1775 2673 1868 2728 anno
1890 2673 1955 2726 se-

542 2771 671 2846 cundo.

584 2977 626 3058 (a)
645 2979 680 3040 ln
694 2983 835 3058 impresso
852 2982 920 3062 qai,
935 2999 1041 3060 parum
1054 2989 1143 3046 recte.

585 3085 626 3168 (b)
647 3087 684 3148 In
696 3089 836 3166 impresso
848 3085 989 3166 oliorum
1005 3091 1094 3154 melc.

576 3435 615 3506 (t)
635 3435 712 3491 llanc
723 3433 890 3494 obsidionem
902 3433 991 3494 nullus
1001 3435 1116 3510 scriptor
1126 3435 1272 3494 memorias
1285 3433 1404 3492 munit.
1413 3433 1511 3492 Narrat
1522 3439 1626 3492 mnurm
1633 3431 1784 3492 biccardus
1796 3431 1832 3490 dc
1845 3429 1874 3490 S.
1888 3431 1957 3490 (lar-

539 3547 632 3603 mauo,
648 3533 682 3590 ad
695 3547 817 3590 mensem
829 3532 943 3606 aprilem
956 3535 1025 3590 ⁴229
1039 3533 1161 3605 circiter,
1175 3533 1249 3591 cives
1260 3533 1462 3591 Beneventanus
1478 3537 1607 3590 exeuntes
1625 3532 1654 3589 in
1672 3531 1730 3590 loca
1745 3529 1834 3588 virius
1852 3527 1956 3588 lenum

538 3635 567 3685 et
579 3629 667 3702 ignem
682 3629 801 3688 intulisse
814 3630 995 3704 comitemque
1014 3631 1132 3689 Raouem
1144 3630 1179 3688 de
1192 3629 1308 3703 balbano
1327 3645 1390 3686 curu
1409 3629 1592 3704 imperialibus
1603 3629 1747 3702 effugasse3
1764 3625 1836 3684 uude
1848 3632 1955 3685 motum

538 3725 682 3783 Heuncurn
697 3725 730 3784 de
745 3727 832 3784 llorra
844 3727 872 3784 iu
882 3728 1059 3785 exterioribus
1071 3729 1253 3787 Beneuentum
1266 3727 1459 3785 devastavisso.

573 3823 606 3897 (Ξ)
626 3845 640 3878 r
653 3824 755 3882 Eodem
769 3831 890 3899 tempore
901 3823 1039 3884 Conradus
1056 3825 1210 3883 Guimnardi
1221 3824 1416 3900 (Luninherdtl
1429 3823 1550 3898 eiusdem
1561 3823 1729 3900 imperatoris
1748 3821 1859 3880 nuntius
1870 3835 1957 3879 manu

539 3940 553 3974 r
567 3920 655 3978 valida
668 3921 764 3978 vallem
777 3921 947 3997 Spoletanam
959 3923 1095 3998 ingressus
1107 3922 1218 3981 intravit
1229 3923 1289 3982 sius
1300 3939 1375 3980 mora
1383 3923 1531 3997 Fulginium
1542 3923 1677 3980 ciritmm
1688 3919 1889 3996 apostatricem.
1898 3923 1956 3977 otc.

539 4037 553 4071 s
568 4019 627 4088 Quo
639 4019 748 4078 tandem
760 4037 809 4094 por
820 4019 935 4080 vasallos
947 4022 1077 4080 ecclesiae
1090 4021 1266 4096 ignominioso
1279 4021 1393 4094 dejecto,
1404 4027 1457 4080 etc.
1466 4041 1480 4076 n
1488 4023 1549 4078 Vito
1558 4023 1665 4096 Grecos.
1677 4019 1733 4091 IX,
1744 4018 1956 4093 spunsarum,

537 4116 652 4191 Script,
668 4125 687 4175 t.
701 4117 747 4190 lll,
760 4135 789 4192 p.
806 4120 869 4176 577.
884 4119 1022 4178 Couradus
1036 4121 1086 4179 ista
1099 4120 1169 4177 iuter
1179 4124 1263 4177 testes
1275 4119 1303 4176 iu
1315 4119 1494 4178 instrumento
1511 4118 1642 4194 llayueldi
1655 4117 1732 4176 ducis
1746 4113 1884 4190 Spoletaui
1899 4129 1958 4171 me·

539 4221 667 4272 moratur.
680 4215 742 4274 Vid.
755 4229 837 4290 supra
848 4231 876 4291 p.
892 4221 955 4275 lte.
