4602 6084
628 631 669 693 ai
1127 635 1340 698 inibnnici
1366 637 1539 698 shcuiibi
1844 636 1924 715 [bra.
1944 635 2026 698 imi.

627 763 702 846 lixo
725 788 795 846 nea
812 763 852 846 in
874 761 1013 845 laxatis
1030 767 1217 876 passagiis
1235 768 1455 876 pecuniam,
1472 793 1589 876 quam
1607 766 1808 872 debuerat,
1825 768 1875 848 ad
1892 778 2029 850 terram

629 905 800 978 sanctam
827 895 1048 1002 destinarit,
1077 924 1148 982 neo
1173 900 1283 982 duxit
1305 899 1410 982 mille
1432 899 1571 982 milites
1589 925 1656 1008 per
1673 897 1870 982 biennium
1892 899 2028 984 ibidem

627 1030 830 1134 tenendos,
856 1027 953 1111 sieut
975 1031 1078 1138 apud
1102 1028 1284 1114 Sanctum
1309 1031 1541 1114 Germanum
1572 1029 1694 1112 luerat
1719 1029 1923 1140 pollicitus.

708 1179 842 1260 (Edldcr.
856 1183 1015 1244 hamran.
1027 1179 1137 1242 donat.
1148 1179 1255 1256 welca..
1269 1192 1343 1247 tom.
1358 1187 1373 1246 l
1386 1185 1504 1247 odarm
1522 1193 1610 1258 mi,
1625 1189 1640 1256 i
1653 1183 1739 1244 xiix
1749 1189 1852 1264 etseq.
1865 1185 2027 1264 exhegcot.

746 1287 868 1366 Gregor.
892 1305 963 1351 ann.
992 1289 1022 1362 i,
1045 1297 1078 1350 u·
1104 1297 1170 1348 iit.
1189 1321 1230 1334 -
1252 1291 1356 1352 llarr.
1384 1291 1492 1364 Parra,
1517 1291 1556 1350 ad
1577 1305 1649 1350 ann.
1681 1299 1775 1360 1²²⁸,
1798 1307 1829 1368 p.
1855 1300 1932 1366 ²88,
1958 1301 2027 1365 ros,

745 1393 824 1470 apud
850 1409 940 1470 quem
962 1396 1112 1474 encyclica
1133 1395 1297 1474 Stephano,
1326 1397 1541 1474 archiepiscopo
1564 1396 1784 1470 Crntmnmd,
1810 1401 1940 1458 mittitur
1964 1413 2029 1458 cam

743 1497 866 1576 longiori
889 1501 1046 1576 proemio,
1070 1503 1151 1578 quod
1164 1503 1316 1576 addimus,
1335 1502 1443 1564 edicta
1459 1502 1633 1564 collectim
1649 1503 1820 1564 Parlciculs
1836 1503 1977 1564 Bibliotb.
1996 1503 2028 1562 ln

744 1603 814 1666 Cod.
827 1607 951 1668 Thurin.
965 1607 1003 1678 D,
1017 1615 1066 1676 iii.
1083 1607 1133 1670 toi.
1150 1617 1200 1682 st,
1211 1609 1284 1670 hacc
1296 1607 1400 1670 cadem
1412 1607 1629 1686 archiepiscopo
1638 1609 1805 1670 mamurii
1818 1609 1930 1670 directa
1944 1610 2028 1670 datur

743 1710 916 1788 Anagniae,
931 1713 975 1774 lIl
989 1713 1116 1788 octobr.)

674 1839 859 1934 Gregorius
885 1842 1070 1938 episeopus
1095 1853 1179 1934 ete,
1204 1844 1408 1934 Marsicam,
1428 1845 1608 1934 Valveusi,
1637 1845 1817 1932 Theatioo,
1842 1842 2027 1926 Pennenai,

626 1964 813 2060 Aprutino,
832 1965 1023 2059 ceterisque
1038 1987 1100 2062 per
1119 1967 1182 2039 bas
1201 1969 1357 2062 regiones
1375 1969 1567 2042 constitutis
1581 1967 1771 2063 episeopis,
1787 1977 1855 2040 etc.
1874 1967 1912 2038 ln
1927 1966 2029 2038 meris

625 2087 854 2182 amplitudine
875 2087 1025 2182 spatiosa
1040 2087 1201 2162 navicula
1219 2091 1307 2164 Petri
1325 2090 1456 2186 posita,
1479 2091 1535 2162 vel
1560 2091 1675 2186 potius
1699 2089 1858 2184 exposito
1886 2086 2029 2160 turbini·

626 2212 693 2283 bus
711 2219 969 2306 tempestatum,
990 2211 1041 2282 sie
1049 2213 1180 2304 jugiter
1195 2213 1354 2309 procellis
1365 2213 1574 2286 etlluctibus
1586 2213 1751 2306 agitatur,
1769 2213 1897 2304 utejus
1910 2211 2030 2306 gaber

628 2343 764 2408 naiores
788 2343 823 2406 et
845 2334 993 2428 remiges
1019 2335 1083 2407 rix
1107 2335 1283 2430 contingat
1310 2337 1498 2430 aliquando
1531 2335 1620 2406 inter
1651 2337 1829 2430 angustias
1864 2333 2030 2406 inundan-

627 2459 714 2530 tium
739 2457 902 2530 imbrium
925 2457 1105 2552 respirare.
1135 2459 1222 2530 Nam
1246 2459 1276 2530 si
1300 2459 1443 2554 quaudo
1470 2479 1634 2554 prospero
1663 2469 1767 2530 rento
1791 2458 1896 2530 llante
1920 2454 2028 2552 plenis

625 2583 713 2654 velis
739 2582 785 2654 ad
808 2591 946 2676 portum
969 2581 1141 2668 tenditur,
1166 2581 1281 2654 subito
1307 2591 1433 2656 ventus
1456 2581 1592 2654 irruens
1616 2602 1662 2654 ex
1684 2581 1834 2654 adverso
1861 2579 2029 2675 impulsus

626 2707 671 2778 ab
685 2707 761 2793 illo,
783 2707 884 2796 cujus
898 2705 1025 2777 balitus
1042 2726 1173 2800 prunas
1187 2703 1308 2777 ardere
1320 2705 1418 2794 lacit,
1439 2705 1485 2778 ad
1504 2705 1608 2777 maris
1623 2704 1842 2776 altitudinem
1860 2712 1894 2776 et
1912 2702 2029 2774 turbu·

625 2831 715 2902 lente
737 2828 981 2922 profunditatis
1007 2848 1175 2900 oceanum
1195 2827 1314 2901 navim
1336 2827 1425 2922 rapit
1448 2849 1518 2921 que
1536 2827 1647 2900 cineta
1664 2827 1829 2900 iluctibus
1851 2825 2025 2919 mergitur,

625 2973 695 3024 non
721 2950 967 3044 submergitur,
996 2949 1079 3044 quia
1101 2949 1138 3020 in
1160 2971 1201 3022 ea
1235 2949 1391 3022 residens
1415 2949 1580 3022 Dominus
1612 2949 1862 3044 discipulorum
1892 2947 2028 3020 tandem

625 3073 833 3146 clamoribus
851 3073 1042 3162 excitatus,
1063 3071 1149 3144 dum
1167 3073 1263 3164 lugat
1280 3071 1422 3166 spiritus
1439 3071 1668 3162 insufflantes,
1686 3081 1721 3143 et
1743 3071 1830 3144 mari
1851 3071 2030 3162 ventisque

627 3197 784 3290 imperat,
795 3192 833 3265 iit
845 3194 1078 3286 tranquillum.
1094 3195 1248 3278 Quatuor
1257 3193 1400 3287 quidem
1409 3195 1557 3288 procelle
1566 3194 1730 3288 precipue
1743 3193 1906 3286 quatiunt
1914 3191 2029 3264 navim

626 3319 745 3408 istam3
766 3339 846 3389 nam
865 3316 1011 3412 perfidia
1032 3337 1246 3410 paganorum
1269 3326 1392 3389 terram
1407 3317 1570 3411 inclytam
1589 3316 1713 3388 Christi
1730 3315 1902 3408 sanguine
1916 3333 2031 3386 conse·

625 3451 753 3515 oratam
778 3439 884 3534 impie
899 3438 1054 3512 detinere
1071 3439 1265 3530 eontendit;
1287 3439 1400 3512 rabies
1415 3448 1640 3534 tyrannorum
1653 3437 1854 3532 temporalia
1871 3437 2025 3532 rapiens,

624 3563 831 3637 exterminat
844 3559 1014 3654 justitiam
1038 3561 1264 3632 etoonculeat
1282 3559 1546 3633 ecclesiasticam
1571 3563 1780 3645 libertatem3
1802 3559 2029 3632 hereticorum

625 3687 759 3760 insania
772 3685 894 3758 Christi
908 3683 1060 3754 tunicam
1075 3681 1232 3756 scindere
1244 3683 1363 3754 nititur
1379 3693 1413 3755 et
1430 3684 1629 3756 subvertere
1645 3682 1728 3756 lidei
1744 3681 2026 3768 fundamentum

625 3811 787 3884 irrisorum
811 3809 952 3880 iratrum
973 3813 1008 3879 et
1029 3803 1175 3877 tiliorum
1197 3803 1313 3877 dolosa
1334 3807 1538 3901 perversitas
1557 3807 1709 3879 concutit
1731 3807 1865 3878 viscera
1889 3815 1926 3878 et
1945 3807 2031 3876 latus

625 3933 789 4006 dilacerat
810 3929 929 4002 matris
945 3951 1021 4000 sue.
1047 3927 1173 4021 Sioque
1195 3929 1277 4000 loris
1295 3951 1430 4024 pugne,
1450 3929 1543 4002 intus
1565 3930 1704 4002 timores
1723 3956 1731 4000 :
1752 3937 1851 4000 extra
1875 3925 2033 4000 interficit

625 4055 762 4148 gladius
781 4065 817 4127 et
837 4053 931 4126 domi
957 4072 1049 4124 mors
1069 4051 1190 4123 similis
1212 4051 1415 4139 intentatur;
1444 4051 1551 4146 litque
1575 4054 1770 4146 frequenter
1791 4053 1889 4144 quod
1910 4047 2030 4123 Christi

628 4177 778 4248 Ecclesia
796 4185 845 4246 tot
860 4173 1029 4267 angustiis
1048 4174 1264 4267 perturbata,
1289 4172 1372 4245 dum
1397 4175 1488 4246 alere
1507 4173 1617 4246 eradit
1640 4173 1746 4262 lilios,
1768 4173 1878 4244 nutrit
1901 4173 1938 4243 in
1957 4171 2031 4242 sinu

630 4299 762 4390 ignem,
786 4305 961 4390 serpentes
981 4304 1016 4366 et
1031 4294 1169 4386 regulos
1189 4295 1250 4386 qui
1269 4295 1371 4383 ilatu,
1397 4317 1530 4388 morsu,
1560 4297 1723 4368 incendio
1747 4305 1874 4368 cuneta
1900 4303 2032 4367 vastare

631 4419 799 4489 nituntur.
817 4416 905 4487 lline
918 4415 1076 4508 estquod
1090 4416 1134 4488 ad
1145 4425 1294 4488 monstm
1307 4417 1505 4510 hujusmodi
1519 4417 1719 4514 perimenda
1730 4427 1765 4490 et
1777 4416 2033 4512 expugnandas

630 4539 722 4611 acies
753 4537 926 4626 inimicas,
954 4537 1001 4608 ad
1027 4545 1267 4630 tempestatum
1296 4537 1552 4631 inquietudines
1582 4540 1810 4634 mitigandas,
1846 4539 2032 4635 apostolica

553 4681 558 4692 ·
632 4661 732 4734 sedes
746 4659 803 4730 bis
820 4657 1033 4751 temporibus
1047 4679 1126 4728 eum
1147 4659 1254 4730 mulia
1271 4658 1447 4753 diligentia
1464 4663 1650 4756 quemdam
1670 4662 1816 4735 nutrivit
1832 4663 2029 4750 alumnum,
