4702 6110
1075 542 1244 604 usuntct
1270 517 1437 604 surmus

339 1127 523 1238 933pr
600 1099 784 1182 Henrieus
798 1101 1058 1184 Romanorum
1071 1126 1138 1183 rex
1152 1110 1288 1184 notum
1301 1100 1393 1184 lacit
1407 1099 1513 1212 quod
1524 1099 1753 1184 Bertholdus
1769 1103 1961 1186 marscal-

500 1213 504 1223 “
548 1258 617 1314 cus
634 1235 682 1316 de
707 1233 853 1316 Rasche
873 1259 1003 1318 eoram
1026 1259 1067 1316 se
1089 1234 1192 1343 apud
1218 1233 1410 1344 Hagenaw
1437 1233 1666 1316 renuntiavit
1691 1236 1796 1316 omni
1820 1235 1898 1345 juri
1921 1239 1962 1318 in
2034 1281 2036 1283 ·

548 1367 768 1450 molendino
781 1367 1014 1450 Freckenfelt
1025 1375 1063 1450 et
1075 1367 1116 1448 in
1129 1365 1376 1450 boniseidem
1389 1365 1609 1450 molendino
1619 1367 1879 1452 attinentibus.

629 1585 798 1658 (lnedltum
825 1587 858 1645 ln
883 1584 965 1646 arch.
992 1585 1218 1664 smugnrsnst,
1240 1601 1279 1646 ex
1305 1583 1383 1646 dom.
1410 1583 1580 1646 warrens.
1607 1587 1734 1664 prlnclp.
1757 1585 1960 1664 documentis,

669 1691 722 1752 lol.
740 1701 793 1753 tat
810 1695 916 1768 recto.)

598 1879 767 1952 Henrieus
788 1879 850 1950 Dei
874 1877 984 1972 gmtie
1007 1879 1238 1952 Romanorum
1258 1899 1321 1950 rex
1340 1898 1476 1974 semper
1492 1887 1677 1972 augustus,
1700 1877 1873 1952 universis
1894 1877 1960 1950 im·

550 2004 635 2100 perii
653 2001 817 2076 fidelibus
836 2002 966 2096 quibus
988 2023 1131 2098 presens
1149 2001 1313 2096 scriptum
1329 2001 1431 2075 luerit
1449 2010 1624 2076 ostensum
1642 2003 1787 2098 gratiam
1806 2025 1906 2076 suurn
1926 2013 1961 2074 et

547 2149 652 2202 omne
674 2128 818 2200 bonum.
839 2125 1082 2220 significamus
1099 2126 1315 2199 universitati
1331 2135 1445 2200 vestre
1466 2135 1501 2198 et
1518 2135 1635 2200 tenore
1649 2127 1863 2223 presencium
1880 2147 1960 2222 pro·

549 2259 714 2324 testamur
737 2249 833 2346 quod
857 2250 1038 2323 Bertoldus
1054 2249 1286 2322 marschalcus
1308 2250 1353 2325 de
1370 2249 1503 2324 Rasohe
1518 2271 1632 2324 coram
1650 2251 1750 2324 nobis
1771 2250 1867 2348 apud
1891 2253 1960 2324 llu-

546 2395 675 2470 genaw
701 2372 921 2446 renunciauit
944 2373 1038 2446 omni
1057 2373 1129 2464 juri
1150 2394 1213 2468 pro
1234 2395 1273 2446 se
1292 2384 1328 2446 et
1348 2373 1536 2448 heredibus
1558 2375 1632 2448 suis
1659 2375 1755 2470 quod
1776 2375 1899 2448 habuit
1921 2375 1958 2448 in

548 2499 734 2572 molentino
752 2499 963 2572 Freckeutelt
979 2509 1014 2572 et
1029 2499 1130 2571 bonis
1147 2497 1260 2572 eidem
1282 2499 1467 2572 molentino
1484 2499 1721 2574 attinentibus.

596 2625 712 2696 Testes
731 2622 787 2695 isti
809 2631 891 2696 sunt
914 2623 976 2718 qui
1000 2623 1060 2696 tali
1081 2623 1309 2696 intertuemnt
1334 2623 1592 2696 rennnciacioni
1620 2623 1824 2698 venerabilis
1850 2624 1958 2698 abbas

547 2725 660 2818 santa
678 2745 783 2836 ualui,
805 2745 914 2820 auus
935 2747 981 2820 aa
999 2745 1243 2840 wissenburg,
1263 2746 1302 2820 o.
1326 2745 1372 2821 ae
1389 2747 1598 2840 nouatoca,
1617 2749 1738 2821 ratres
1753 2749 1798 2822 aa
1812 2747 1957 2822 uanae-

547 2869 624 2942 lacb
644 2868 887 2941 lliltebrandus
915 2879 950 2942 et
973 2868 1211 2960 Eberhardus,
1234 2871 1272 2942 C.
1297 2871 1463 2967 pincerne
1487 2870 1533 2945 de
1555 2871 1716 2966 Clingen,
1742 2875 1958 2946 Hermannus

547 2993 741 3088 prepositus
767 2992 812 3066 de
841 2995 961 3066 Danna
985 3003 1019 3066 at
1043 2995 1273 3082 ueteranus,
1302 2995 1495 3070 Fridericus
1521 2995 1566 3069 de
1586 2995 1817 3093 Cmtiszberg,
1845 2998 1955 3070 etalii

545 3117 779 3212 quamplures.

593 3243 718 3313 Datum
735 3240 831 3338 apud
846 3243 1038 3336 Hegenaw‚
1056 3244 1177 3318 Vidus
1191 3243 1374 3318 decenbris
1389 3243 1455 3341 (t),
1477 3242 1665 3318 indictione
1675 3255 1811 3339 quarta.

342 3775 513 3877 „flgssggssp
596 3764 780 3849 Henrieus
809 3765 1068 3850 Romanorum
1088 3789 1156 3847 rex
1185 3761 1371 3844 universis
1397 3761 1542 3845 civibus
1567 3753 1618 3843 de
1644 3757 1802 3866 leodio,
1833 3757 1952 3866 Heio,

541 3899 750 4005 Dionant),
770 3897 908 3982 Sancto
931 3898 1126 4004 Tradere,
1146 3895 1337 4007 Trajecto‚
1362 3894 1526 4006 Tungris
1547 3905 1585 3977 et
1606 3893 1732 3976 Fossis
1758 3891 1888 3976 scribit
1914 3917 1956 3976 se

544 4057 692 4140 semper
713 4057 846 4115 eorum
867 4031 1081 4136 libertates,
1096 4029 1204 4141 jura,
1231 4055 1343 4138 paces
1366 4039 1404 4112 et
1426 4028 1733 4112 communionem
1755 4025 1954 4110 observare

541 4165 656 4272 velle,
686 4191 756 4249 nec
782 4191 954 4276 unquam
974 4189 1062 4246 cum
1080 4164 1256 4274 episcopo
1272 4162 1469 4246 Leodiensi
1484 4161 1650 4272 aliquem
1665 4170 1869 4244 tractatum
1884 4159 1953 4241 ha-

540 4299 730 4406 biturum,
747 4299 820 4380 nisi
834 4297 898 4380 ille
911 4298 1103 4381 libertates
1116 4296 1345 4406 praemissas
1363 4296 1608 4379 inconcussas
1624 4301 1882 4404 recognoscat.

580 4564 614 4638 (t)
632 4561 817 4621 verisimiliter
828 4559 991 4633 noemmin,
1001 4577 1083 4637 quum
1095 4562 1189 4636 quinto
1202 4561 1263 4620 iun
1274 4559 1426 4620 decembris
1438 4561 1518 4635 hujus
1532 4559 1736 4634 annillenricus
1747 4575 1794 4616 rex
1810 4555 1880 4633 apud
1892 4555 1951 4631 Spi-

543 4677 601 4720 ram
614 4667 733 4718 meraurs
744 4661 789 4718 sit.
