4702 6110
543 649 605 712 aaa
1075 649 1246 714 uruntur
1270 651 1438 714 scrutur
1772 654 1851 740 [aar.
1870 657 1956 722 rear.

546 785 701 860 decimas
716 787 986 861 novellationum
1001 786 1038 858 in
1054 787 1138 860 villa
1154 787 1405 882 Chuutelingen
1417 809 1509 884 sque
1525 789 1716 886 percipiant
1733 793 1959 868 nonobstante

547 919 740 998 conventu,
756 911 847 984 sicut
866 911 912 985 de
927 911 1078 1006 antiquis
1098 911 1228 1007 prediis
1243 914 1420 1010 percipere
1440 922 1708 988 consueverunt.
1729 917 1813 988 ltern
1830 939 1895 990 nec
1912 939 1959 992 ex

546 1043 645 1130 parte
657 1033 792 1108 cenobii
805 1043 866 1108 ant
879 1035 1033 1131 ipsorum
1052 1035 1087 1108 in
1102 1036 1200 1110 silvis
1215 1060 1286 1132 que
1302 1035 1460 1112 Alcment
1481 1037 1646 1112 dicuntur
1665 1047 1719 1112 est
1732 1041 1882 1136 amplius
1895 1063 1959 1116 no·

545 1157 764 1250 vellendum,
781 1158 845 1232 sed
862 1180 964 1254 agros
979 1159 1026 1233 ad
1051 1161 1183 1233 cultum
1205 1159 1373 1236 deductos
1390 1181 1503 1256 usque
1522 1159 1570 1234 ad
1591 1183 1723 1236 aunum
1738 1163 1785 1236 ab
1801 1163 1959 1238 incarna-

543 1283 638 1356 tionc
650 1282 789 1356 Domini
809 1282 1030 1357 lll⁰CC⁰XX⁰V
1042 1305 1114 1378 quo
1127 1284 1192 1358 bec
1207 1293 1284 1358 acta
1297 1293 1395 1376 sunt,
1413 1292 1608 1358 statuerunt
1625 1307 1673 1360 ex
1694 1295 1841 1382 utraque
1859 1297 1957 1384 parte
2057 1361 2059 1364 Α

544 1405 590 1480 da
609 1415 722 1480 cetero
739 1407 950 1482 retinendos.
973 1408 1078 1482 Porro
1097 1408 1254 1484 homines
1275 1409 1420 1484 ecclesie
1443 1409 1481 1482 in
1503 1408 1754 1504 Chnutelingen
1778 1411 1956 1486 censuales

544 1529 635 1604 duos
660 1553 821 1606 nummos
845 1541 906 1606 aut
927 1551 1043 1604 ceram
1066 1531 1223 1625 ejusdem
1245 1533 1347 1630 pretii
1368 1553 1475 1630 super
1497 1534 1604 1607 altare
1627 1532 1786 1627 ejusdem
1811 1536 1957 1610 matesis

543 1654 686 1728 offerent
700 1656 892 1730 annuatim.
912 1655 1027 1728 Fontis
1041 1654 1210 1729 decursus
1222 1657 1287 1730 erit
1299 1666 1486 1753 perpetuus
1499 1657 1590 1730 sicut
1604 1657 1724 1731 arbitri
1736 1657 1952 1732 ordinarunt.

544 1778 739 1852 Conversus
757 1779 818 1874 qui
839 1778 983 1874 grangis
1005 1787 1118 1874 preest
1135 1777 1290 1852 bannum
1308 1801 1514 1875 pascuarum
1536 1788 1572 1852 st
1589 1779 1757 1854 silvarum
1773 1802 1853 1854 cnm
1878 1801 1955 1854 rus·

544 1901 620 1975 ticis
638 1903 795 1995 ejusdem
816 1903 898 1976 ville
922 1903 1150 1976 communiter
1164 1903 1387 1976 observabit:
1405 1902 1503 1998 qnod
1523 1902 1686 1976 videlicet
1705 1904 1861 1976 bannum
1875 1925 1954 1976 cum

544 2028 620 2120 ejus
638 2049 808 2100 consensu
826 2035 993 2120 statuent,
1012 2026 1075 2101 scd
1093 2037 1129 2100 et
1146 2027 1214 2124 ipsi
1235 2048 1402 2100 conuerso
1420 2036 1574 2122 pastores
1593 2026 1711 2099 licebit
1730 2027 1859 2100 babere
1877 2049 1955 2123 spe·

542 2151 664 2242 ciales;
690 2173 813 2225 verum
835 2151 950 2248 ipsum
973 2151 1157 2224 cenobium
1182 2151 1278 2246 ligna
1297 2150 1429 2224 secabit
1447 2150 1510 2223 ubi
1527 2150 1594 2224 sibi
1617 2151 1744 2224 viderit
1765 2149 1951 2246 expedire,

543 2296 608 2349 nec
625 2276 746 2348 fratros
769 2274 815 2349 de
837 2275 1042 2349 Berdeheim
1064 2273 1111 2348 ad
1134 2273 1357 2348 evehendum
1382 2275 1477 2370 ligna
1501 2284 1602 2348 extra
1623 2275 1788 2347 terminos
1808 2275 1870 2370 qui
1895 2274 1954 2348 di·

541 2408 668 2472 cuntur
682 2398 823 2472 biarche
842 2399 917 2472 sine
934 2407 1125 2472 conventus
1139 2399 1318 2472 voluntate
1335 2397 1396 2470 ulli
1413 2406 1572 2494 poterunt
1587 2397 1781 2492 indulgere.

589 2523 707 2596 Testes
721 2522 827 2618 hujus
840 2523 892 2598 rei
912 2531 993 2596 sunt
1006 2521 1203 2596 Goteiridus
1216 2521 1325 2596 abbas
1339 2521 1385 2596 de
1405 2521 1587 2596 Schoental
1604 2529 1640 2594 et
1654 2530 1747 2594 totus
1762 2527 1954 2594 conventus

542 2645 588 2722 ds
605 2647 877 2741 llulenbnrnne,
900 2647 979 2720 laici
999 2647 1244 2720 Wollrammns
1259 2645 1306 2720 de
1324 2645 1531 2740 Offenburg,
1553 2644 1735 2718 Dietherus
1755 2645 1800 2719 de
1815 2645 1955 2718 Raven-

540 2781 700 2868 spergat
724 2773 942 2866 fraterque,
968 2771 1147 2846 Heinricus
1172 2771 1217 2845 de
1236 2773 1391 2860 Nevern,
1416 2769 1580 2844 Gerlacus
1602 2767 1647 2843 de
1668 2769 1812 2864 lllingan
1835 2777 1871 2842 et
1894 2767 1954 2842 alii

541 2897 776 2991 quamplures.

589 3019 633 3092 Ut
649 3027 765 3092 autem
780 3018 845 3091 hec
861 3019 898 3090 in
915 3027 1119 3114 perpetuum
1135 3027 1207 3092 rata
1222 3026 1456 3114 permaneant,
1477 3025 1671 3113 presentem
1685 3015 1849 3112 paginam
1870 3014 1952 3089 inde

543 3141 772 3238 conscriptam
790 3141 894 3236 sigilli
912 3141 1018 3214 nostri
1036 3143 1247 3238 appensione
1265 3142 1465 3214 curavimus
1482 3139 1653 3234 insigniri.

589 3268 717 3340 Datum
732 3265 933 3358 Wormatie,
951 3286 1042 3338 anno
1056 3265 1193 3338 Domini
1209 3265 1433 3340 M⁰CC⁰XXX⁰
1448 3261 1514 3361 (t),
1530 3262 1719 3337 indictione
1732 3263 1817 3354 llll,
1832 3263 1954 3359 quinto

544 3389 679 3466 decimo
694 3390 860 3465 kalendas
879 3389 1055 3463 februarii.

600 4001 785 4086 Henricus
807 3999 1067 4084 Romanorum
1090 4023 1157 4081 rex
1180 3995 1353 4079 scabinos
1371 4006 1408 4079 et
1426 3995 1525 4078 ciues
1552 3991 1792 4076 Colonienses
1811 3987 1851 4070 in
1868 3985 1955 4097 jure

412 4141 440 4174 ⁸³
544 4137 717 4248 ipsorum
741 4143 780 4218 ct
800 4133 972 4218 libertate
994 4131 1193 4216 confovere
1214 4132 1370 4241 cupiens
1397 4156 1465 4240 per
1492 4127 1716 4212 sententiam
1740 4122 1955 4234 principum

546 4271 714 4356 declarat
735 4269 841 4380 quod
862 4267 912 4353 ob
925 4267 1054 4350 debita
1071 4265 1129 4350 uel
1143 4263 1413 4375 promissiones
1436 4257 1706 4371 archiepiscopi
1721 4251 1955 4341 Coloniensis

544 4451 1948 4490 ...---------—--———--—---·

582 4586 616 4662 (t)
635 4585 667 4644 ln
678 4584 731 4643 isto
743 4583 905 4642 documento
918 4581 969 4656 legi
981 4586 1116 4656 oporteret
1127 4595 1200 4637 cano
1215 4577 1357 4636 Dominicc
1368 4572 1579 4644 incantationis,
1590 4569 1660 4628 sicut
1671 4572 1700 4625 et
1712 4565 1741 4623 in
1753 4559 1875 4636 sequenti
1885 4574 1954 4635 pura

544 4701 617 4746 anno
636 4683 758 4742 Donioi.
777 4679 952 4756 Frequentior
969 4684 1060 4737 autam
1079 4677 1130 4735 iste
1151 4675 1314 4734 notariorum
1334 4673 1424 4748 lapsus
1439 4685 1521 4745 quam
1536 4674 1669 4742 utusque
1686 4659 1869 4722 clastidium
1889 4671 1953 4714 mo-

543 4797 664 4844 neamus.
