4702 6110
382 669 542 753 lanima]
822 665 1021 728 lllsuoltle
1046 662 1337 728 ulrbolltlllcll
1735 663 1796 725 lla

382 806 471 882 illud
486 805 608 880 offerat
625 813 660 878 et
681 803 794 877 iacere
818 802 901 876 velit
922 824 985 898 per
1004 803 1215 876 volunlatem
1236 809 1473 896 spontaneam.
1487 801 1581 874 Civis
1598 799 1797 875 Leodiensis

382 926 553 1026 quamdiu
583 945 699 998 coram
719 923 835 997 villico
863 932 899 995 et
921 921 1071 996 scabinis
1095 931 1186 996 stare
1208 921 1246 993 in
1267 921 1401 1012 justitia
1423 923 1538 1014 volet,
1562 923 1608 998 ad
1633 923 1797 1014 majorem

379 1051 549 1146 justitiam
564 1047 654 1122 trabi
672 1065 743 1119 non
758 1053 882 1142 potest.
902 1045 938 1118 Si
954 1044 1035 1140 quis
1056 1044 1187 1117 civium
1213 1053 1351 1140 propter
1370 1066 1470 1118 suam
1495 1045 1634 1142 culpam
1654 1045 1797 1140 abjudi-

382 1183 480 1249 catus
494 1172 610 1263 luerit,
629 1169 675 1244 de
692 1189 836 1265 corpore
851 1169 963 1264 ipsius
981 1167 1098 1242 debita
1115 1168 1249 1262 justitia
1263 1167 1334 1256 fiat,
1352 1177 1422 1243 tota
1437 1190 1521 1242 vero
1534 1169 1706 1265 possessio
1722 1170 1798 1262 ejus

382 1305 419 1371 et
433 1297 591 1392 supellex
607 1294 711 1366 uxori
726 1303 761 1366 et
778 1292 969 1366 infantibus
989 1293 1065 1366 sive
1083 1291 1288 1388 propinquis
1303 1291 1348 1366 de
1364 1293 1444 1386 jure
1462 1291 1574 1394 cedat.
1595 1293 1631 1365 Si
1650 1293 1730 1386 quis
1749 1292 1799 1364 ci-

384 1422 481 1493 vium
508 1431 633 1492 terram
664 1427 763 1490 extra
787 1416 961 1490 civitatem
979 1415 1108 1488 alicubi
1135 1415 1172 1486 in
1199 1416 1399 1512 episcopatu
1423 1425 1534 1508 tenet,
1558 1417 1692 1488 nullum
1717 1416 1799 1491 inde

384 1553 535 1636 scotum,
559 1543 690 1615 nnllam
707 1540 791 1614 inde
805 1541 934 1614 talliam
950 1539 1071 1632 debet,
1089 1561 1203 1636 neque
1224 1548 1336 1635 potest
1357 1540 1434 1634 cogi
1460 1549 1499 1612 ut
1516 1539 1577 1612 fiat
1599 1539 1647 1612 ibi
1662 1539 1800 1612 villicus

383 1667 459 1742 sive
481 1666 681 1741 forestarius
700 1665 776 1738 sive
797 1664 975 1761 synodalis
999 1675 1060 1737 aut
1083 1664 1259 1738 scabinus.
1281 1665 1319 1735 ln
1338 1663 1453 1758 aliqua
1477 1663 1581 1738 domo
1602 1685 1673 1758 qne
1694 1665 1739 1736 sit
1762 1665 1799 1736 in
1834 1707 1838 1716 ·

384 1791 564 1866 Leodiensi
590 1791 706 1863 banno
728 1810 800 1862 non
824 1789 904 1862 licet
930 1789 1047 1862 villico
1064 1810 1178 1883 neque
1203 1787 1354 1860 scabinis
1379 1787 1425 1862 ad
1451 1787 1668 1884 quarendum
1688 1790 1799 1864 furem

385 1915 442 1990 vel
458 1915 588 1988 ludum
610 1914 667 1986 vol
689 1911 889 1986 iaciendum
913 1911 1092 2010 spilinium
1114 1912 1260 2002 intrare,
1277 1913 1307 1984 si
1330 1933 1400 1984 non
1422 1911 1482 1986 fiat
1502 1935 1565 2008 per
1587 1913 1800 1988 voluntatem

384 2040 478 2113 illius
502 2039 565 2136 qni
593 2037 774 2112 incudem
799 2037 902 2112 domo
923 2047 1050 2112 manet.
1080 2039 1119 2110 ln
1141 2037 1259 2134 aliqua
1285 2035 1466 2111 Leodiensi
1495 2037 1657 2129 ecelesia,
1681 2037 1718 2109 in
1743 2048 1798 2112 ta·

384 2165 508 2256 berna,
528 2164 566 2236 in
580 2162 683 2237 domo
698 2163 815 2257 aliqua
829 2162 994 2236 nonlicet
1008 2161 1125 2236 villico
1147 2183 1262 2258 neque
1281 2160 1432 2236 scabinis
1450 2181 1515 2234 nec
1531 2182 1652 2235 eorum
1672 2161 1800 2235 ιιιιιιιε-

385 2289 447 2362 tris
467 2296 508 2360 ut
531 2285 724 2384 precipiunt
744 2286 841 2382 qnod
861 2286 987 2382 aliquis
1005 2286 1125 2360 veniat
1147 2285 1194 2360 ad
1212 2285 1382 2379 justitiam
1402 2287 1459 2360 vel
1480 2296 1618 2382 propter
1641 2287 1799 2361 catallum

386 2431 449 2484 seu
466 2417 606 2507 propter
625 2409 731 2484 aliam
754 2409 904 2506 culpam.
928 2409 965 2481 Si
993 2407 1097 2482 alicui
1124 2409 1232 2482 libero
1257 2409 1389 2482 homini
1405 2409 1452 2483 ad
1475 2409 1669 2484 laclendam
1688 2413 1799 2507 legem

386 2555 486 2608 snam
512 2555 603 2610 unus
620 2543 682 2607 ant
703 2532 775 2607 duo
793 2533 892 2607 liberi
911 2533 1070 2606 homines
1091 2532 1281 2626 defuerint,
1303 2533 1392 2607 bene
1413 2532 1530 2606 licebit
1550 2534 1688 2608 civibus
1707 2537 1801 2609 leo-

387 2657 570 2734 diensibus
591 2681 672 2732 cum
690 2679 733 2732 eo
751 2667 787 2732 et
807 2679 872 2754 pro
893 2679 937 2732 eo
954 2660 1097 2752 juvare,
1119 2658 1148 2731 si
1173 2667 1288 2731 tamen
1311 2656 1357 2730 de
1378 2679 1482 2731 cansa
1500 2657 1623 2731 defuit.
1647 2661 1685 2731 ln
1708 2660 1801 2733 civi·

388 2789 458 2855 tate
470 2780 653 2856 Leodiensi
672 2801 743 2854 non
762 2779 868 2854 debet
883 2779 983 2876 panis
1005 2779 1104 2852 aliter
1127 2778 1234 2852 vendi
1257 2800 1363 2874 quam
1387 2787 1536 2874 quatuor
1553 2802 1616 2876 pro
1636 2779 1796 2870 denarie,

388 2904 456 2978 nisi
481 2903 619 2979 modius
643 2904 746 2978 tritici
772 2913 906 2978 ematur
926 2925 988 3000 pro
1007 2902 1128 2977 decem
1145 2903 1267 2978 solidis
1284 2903 1342 2977 vel
1365 2925 1429 2999 pro
1450 2903 1580 2997 majore
1600 2906 1731 3002 pretio;
1753 2907 1800 2980 si·

388 3029 513 3104 militer
526 3028 693 3104 cerevisia
708 3049 779 3102 non
797 3028 902 3102 debet
924 3027 1023 3101 aliter
1038 3026 1146 3101 vendi
1167 3049 1273 3122 qnam
1292 3049 1355 3123 pro
1374 3026 1517 3102 denario
1530 3039 1680 3124 quatuor
1700 3031 1801 3106 bitte·

388 3153 449 3245 ιιι,
470 3153 537 3226 nisi
559 3152 604 3226 sit
625 3161 697 3226 tam
721 3173 840 3226 carum
861 3159 999 3248 tempus
1017 3151 1114 3246 qnod
1136 3173 1200 3247 pro
1224 3151 1456 3247 quadraginta
1475 3153 1625 3227 denariis
1644 3164 1680 3227 et
1699 3155 1801 3230 obolo

388 3287 522 3352 ematur
539 3276 646 3350 brasii
664 3276 816 3350 modius.
836 3275 960 3348 Nullus
973 3275 1060 3348 civis
1079 3273 1182 3348 debet
1197 3275 1275 3371 capi
1290 3275 1347 3348 vel
1363 3277 1471 3350 teneri
1489 3277 1565 3350 sino
1574 3277 1709 3371 jndicio
1723 3301 1800 3354 sca·

388 3399 561 3473 binorum.
577 3400 614 3472 Si
631 3401 761 3473 lurtum
775 3400 832 3473 vel
847 3399 955 3496 preda
967 3399 1025 3474 vel
1043 3407 1181 3494 raptum
1197 3399 1254 3470 val
1269 3399 1396 3494 aliquis
1414 3409 1537 3495 captus
1550 3421 1613 3495 per
1626 3401 1801 3476 civitatem

389 3521 615 3597 leodiensem
639 3522 790 3614 ducitur,
814 3523 987 3615 ajustitia
1008 3521 1157 3596 civitatis
1173 3543 1285 3618 nsque
1308 3523 1355 3597 ad
1376 3532 1508 3596 rectum
1529 3524 1724 3598 laciendum
1740 3528 1802 3602 de·

390 3646 551 3722 tineatur.
576 3649 700 3722 Nullus
724 3647 917 3723 adoranens
941 3648 999 3722 vel
1021 3647 1138 3720 nullus
1149 3647 1255 3744 pugil
1281 3655 1394 3743 potest
1414 3646 1459 3721 de
1478 3649 1558 3741 jure
1580 3648 1693 3723 civem
1713 3651 1803 3726 Ico-

391 3770 547 3846 diensem
563 3771 611 3846 ad
628 3771 783 3846 duellum
797 3773 984 3870 appellare,
1002 3773 1059 3846 vel
1075 3771 1106 3845 si
1118 3771 1198 3868 quis
1210 3771 1380 3846 adversus
1398 3771 1510 3846 civem
1530 3772 1647 3848 dicere
1663 3773 1801 3869 habeat,

390 3905 484 3970 recto
504 3905 540 3970 et
558 3897 692 3990 jnstitia
711 3919 774 3993 per
802 3896 959 3970 villicum
976 3905 1012 3970 et
1034 3895 1194 3970 scabinos
1218 3894 1293 3970 lieri
1317 3895 1432 3971 debet.
1459 3896 1584 3971 Mulier
1605 3897 1805 3973 Leodiends

390 4018 534 4116 qnando
547 4019 612 4094 ibit
629 4021 677 4094 ad
689 4019 965 4117 purificationem
983 4021 1081 4097 dabit
1095 4043 1203 4095 unam
1219 4021 1398 4095 candelam
1412 4029 1448 4094 et
1467 4021 1570 4094 laniet
1590 4044 1690 4096 suam
1707 4023 1803 4098 obla·

391 4143 533 4219 tionem.
552 4146 591 4218 ln
610 4145 738 4220 leodio
760 4145 806 4219 de
827 4145 1029 4221 venditione
1045 4146 1120 4221 vini
1138 4145 1242 4220 debet
1262 4145 1317 4218 bis
1336 4145 1373 4217 in
1397 4167 1489 4218 anno
1510 4145 1679 4220 institutio
1698 4157 1733 4220 et
1748 4171 1804 4222 as·

391 4269 506 4342 sensio
530 4290 577 4342 ex
603 4269 749 4343 concilio
771 4269 915 4346 ecclesie
933 4281 968 4345 et
985 4271 1117 4344 civium
1137 4269 1224 4342 lieri.
1243 4271 1325 4342 Tres
1346 4270 1481 4343 bannos
1502 4269 1606 4344 habet
1621 4271 1806 4368 episcopus

392 4389 438 4464 de
455 4393 535 4485 jure
552 4393 590 4465 in
613 4414 725 4486 anno,
748 4395 900 4491 primum
917 4395 962 4470 de
988 4393 1072 4467 vino
1096 4393 1127 4466 si
1149 4415 1253 4466 sunm
1275 4393 1453 4490 proprium
1476 4395 1597 4488 luerit,
1619 4395 1656 4468 in
1674 4396 1804 4472 Pascha

392 4517 586 4591 secundnm
599 4517 643 4592 de
657 4517 758 4591 siccis
772 4517 932 4592 carnibus
947 4517 1096 4615 propriis
1112 4525 1191 4592 ante
1202 4515 1516 4613 quadragesimam,
1534 4519 1672 4592 tortium
1688 4529 1804 4594 antem

392 4641 428 4712 in
448 4641 535 4716 sesto
551 4643 667 4716 Sancti
682 4643 847 4716 lobannis
860 4643 1012 4739 Baptista
1023 4643 1068 4718 dc
1080 4651 1196 4738 segete
1210 4663 1286 4716 sua.
1298 4643 1384 4716 Octo
1403 4641 1528 4716 diebus
1542 4652 1622 4717 ants
1636 4645 1755 4719 Natale
1770 4658 1805 4718 et

391 4773 469 4839 octo
488 4775 567 4863 post
580 4766 714 4854 Natale,
732 4775 809 4842 octo
823 4768 927 4842 etiam
942 4777 1024 4842 ante
1041 4767 1278 4844 dimissionem
1293 4767 1449 4843 carnium
1462 4778 1496 4841 et
1512 4778 1590 4843 octo
1610 4778 1706 4866 post,
1727 4780 1805 4845 octo
