4602 6084
572 559 611 620 μ,
1068 551 1279 617 valoaalcl
1304 555 1476 618 sacuam
1792 561 1871 640 [asu.
1889 563 1975 628 lxxa.

569 693 740 768 vocatiam
761 690 797 764 in
820 689 926 763 leudo
940 709 1118 784 quoquam
1136 689 1261 764 babeat
1277 693 1334 766 vel
1353 693 1482 768 habere
1501 695 1573 767 ulla
1592 695 1724 768 ratione
1742 705 1803 768 aut
1815 699 1896 790 juro
1912 721 1975 773 va·

569 820 655 909 leat,
682 837 747 890 nec
775 813 970 889 donationis
996 811 1143 906 alicuius
1166 814 1278 910 predii
1299 817 1432 892 ratione
1453 839 1515 892 seu
1537 817 1800 892 commisceant
1825 823 1977 917 expolite

570 939 780 1018 defensionis
798 937 979 1012 occasione
996 937 1052 1009 vel
1072 939 1171 1032 quasi
1191 961 1212 1012 a
1232 941 1510 1035 progenitoribus
1529 941 1735 1016 hereditaria
1760 946 1984 1040 successione

570 1085 695 1136 nomen
712 1071 747 1135 et
767 1063 827 1154 jus
848 1059 1008 1135 advocati
1029 1059 1064 1132 in
1087 1081 1150 1133 vos
1168 1070 1230 1134 aut
1249 1072 1365 1136 vestra
1382 1064 1449 1136 sibi
1470 1065 1645 1161 quispiam
1664 1065 1825 1140 vendicet
1845 1078 1907 1141 aut
1924 1091 1977 1143 aa·

569 1197 703 1279 sumat,
727 1185 789 1260 sed
814 1184 1062 1280 quodcumque
1078 1185 1239 1280 predium
1258 1187 1384 1260 vestris
1401 1189 1618 1262 monasteriis
1643 1199 1679 1262 et
1697 1190 1799 1264 vobis
1820 1201 1873 1264 est
1896 1193 1976 1268 bac·

571 1323 672 1386 tcnrrs
696 1311 751 1384 vel
777 1308 903 1384 amodo
929 1307 1031 1382 luerit
1059 1308 1096 1379 iu
1124 1309 1371 1384 helemosioam
1394 1311 1513 1384 datum
1543 1321 1605 1384 aut
1632 1312 1710 1386 aliis
1733 1314 1838 1406 justis
1863 1315 1976 1390 modis

569 1436 777 1532 acquisitum
792 1432 961 1530 imperiali
980 1431 1116 1506 tuitioni
1134 1454 1176 1507 οο
1193 1433 1271 1530 ipso
1289 1436 1481 1528 subjacebit
1495 1436 1580 1530 quia
1599 1445 1754 1508 vestrum
1773 1457 1851 1511 οεεο
1870 1439 1971 1534 cepit.

570 1563 699 1634 Verum
718 1557 802 1654 quia
821 1557 942 1630 remoti
961 1577 983 1630 a
1003 1555 1104 1630 nobis
1124 1558 1312 1650 mejestatis
1333 1568 1448 1633 nostre
1472 1560 1679 1654 presentiam
1701 1559 1799 1634 adire
1816 1563 1975 1656 quotiens

570 1683 716 1779 expedit
741 1703 810 1756 non
835 1683 974 1772 valetis,
997 1703 1042 1754 ne
1061 1681 1150 1776 quid
1167 1683 1238 1776 juri
1256 1695 1317 1757 aut
1339 1683 1546 1757 utilitatibus
1567 1684 1692 1756 vestris
1714 1683 1845 1760 exindo
1865 1689 1977 1760 valeat

572 1809 741 1904 deperire,
760 1805 973 1880 defensorem
994 1804 1094 1878 vobis
1111 1827 1192 1878 eum
1208 1807 1380 1880 duntaxat
1394 1829 1500 1902 quem
1515 1829 1579 1880 vos
1592 1805 1659 1902 ipsi
1670 1808 1716 1881 ad
1729 1808 1795 1882 boc
1804 1811 1975 1904 elegeritis

571 1934 780 2030 deputamus
792 1940 826 2002 ot
836 1929 963 2002 babere
978 1929 1213 2022 concedimus,
1228 1931 1286 2002 cui
1297 1932 1333 2002 in
1344 1939 1459 2004 vestra
1470 1931 1668 2004 defensione
1678 1931 1714 2003 in
1727 1933 1971 2026 contractibus,

573 2059 610 2130 in
631 2055 747 2130 causis
763 2053 927 2126 civilibus
947 2059 981 2124 et
999 2051 1034 2122 in
1053 2051 1131 2124 aliis
1150 2051 1306 2124 civilium
1322 2053 1539 2147 negotiorum
1556 2053 1844 2126 transactionibus
1862 2065 1976 2127 nostro

571 2181 661 2256 vicis
684 2175 923 2252 executionem
948 2195 1017 2248 non
1043 2155 1079 2246 in
1101 2175 1206 2248 leudo
1223 2175 1439 2267 habendam,
1462 2198 1532 2250 uon
1548 2187 1716 2272 perpetuo
1732 2178 1971 2270 obtinendam,

571 2325 684 2398 neque
705 2298 893 2374 heredibus
911 2297 1187 2392 relinquendam,
1208 2299 1333 2372 damus
1351 2309 1386 2372 et
1403 2301 1499 2374 salva
1519 2309 1634 2373 vestre
1651 2300 1806 2374 libertate
1823 2302 1976 2374 commit-

569 2429 688 2500 timus.
727 2425 778 2496 lta
808 2431 848 2494 ut
864 2421 1012 2494 liberum
1035 2421 1136 2494 vobis
1157 2443 1233 2494 esse
1263 2422 1389 2496 debeat
1409 2445 1568 2496 recusare
1591 2445 1671 2496 eum
1694 2433 1728 2496 et
1749 2425 1891 2496 alterius
1914 2424 1974 2501 dc-

570 2548 717 2626 lcnsioni
740 2567 804 2620 vos
826 2555 862 2619 et
887 2555 1003 2619 vestra
1030 2546 1258 2636 committere,
1286 2546 1316 2618 si
1339 2545 1406 2618 sub
1432 2547 1572 2620 nomine
1597 2547 1787 2620 defensoris
1810 2569 1848 2620 εο
1877 2549 1975 2621 vobis

569 2671 768 2750 exhibuerit
782 2671 999 2762 offensorum,
1017 2669 1047 2740 si
1066 2670 1293 2744 immunitatis
1304 2681 1419 2744 vestre
1434 2671 1656 2766 privilegium
1669 2673 1738 2744 ullo
1750 2671 1974 2744 vexationum

567 2809 604 2872 ct
636 2795 857 2870 exactionum
885 2813 1012 2887 genere
1039 2793 1225 2888 infringere
1248 2803 1283 2867 et
1305 2815 1477 2868 evacuare
1504 2795 1663 2868 voluerit.
1689 2795 1857 2866 Volumus
1882 2795 1974 2867 enim

570 2929 685 2995 nostre
708 2917 884 3014 potestatis
913 2926 1116 2992 executores
1142 2927 1257 2992 nostre
1281 2919 1420 3014 pietatis
1448 2919 1576 2991 babere
1603 2927 1804 3006 sectatores,
1837 2917 1975 2990 firmiter

569 3053 759 3118 statuentes
775 3051 815 3113 ut
833 3042 895 3136 qui
916 3049 1032 3114 nostra
1046 3042 1203 3134 jussione
1221 3043 1276 3116 vel
1299 3063 1346 3114 ex
1362 3051 1476 3116 vestra
1494 3043 1657 3138 petitione
1675 3063 1736 3116 seu
1756 3061 1975 3136 quacumque

571 3168 750 3244 occasione
766 3188 830 3239 vos
847 3174 883 3239 et
902 3175 1016 3239 vestra
1035 3165 1244 3254 defendunt,
1260 3167 1456 3260 liberaliter,
1473 3168 1606 3240 sincere
1624 3189 1666 3240 ac
1683 3187 1745 3261 pro
1761 3167 1833 3240 sola
1848 3165 1911 3238 Dei
1922 3187 1975 3238 re-

570 3293 756 3366 tributione
784 3289 983 3364 defendant.
1012 3291 1062 3364 lta
1085 3302 1125 3364 ut
1148 3313 1261 3387 neque
1277 3293 1404 3383 banna,
1424 3313 1538 3385 neque
1562 3291 1745 3387 petitiones
1770 3311 1841 3385 que
1862 3299 1976 3364 steuro

570 3425 750 3508 vocantur,
760 3435 874 3509 neque
886 3415 1173 3510 pernoctationes,
1191 3437 1304 3510 neque
1315 3415 1501 3511 operarios,
1518 3435 1583 3488 nco
1596 3415 1667 3486 ulla
1680 3415 1822 3486 omnino
1835 3412 1975 3486 servitia

567 3541 614 3614 ab
632 3539 751 3612 invitis
770 3537 871 3611 vobis
888 3539 946 3611 vel
969 3539 1099 3611 colonia
1121 3540 1245 3611 vestris
1263 3540 1330 3611 sub
1353 3541 1496 3612 obtentu
1515 3537 1726 3612 defensionis
1749 3537 1893 3632 exigant
1915 3543 1976 3609 aut

567 3671 813 3758 extorqueant,
851 3661 1021 3756 colloquia
1060 3663 1097 3733 in
1130 3663 1215 3736 locis
1254 3663 1397 3754 vestris,
1438 3662 1564 3758 placita
1589 3684 1669 3734 cnm
1695 3661 1826 3735 colonis
1850 3661 1975 3734 vestris

569 3791 663 3864 nulla
682 3808 824 3884 prorsus
842 3785 1003 3858 habeant.
1024 3787 1074 3859 De
1092 3785 1217 3859 vestris
1234 3786 1367 3882 placitis
1382 3807 1450 3880 que
1468 3807 1548 3858 curn
1562 3785 1692 3859 colonis
1707 3785 1832 3859 vestris
1847 3784 1975 3857 babere

569 3913 765 4004 volueritis,
787 3911 855 3984 nisi
872 3931 894 3984 a
912 3909 1011 3984 vobis
1033 3909 1144 4004 rogati
1162 3931 1200 3982 se
1215 3910 1412 3982 nullatcnus
1427 3909 1652 3983 intromittant
1668 3919 1703 3983 ct
1721 3907 1856 3982 indulta
1875 3907 1975 3980 vobis

565 4037 829 4133 exemptionum
855 4033 1037 4132 privilegia
1060 4034 1156 4107 nulla
1176 4033 1213 4106 vi
1237 4034 1293 4106 vel
1312 4033 1433 4107 fraudo
1457 4034 1663 4107 convellant.
1685 4033 1910 4106 Decernimus
1925 4032 1974 4103 in-

569 4184 672 4258 super
690 4171 729 4234 ut
741 4160 827 4232 nulli
845 4160 986 4233 omnino
1001 4160 1180 4234 bominum
1201 4161 1253 4232 las
1272 4157 1317 4230 sit
1333 4179 1414 4246 vos,
1433 4157 1575 4231 abbates
1597 4157 1769 4253 predictos
1788 4165 1823 4230 et
1841 4177 1974 4228 succos·

568 4307 664 4359 soros
679 4295 826 4374 vestros,
841 4305 947 4381 super
961 4285 1027 4357 hac
1040 4283 1296 4358 confirmatione
1313 4292 1348 4355 ot
1364 4279 1607 4355 constitutione
1623 4292 1739 4354 nostra
1753 4280 1970 4376 perturbare,

569 4410 660 4482 bona
682 4429 724 4480 ac
747 4406 981 4503 possessiones
1001 4416 1133 4480 vostras
1162 4416 1196 4478 ot
1223 4407 1509 4480 monasteriorum
1537 4415 1728 4479 vostrorum
1754 4406 1888 4478 auferre
1917 4401 1972 4474 vel

565 4533 680 4606 ablata
709 4531 834 4624 injuste
859 4529 1012 4602 detinere
1029 4539 1091 4603 aut
1113 4529 1299 4602 temerariis
1325 4529 1569 4603 vexationibus
1586 4529 1740 4623 fatigare.
1767 4526 1837 4600 Sed
1858 4523 1973 4599 omnia

567 4657 668 4732 vobis
692 4666 727 4730 et
749 4655 1004 4729 successoribus
1029 4655 1152 4729 vostris
1183 4654 1313 4750 integre
1346 4662 1592 4728 conserventur
1629 4653 1753 4726 usibus
1785 4650 1910 4725 vostris
1941 4656 1974 4721 ot
