4642 6106
569 619 630 680 236
1068 625 1280 688 lulussutct
1304 627 1479 690 sttcttrtut
1785 629 1864 708 [Aru.
1885 629 1971 692 1280.

570 755 648 827 oilie
667 777 766 850 rege,
792 765 884 830 anno
910 759 1044 855 imperii
1068 765 1145 855 ejus
1166 763 1215 850 X,
1241 764 1339 858 regni
1362 765 1550 838 lerustdem
1573 766 1616 852 V,
1638 765 1737 860 regui
1756 785 1840 839 vero
1859 765 1975 840 Sicilie

569 881 695 952 XXXII
714 879 777 977 (a),
797 883 949 957 feliciter.
969 885 1093 960 Amen.

618 1005 741 1078 Datum
765 1006 802 1078 iu
826 1009 946 1081 cestris
967 1031 1075 1106 prope
1099 1011 1313 1103 Anagniam,
1333 1033 1442 1104 anuo,
1468 1033 1604 1102 meuse,
1624 1023 1658 1086 et
1687 1012 1873 1088 indictione
1896 1035 1973 1110 pre·

566 1127 713 1223 scriptis.

791 1425 1005 1434 *nm-———
1013 1425 1251 1434 eam—⁴—
1260 1425 1752 1436 nna—*m

388 1757 412 1790 ,,
507 1723 515 1792 ς
619 1693 854 1801 fridericus,
879 1695 1136 1780 Romanorum
1151 1697 1369 1806 imperator,
1388 1697 1533 1782 oiu'bus
1553 1697 1887 1808 llatisponensibus
1905 1701 1972 1781 in-

564 1825 715 1937 dulget,
730 1837 773 1910 ut
785 1854 853 1936 per
870 1854 936 1912 sex
958 1855 1078 1912 annos
1096 1831 1314 1914 theloneum
1327 1831 1476 1942 exigere
1497 1831 1537 1912 in
1559 1831 1706 1914 ciuitate
1724 1831 1790 1914 illa
1803 1833 1967 1942 possint,

565 1959 876 2044 admunitionem
892 1969 929 2042 el
941 1961 1059 2044 robur
1071 1962 1230 2044 civitatis
1244 1961 1404 2046 fideliter
1419 1964 1693 2072 deputandum.

645 2171 736 2251 (Fdlt.
750 2176 783 2234 ln
795 2173 926 2236 Mecum.
937 2175 1029 2248 cote„
1044 2183 1106 2236 tom
1121 2176 1215 2251 XXX,
1232 2195 1262 2254 p.
1281 2187 1425 2252 tot-tet,
1436 2194 1520 2239 uum.
1534 2177 1878 2256 DCXClV,exorlgluatl
1890 2178 1969 2240 unde

682 2277 768 2356 sigllll
779 2295 956 2356 magnopere
967 2279 1038 2340 loesi
1049 2279 1209 2340 frtrstlllum
1227 2281 1373 2359 appendet
1384 2298 1422 2343 ex
1440 2289 1590 2360 regnumo
1608 2281 1890 2344 membrauacso.-
1906 2283 1968 2343 lle·

682 2390 828 2446 moratum
840 2402 958 2464 quoque
971 2391 1001 2446 et
1012 2391 1178 2447 extractum
1191 2403 1210 2448 a
1223 2386 1391 2462 (imminua,
1406 2385 1657 2469 llcpcttrlurqr'od.
1670 2385 1804 2460 ebant,
1820 2389 1845 2463 l,
1862 2387 1944 2465 tat.)

613 2570 803 2644 Fridericus
815 2573 877 2644 Dei
894 2573 1003 2666 gretia
1021 2575 1251 2646 llomuuorum
1266 2574 1461 2668 imperator,
1478 2595 1613 2670 semper
1627 2581 1809 2666 augustus,
1829 2573 1967 2646 Jerusa-

563 2695 631 2766 lem
649 2707 683 2767 et
697 2695 812 2768 Sicilie
830 2717 906 2768 rex.
923 2696 1007 2769 Cum
1024 2696 1072 2770 ad
1088 2696 1240 2770 fidelium
1257 2697 1474 2770 devotionem
1491 2698 1640 2792 benigne
1657 2696 1840 2792 dirigimus
1857 2696 1965 2769 aciem

562 2818 687 2888 mentis
703 2827 818 2892 nostre
838 2839 880 2891 ac
901 2841 1021 2892 eorum
1039 2821 1245 2914 profectibus
1263 2819 1471 2894 intendimus
1488 2821 1682 2916 diligenter,
1701 2829 1848 2910 augetur
1863 2819 1898 2890 iu
1915 2819 1968 2890 eis

563 2940 702 3015 devotio
727 2942 809 3016 fidei
829 2955 864 3015 et
884 2953 953 3017 tam
971 2944 1064 3040 ipsos
1082 2967 1187 3040 quam
1205 2946 1290 3019 alios
1311 2944 1356 3018 ad
1375 2946 1596 3019 serviendum
1625 2943 1762 3018 fidelius
1787 2965 1849 3040 per
1874 2941 1967 3014 libe-

561 3065 701 3138 ralitatis
719 3069 918 3170 exemplum
937 3069 1124 3141 ferventius
1143 3069 1343 3144 invitamus.
1370 3068 1454 3143 lude
1478 3069 1641 3166 estquod
1663 3078 1781 3142 uotum
1806 3067 1880 3140 lieri
1902 3088 1966 3140 vo-

561 3190 676 3262 lumus
691 3190 862 3263 universis
879 3191 1014 3288 imperii
1032 3191 1193 3266 fidelibus
1212 3203 1281 3266 tam
1297 3194 1513 3289 presentibus
1527 3216 1634 3288 quam
1650 3193 1773 3265 futuris
1788 3191 1884 3288 quod
1901 3212 1966 3264 uos

560 3313 774 3388 attendentes
802 3337 924 3409 puram
953 3313 1058 3388 fidem
1082 3325 1117 3388 et
1141 3315 1360 3391 devotionem
1381 3317 1548 3390 sinceram
1568 3339 1674 3412 quam
1692 3317 1787 3392 cives
1807 3315 1964 3412 llatispo·

560 3459 683 3510 nenses
710 3459 792 3531 erge
819 3438 1059 3534 imperiumst
1082 3461 1144 3512 uos
1171 3462 1305 3536 semper
1319 3441 1527 3532 habuerunt,
1547 3440 1801 3514 considerantes
1824 3461 1965 3534 quoquc

561 3559 676 3633 fidelia
689 3569 724 3632 et
740 3570 837 3656 grata
852 3561 990 3635 servitia
1003 3585 1073 3658 que
1088 3583 1151 3658 pro
1168 3564 1296 3637 honore
1309 3573 1344 3637 et
1359 3565 1566 3638 exaltatione
1579 3563 1713 3658 imperii
1730 3571 1835 3657 atque
1848 3570 1963 3636 nostre

560 3683 796 3756 exhibuerunt
817 3682 949 3756 diutius
972 3693 1007 3756 et
1024 3683 1189 3756 exhibere
1209 3692 1369 3779 poterunt
1382 3685 1418 3756 in
1441 3695 1615 3782 posterum
1632 3685 1791 3778 gratime
1810 3685 1964 3758 volentes

561 3805 734 3878 civitatem
752 3805 863 3902 ipsam
888 3805 998 3900 gratia
1019 3814 1053 3876 et
1074 3805 1249 3878 beneficiis
1274 3817 1387 3880 nostre
1408 3807 1622 3880 celsitudinis
1646 3808 1822 3903 ampliare,
1839 3806 1884 3882 de
1897 3809 1961 3880 im-

561 3949 677 4001 mensa
693 3929 904 4002 liberalitatis
921 3939 1035 4002 nostre
1054 3930 1163 4024 gratia
1180 3931 1401 4004 concedimus
1421 3931 1553 4004 eisdem
1573 3931 1708 4004 civibus
1724 3941 1872 4006 statuere
1887 3932 1963 4005 the·

560 4051 698 4124 loneum
715 4053 924 4125 couveniens
935 4053 980 4126 de
995 4054 1138 4126 consilio
1152 4054 1304 4150 episcopi
1319 4055 1354 4125 in
1368 4053 1561 4128 civitatead
1575 4055 1798 4128 munitionem
1811 4063 1845 4128 et
1856 4057 1961 4128 robur

559 4177 706 4249 civitatis
723 4175 868 4250 fideliter
885 4175 1136 4271 deputandum,
1155 4197 1266 4272 eoque
1279 4179 1426 4272 prefatos
1441 4179 1536 4252 cives
1556 4201 1617 4274 per
1632 4200 1696 4250 sex
1713 4200 1857 4252 annosa
1874 4188 1960 4252 tem-

558 4321 642 4397 pore
655 4301 781 4396 recepti
795 4299 967 4396 privilegii
982 4301 1110 4374 nullius
1127 4300 1394 4375 contradictione
1407 4302 1563 4376 obstante
1579 4303 1629 4374 uti
1644 4303 1803 4376 volumus
1818 4301 1961 4398 pacifice

557 4437 591 4498 et
607 4427 736 4520 quiete.
754 4425 810 4498 Ad
831 4427 930 4517 cujus
952 4425 1001 4498 rei
1028 4425 1227 4499 memoriam
1252 4447 1389 4521 presens
1407 4428 1572 4524 scriptum
1595 4425 1669 4500 lieri
1688 4425 1831 4498 lecimus
1848 4425 1960 4520 sigillo

557 4559 670 4623 nostre
684 4549 869 4643 majestatis
885 4549 1070 4622 munitum.

597 4721 638 4803 (a)
660 4723 749 4784 nee
762 4727 861 4784 auem
873 4723 1010 4786 araur.
