4658 6132
553 640 595 704 os
1053 643 1263 708 rarnmrcr
1287 643 1462 708 ssorum
1775 643 1854 729 [aas.
1872 642 1962 708 rma.

553 776 679 849 domus
692 785 808 850 sancte
821 775 1229 853 MarieThautonIoorum
1242 779 1394 876 quodab
1408 774 1962 874 ipsoadvsntusnostriprincipio

551 899 588 970 iu
599 897 738 972 servitio
753 899 816 972 Dei
830 901 930 972 nobis
945 911 1014 975 tam
1028 901 1154 976 devote
1167 925 1274 999 qnam
1286 903 1470 978 efficaciter
1484 900 1677 974 nstitemnt.
1691 900 1780 974 Vere
1792 921 1887 974 nuno
1900 900 1964 994 igi·

552 1032 609 1096 tur
624 1021 725 1096 nobis
739 1031 774 1096 et
787 1023 950 1098 omnihus
964 1025 1122 1100 illuxisse
1134 1027 1211 1100 vise
1224 1037 1277 1100 est
1291 1027 1368 1102 dies
1382 1027 1440 1098 illa
1461 1025 1498 1097 in
1514 1045 1586 1118 qua
1604 1025 1719 1118 angeli
1738 1025 1959 1098 oscinernnt:

552 1145 666 1221 Gloria
690 1145 727 1218 in
753 1147 899 1222 exoelsis
921 1149 992 1222 Deo
1017 1158 1052 1222 et
1072 1150 1109 1222 in
1138 1159 1229 1224 terra
1256 1173 1329 1247 pax
1352 1149 1552 1222 hominibus
1576 1147 1668 1220 bone
1691 1149 1880 1222 voluntatis
1897 1147 1961 1242 (a).

552 1271 701 1348 Proinde
713 1271 825 1364 agatis
839 1284 873 1344 et
889 1293 953 1344 vos
965 1273 1093 1368 gratiss
1110 1274 1286 1346 Altissimn
1300 1275 1362 1369 qui
1375 1273 1440 1346 hec
1458 1271 1551 1364 feoit,
1570 1281 1605 1344 et
1622 1271 1659 1344 in
1670 1271 1866 1344 oeIebritate
1879 1269 1965 1344 tanti

553 1394 675 1489 gandii
690 1403 852 1490 tantoque
872 1396 979 1470 letitie
996 1419 1077 1470 cnm
1092 1399 1213 1472 timore
1226 1405 1261 1470 et
1276 1419 1393 1471 amore
1406 1395 1528 1470 divino
1541 1395 1737 1468 exultante
1753 1393 1965 1468 benedicatis

553 1517 650 1590 ilium
660 1518 721 1612 qui
736 1519 817 1592 iacit
831 1519 1001 1594 mirabilia
1016 1542 1142 1614 magna
1156 1523 1264 1606 solus;
1281 1520 1400 1594 scituri
1414 1517 1511 1614 quod
1527 1518 1585 1592 die
1599 1517 1734 1592 sabbati
1752 1518 1844 1592 xvss
1859 1518 1964 1612 hujus

552 1642 680 1714 mensis
698 1643 810 1715 martii
827 1641 1017 1738 predictam
1035 1644 1208 1718 civitatem
1230 1651 1383 1718 muctam
1399 1641 1604 1716 intravimus
1628 1663 1709 1715 cum
1727 1640 1859 1736 ingenti
1878 1661 1965 1734 gau·

554 1764 614 1838 dio
632 1766 807 1838 exereitus
826 1767 1017 1859 christiani,
1041 1768 1078 1840 in
1092 1791 1163 1863 qua
1179 1769 1376 1864 sepulerum
1389 1767 1452 1840 Dei
1465 1765 1615 1839 viventis
1628 1773 1824 1839 reverenter
1841 1763 1966 1836 visita-

553 1889 670 1962 vimus
693 1899 857 1984 tanquam
880 1891 1070 1964 catholicus
1096 1892 1293 1988 imperator,
1321 1913 1364 1964 no
1388 1889 1544 1985 sequenti
1572 1889 1631 1962 die
1654 1888 1829 1962 dominioo
1857 1887 1965 1962 XVIII

555 2013 711 2106 ejusdem
725 2013 854 2088 mensis
876 2035 1038 2086 eoronam
1066 2015 1114 2086 ibi
1129 2017 1344 2111 portavimus
1360 2015 1405 2088 ad
1428 2015 1594 2088 honorem
1616 2021 1651 2084 et
1670 2012 1815 2107 gloriam
1838 2009 1965 2084 summi

556 2135 664 2230 regis3
693 2145 728 2208 et
749 2136 795 2210 ad
813 2139 889 2231 ojus
904 2137 1194 2212 modificationem
1218 2139 1381 2214 dedimus
1409 2139 1523 2212 statim
1541 2157 1682 2232 operam
1698 2144 1732 2210 et
1751 2135 1861 2208 taliter
1874 2133 1966 2208 ordi·

557 2259 718 2334 navimus
738 2260 833 2356 quod
848 2261 884 2332 in
898 2261 1053 2336 absentia
1068 2271 1182 2336 nostra
1197 2264 1245 2336 its
1257 2265 1347 2338 bene
1357 2272 1391 2337 et
1402 2263 1532 2336 sortiter
1545 2260 1654 2334 muris
1667 2269 1701 2332 et
1714 2259 1869 2332 turribus
1890 2279 1966 2330 mn-

598 2513 640 2594 (o)
658 2515 743 2590 Quae
754 2522 920 2594 sequuntur
932 2519 965 2578 tn
978 2518 1066 2580 Mett.
1081 2517 1174 2578 Parta
1189 2524 1260 2578 suut
1271 2519 1331 2580 tte:

595 2618 646 2682 Ad
655 2623 875 2703 mcoqnitionen
884 2640 949 2684 neto
962 2629 1023 2684 ton
1036 2622 1157 2706 nundin
1170 2621 1300 2703 beneficii
1313 2623 1444 2705 tantique
1452 2620 1568 2684 itonam
1578 2639 1633 2704 qne
1640 2625 1742 2700 preter
1753 2617 1858 2680 merita
1869 2622 1968 2678 nostro

556 2733 583 2787 et
596 2734 698 2788 contro
711 2727 874 2808 opinionem
880 2725 1045 2789 insitorum
1057 2727 1099 2789 nd
1105 2746 1263 2807 perennem
1276 2725 1465 2788 nomendn
1477 2745 1526 2788 rue
1540 2725 1654 2788 huden
1666 2721 1888 2786 mianieorditer
1898 2739 1968 2781 eon·

558 2829 626 2893 tulit
638 2831 719 2894 twbie
733 2833 818 2908 nau,
834 2841 862 2894 et
874 2841 909 2895 ut
921 2835 954 2892 in
967 2831 1025 2894 loeo
1037 2852 1089 2894 sno
1102 2820 1201 2895 annoto
1213 2831 1338 2894 vitulum
1351 2831 1665 2894 lobiornmnortrornm
1675 2827 1869 2912 personaliter
1881 2825 1968 2908 offer-

556 2955 652 3020 remnt
665 2937 764 3014 eidem,
780 2942 916 3001 noveritis
929 2939 1007 3022 qnod
1018 2939 1064 3001 die
1077 2939 1189 3002 tobdoti
1194 2942 1282 3002 XVII
1291 2939 1337 3001 die
1349 2941 1454 3001 mensis
1465 2939 1566 3000 martii
1578 2937 1664 3020 liujus
1676 2937 1795 2998 tenende
1804 2935 1968 2997 indictionis

557 3063 621 3104 cum
630 3047 793 3127 pereurioie
805 3045 936 3107 omnious
948 3049 1000 3128 qni
1012 3045 1156 3108 nobiscum
1161 3045 1294 3126 fideliter
1308 3046 1455 3109 Christum
1467 3047 1522 3106 Dei
1526 3041 1628 3124 filium
1641 3051 1710 3106 rant
1726 3045 1855 3124 emonii,
1870 3043 1967 3102 iratra-

557 3152 650 3212 nimot
671 3157 802 3213 ennewrn
820 3155 964 3214 eioitutent
982 3151 1163 3215 Hierannlem
1184 3160 1213 3215 et
1231 3153 1332 3214 rtatim
1350 3160 1490 3234 tunquam
1507 3149 1660 3212 catholiam
1676 3152 1833 3230 imperator
1848 3147 1969 3210 adorato

556 3255 686 3338 sepulcro
694 3257 835 3320 dominico
844 3267 1006 3322 retinentes·
1014 3261 1145 3341 sequenti
1152 3259 1199 3320 die
1206 3277 1341 3322 eomnom
1345 3261 1536 3339 portnoimtet,
1545 3277 1633 3340 queam
1642 3260 1781 3320 ὒοπιὶκω
1791 3259 1969 3338 omnipatris

559 3364 594 3426 de
607 3365 709 3428 tireno
724 3368 882 3448 majestatie
896 3384 947 3428 nte
965 3385 1018 3428 nor
1039 3366 1201 3430 indendam
1217 3366 1370 3448 prevident
1387 3366 1422 3428 de
1439 3365 1557 3448 spectati·
1571 3368 1669 3449 nentia
1685 3367 1805 3446 pietatis
1822 3383 1873 3426 nte
1891 3367 1970 3426 nans

557 3471 634 3532 orbis
644 3474 792 3554 principer
809 3491 861 3534 nor
872 3472 1046 3535 mortno
1057 3472 1197 3536 exuitnnit
1208 3481 1243 3534 ot
1254 3476 1304 3562 rie,
1315 3471 1551 3554 prosequentem
1567 3471 1648 3534 nobis
1663 3471 1902 3552 tantediqnitutie
1915 3471 1970 3532 tri·

552 3577 678 3657 pudium
691 3597 746 3660 qne
757 3577 838 3640 nobo
851 3581 1059 3661 competitjure
1070 3583 1163 3662 renni,
1179 3581 1271 3662 mayn
1283 3598 1318 3639 nc
1330 3581 1422 3660 omnis
1435 3579 1579 3639 nonrtom
1592 3579 1733 3638 andorn
1743 3583 1884 3658 appareat
1894 3573 1971 3658 quod

557 3701 662 3744 monus
670 3683 790 3745 Domini
792 3684 867 3766 feeit
875 3683 925 3746 dee
937 3686 1044 3745 omnio.
1061 3687 1103 3746 Et
1112 3703 1177 3744 rtem
1190 3686 1386 3745 minutiones
1398 3685 1459 3766 ejas
1467 3702 1554 3765 anper
1564 3684 1661 3744 omnio
1671 3685 1825 3764 operorint
1834 3679 1967 3764 finden

556 3797 727 3871 ooqnoreont
739 3788 894 3852 orthodoxe
898 3787 975 3870 fidei
986 3787 1109 3852 mltoree
1120 3789 1155 3850 de
1163 3797 1254 3852 cetero
1264 3797 1292 3852 et
1301 3797 1439 3851 nanneni
1454 3787 1536 3872 Ionon
1545 3787 1657 3870 tuteque
1664 3807 1721 3870 per
1731 3787 1826 3850 orbem
1837 3783 1971 3869 quoditie

557 3898 610 3980 qni
622 3904 665 3958 ert
678 3895 841 3958 immeto
853 3897 887 3957 in
900 3894 996 3958 sesan
1008 3898 1136 3958 noanon
1148 3905 1177 3958 et
1181 3897 1256 3977 serit
1265 3895 1488 3978 redemptionem
1497 3893 1578 3976 plebi
1588 3913 1639 3957 roe
1649 3901 1677 3958 et
1686 3896 1780 3955 erexit
1793 3893 1874 3954 nodis
1881 3911 1971 3953 dorna

557 3997 661 4062 eulatie
673 4002 707 4062 in
719 3999 802 4062 mmo
813 3999 1076 4080 Donidpntrirtni
1093 4002 1351 4083 Sonepriueqnnm
1361 3999 1519 4062 &einim
1528 3998 1693 4062 maanus
1701 3995 1972 4062 mulcantem

557 4103 756 4188 &munifica
765 4105 976 4186 nedijiootinne
986 4108 1077 4186 ipeitn
1090 4109 1218 4170 torrium
1229 4125 1264 4168 ae
1276 4125 1426 4168 murorum
1436 4125 1553 4168 norom
1563 4103 1662 4168 taliter
1673 4103 1810 4166 ordinare
1817 4103 1971 4184 proponti·
2013 4099 2015 4102 ’

558 4229 622 4272 mne
635 4214 720 4274 etita
732 4231 818 4294 anper
830 4212 880 4274 ltec
891 4211 1041 4274 intendere
1050 4211 1179 4274 volumno
1191 4211 1345 4296 diliqenter
1355 4211 1433 4294 qood
1439 4231 1498 4274 non
1506 4213 1603 4274 mimi·
1610 4209 1770 4274 rodidtodo
1778 4219 1806 4283 et
1819 4207 1973 4292 diliqentin

560 4319 594 4378 in
605 4315 737 4378 antemio
749 4327 850 4380 nostru
862 4317 1004 4382 Mintur
1015 4317 1083 4380 inde
1097 4338 1185 4401 menn
1199 4321 1227 4380 ri
1237 4315 1432 4400 personaliter
1444 4336 1531 4400 super
1547 4317 1599 4380 ltoe
1610 4319 1668 4398 ind
1684 4335 1806 4380 menne
1813 4323 1969 4396 presentet.

566 4423 602 4484 Ut
616 4429 715 4484 nutem
726 4420 777 4484 ltee
789 4441 909 4504 present
928 4432 1028 4486 nostru
1047 4423 1166 4506 epistola
1184 4423 1363 4486 emeltntione
1380 4426 1419 4494 rit
1433 4421 1525 4504 pleno
1538 4441 1594 4505 per
1609 4431 1700 4486 totum
1718 4431 1746 4492 nt
1760 4419 1972 4502 misouejsn

556 4529 702 4608 principio
719 4546 749 4590 re
767 4527 886 4609 adaptet
903 4531 936 4590 in
955 4529 1070 4612 qnodiie
1082 4539 1117 4594 ut
1134 4529 1261 4613 requiem
1275 4531 1407 4592 aninum
1421 4527 1546 4610 letificet,
1561 4529 1608 4596 ud,
1616 4531 1825 4594 imeneorum
1838 4526 1927 4588 letitie
1944 4531 1972 4586 et

563 4635 650 4695 totius
667 4633 769 4716 oondii
784 4634 964 4715 prandentis
982 4638 1108 4698 amicitie
1126 4645 1217 4700 oestro
1234 4641 1364 4718 supinate
1381 4655 1438 4700 etse
1455 4645 1557 4700 rantum
1575 4635 1652 4718 quod
1667 4634 1816 4698 Soidnnttr
1824 4631 1972 4714 predictas

560 4741 700 4820 captiuos,
711 4747 762 4804 ete.
773 4773 814 4788 -
822 4743 948 4820 italiana
956 4749 990 4806 nt
999 4745 1252 4822 supmnmquou
1261 4746 1369 4824 tsgtur
1377 4745 1408 4810 tu
1416 4743 1515 4808 dneX
1518 4745 1574 4806 1111
1582 4741 1629 4806 die
1641 4743 1747 4806 ntenrit
1757 4741 1873 4813 martii,
1882 4737 1969 4800 male.
