4642 6106
347 691 444 751 lsmcr.
460 689 503 768 b]
798 683 994 747 HISTORIA
1020 679 1311 745 nlrnotlarlcs.
1698 679 1759 742 22¹1

396 820 592 895 Fridericus
606 818 669 891 Dei
691 817 801 910 gratia
818 820 1050 894 Romanorum
1066 819 1264 914 imperator,
1282 835 1418 912 semper
1433 824 1616 908 augustus,
1635 815 1757 890 llieru-

348 945 455 1020 salem
470 952 506 1018 et
527 943 642 1018 Sicilie
662 963 744 1036 rex,
751 997 824 1017 .....
842 944 965 1017 illustri
982 943 1056 1036 regi
1075 941 1250 1015 carissimo
1266 939 1377 1012 amico
1395 961 1460 1013 suo
1473 941 1619 1013 salutem
1636 949 1672 1014 et
1685 940 1757 1014 sin·

348 1091 427 1143 cere
448 1067 641 1142 dilectionis
660 1067 832 1140 affectum.
858 1067 944 1142 Cum
964 1069 1214 1162 frequentaret
1240 1063 1377 1137 dudum
1400 1084 1459 1136 cor
1481 1073 1635 1138 vestrum
1657 1065 1760 1138 luerit

349 1194 590 1268 conturbatum
604 1214 709 1289 super
726 1192 770 1265 iis
784 1215 854 1288 que
868 1202 942 1265 tum
956 1213 1019 1289 ρετ
1028 1189 1233 1288 apostolicas
1245 1189 1388 1281 litteras,
1405 1197 1479 1260 tum
1492 1210 1556 1284 per
1568 1198 1702 1263 nostras
1715 1189 1761 1264 de

350 1317 545 1391 turbatione
560 1317 736 1390 mmmuni
752 1316 886 1412 ubique
902 1325 1069 1390 terrerum
1085 1315 1255 1401 exierant,
1274 1334 1489 1408 consequens
1500 1321 1553 1386 est
1566 1321 1601 1386 et
1614 1311 1761 1404 dignum

350 1450 391 1513 ut
409 1463 473 1515 vos
488 1443 670 1538 reformate
690 1440 786 1537 pacis
804 1463 897 1514 nova
920 1440 1083 1514 letificent
1103 1449 1138 1513 et
1156 1437 1268 1512 omnis
1286 1461 1356 1532 que
1371 1438 1484 1534 potuit
1505 1437 1672 1510 inhesisse
1687 1446 1761 1510 tur·

350 1565 445 1638 batio
458 1565 624 1660 sopiatur.
639 1564 811 1639 Noveritis
825 1564 932 1656 igitur
946 1563 1043 1660 quod
1057 1585 1119 1660 per
1136 1563 1229 1634 illius
1244 1563 1388 1656 gratiam
1402 1563 1463 1657 qui
1477 1563 1662 1658 procellam
1681 1583 1763 1635 con·

351 1689 454 1762 vertit
474 1689 511 1760 in
534 1709 655 1762 auram
680 1697 716 1760 et
739 1689 979 1762 dissidentium
1003 1697 1136 1761 mentes
1159 1688 1194 1758 in
1218 1709 1324 1760 unam
1348 1687 1508 1759 conciliat
1529 1687 1759 1780 voluntatem,

351 1813 442 1886 iacto
460 1813 599 1908 publice
620 1835 662 1886 ac
688 1813 898 1906 solemniter,
920 1813 1010 1885 siout
1032 1835 1053 1885 a
1072 1811 1239 1884 catholico
1257 1811 1412 1908 principe
1431 1809 1504 1884 fieri
1517 1810 1650 1903 debuit,
1666 1811 1763 1908 quod

352 1939 461 2011 forma
478 1937 631 2010 Ecclesia
650 1938 864 2032 requirebat,
889 1937 1057 2030 vigesimo
1080 1945 1203 2010 octavo
1227 1936 1379 2032 preteriti
1393 1935 1523 2008 mensis
1540 1937 1680 2028 augusti
1702 1957 1763 2032 per

351 2062 566 2134 venerabiles
579 2061 674 2134 viros
688 2061 872 2157 apostolice
887 2061 987 2135 Sedis
997 2063 1129 2154 legatos
1142 2062 1173 2134 J.
1187 2059 1410 2134 Sabinensem
1426 2059 1626 2156 episcopum
1641 2069 1676 2134 et
1690 2083 1763 2134 ma-

353 2185 498 2278 gistrum
519 2186 684 2258 Thomam
710 2186 800 2258 tituli
823 2187 946 2259 Sancte
968 2185 1094 2258 Sabine
1116 2185 1354 2281 presbyterum
1374 2183 1601 2278 cardinalem,
1623 2207 1763 2282 presen-

354 2435 417 2508 rali
437 2435 542 2508 totius
565 2435 823 2509 christianitatis
845 2435 1000 2532 tripudio
1019 2435 1149 2507 luimus
1166 2433 1363 2508 solemniter
1383 2433 1544 2506 absoluti.
1569 2433 1703 2508 Deinde
1724 2448 1764 2509 ut

354 2569 431 2655 post
448 2559 698 2632 absolutionem
712 2581 759 2632 ex
780 2559 875 2632 omni
893 2560 1065 2656 presentia
1082 2581 1285 2655 corporum,
1309 2559 1478 2632 mentium
1499 2559 1665 2632 serenitas
1683 2581 1764 2654 gra-

355 2683 422 2756 tius
445 2692 666 2778 sequeretur,
694 2683 806 2779 primo
830 2683 1034 2779 septembris
1057 2683 1280 2780 apostolicam
1306 2681 1431 2756 sedem
1455 2682 1631 2756 adivimus
1652 2681 1706 2780 (l)
1729 2693 1765 2758 et

354 2807 608 2880 sanctissimum
624 2815 756 2904 patrem
772 2807 952 2881 dominum
968 2808 1169 2900 Gregorium
1180 2807 1242 2880 Dei
1257 2807 1367 2898 gratia
1380 2829 1555 2880 summum
1568 2805 1765 2902 pontificem

354 2931 509 3004 vidimus
525 2940 733 3004 reverenter.
751 2931 820 3016 Qui
840 2933 1019 3005 affectione
1035 2941 1177 3028 paterna
1197 2953 1261 3004 nos
1273 2931 1443 3028 recipiens
1456 2940 1490 3004 ct
1505 2953 1591 3028 pace
1607 2931 1765 3006 cordium

355 3055 463 3128 sacris
481 3055 607 3128 osculis
626 3055 798 3142 redemta,
814 3065 883 3129 tam
898 3057 1084 3148 benevole,
1109 3066 1179 3128 tam
1193 3057 1343 3149 benigne
1357 3055 1570 3152 propositum
1584 3057 1686 3130 nobis
1703 3080 1766 3130 sue

356 3178 552 3252 intentionis
569 3179 703 3276 aperuit
726 3179 771 3253 de
793 3180 962 3276 ipsisque
985 3190 1219 3277 precesserant
1234 3181 1284 3252 nil
1302 3181 1463 3254 omittens
1481 3189 1516 3254 et
1532 3180 1670 3274 singula
1688 3203 1766 3276 pro·

356 3323 504 3398 sequem
518 3303 690 3377 evidentis
701 3305 836 3397 judicio
850 3305 1005 3397 rationis,
1022 3305 1118 3400 quod
1132 3305 1195 3378 etsi
1212 3326 1275 3378 nos
1292 3305 1480 3401 precedens
1494 3326 1600 3378 causa
1615 3326 1768 3379 commo·

355 3425 445 3498 verit
456 3427 512 3499 vel
527 3449 703 3500 rancorem
721 3429 871 3526 potuerit
888 3429 1039 3524 aliquem
1058 3430 1228 3522 attulisse,
1248 3428 1298 3503 sic
1314 3429 1548 3503 benivolentia
1563 3451 1669 3524 quam
1684 3451 1768 3526 per-

355 3549 527 3628 sensimus
540 3551 577 3622 in
594 3553 717 3626 eodem
731 3575 868 3626 omnem
883 3563 1015 3626 motum
1030 3553 1152 3626 lenivit
1164 3554 1270 3626 animi
1284 3562 1319 3626 et
1334 3561 1484 3628 nostram
1498 3562 1612 3626 amoto
1624 3574 1768 3626 rancore

356 3675 528 3746 serenavit
543 3675 631 3748 adeo
645 3677 857 3750 voluntatem
873 3687 912 3749 ut
925 3699 994 3751 non
1009 3679 1156 3760 velimus
1169 3677 1314 3750 ulterius
1325 3677 1487 3773 preterita
1500 3677 1682 3750 memorari
1698 3698 1768 3771 que

357 3798 542 3871 necessitas
559 3800 691 3894 intulit,
717 3795 757 3873 u't
779 3803 890 3874 virtus
914 3823 961 3875 ex
992 3803 1192 3875 necessitate
1215 3801 1379 3898 prodiens
1400 3811 1598 3898 operaretur
1622 3801 1768 3896 gratiam

357 3921 569 4018 ampliorem.
587 3924 795 3997 Remisimus
817 3935 933 4000 autem
950 3926 1143 4022 specialiter
1166 3925 1313 4020 singulis
1335 3935 1370 3998 et
1381 3926 1584 4020 generaliter
1597 3925 1770 4000 universis

355 4044 418 4138 qui
436 4055 553 4120 contra
565 4069 629 4121 nos
641 4049 724 4121 olim
743 4071 879 4124 summo
893 4049 1046 4146 pontifici
1071 4051 1281 4126 adheserunt
1301 4059 1336 4123 et
1358 4050 1395 4122 iu
1411 4049 1455 4121 iis
1471 4058 1505 4158 et
1521 4049 1598 4124 aliis
1611 4072 1681 4144 que
1701 4049 1767 4124 sibi

393 4322 427 4397 (t)
442 4324 565 4385 «Ultimo
577 4327 677 4386 mensis
686 4329 791 4404 engrati
803 4329 948 4404 imperator
959 4331 1032 4390 vadit
1041 4331 1189 4404 Anagmmn
1201 4329 1337 4389 locamus
1350 4343 1410 4386 eum
1422 4343 1502 4405 papa.
1512 4328 1602 4388 Primo
1614 4327 1658 4386 die
1668 4328 1770 4388 mensis

360 4437 373 4472 τ
387 4421 547 4494 septembris
559 4424 605 4498 qui
616 4425 667 4482 soit
677 4426 737 4484 dies
750 4427 900 4485 dominicus
911 4427 993 4486 Cesar
1004 4428 1131 4485 invitatus
1143 4443 1159 4484 a
1172 4443 1252 4502 papa,
1265 4443 1328 4484 cum
1339 4427 1446 4485 essetiu
1459 4427 1555 4484 cestris
1565 4427 1594 4483 in
1603 4426 1769 4502 pededneg·

360 4533 374 4568 r
389 4515 460 4588 niae,
475 4520 631 4594 magnificae
642 4523 783 4581 comitatus
794 4539 811 4582 a
822 4523 1000 4582 cardinalibus
1008 4529 1037 4582 et
1048 4523 1221 4582 nobilioribus
1233 4525 1348 4583 civitatis
1360 4525 1470 4582 intravit
1482 4524 1631 4597 Anagniam
1640 4529 1669 4582 et
1681 4540 1713 4582 eo
1723 4525 1769 4582 die

360 4630 374 4664 s
388 4627 450 4673 cum
469 4633 543 4690 papa
556 4619 625 4678 sedit
641 4621 670 4678 in
685 4637 787 4693 meum,
801 4627 830 4680 et
841 4621 914 4682 solus
927 4637 989 4680 mm
1003 4622 1075 4694 solo,
1089 4623 1216 4697 nagisco
1230 4628 1321 4682 emen
1332 4621 1560 4682 Tbeutouioorum
1571 4627 1723 4696 praesente,
1740 4622 1769 4681 iu

361 4729 374 4762 s
387 4711 476 4786 papali
486 4729 592 4774 camera
600 4717 711 4776 oonsilio
719 4718 798 4792 longo
808 4734 839 4776 se
847 4725 956 4777 tenuere
967 4719 1026 4792 diu;
1038 4735 1070 4776 ac
1078 4719 1122 4777 die
1133 4719 1211 4777 lunae
1222 4719 1345 4794 sequenti
1354 4734 1416 4777 cum
1425 4720 1508 4796 gratia
1516 4733 1601 4795 papae
1613 4725 1641 4778 et
1650 4718 1770 4778 cardine·

361 4804 454 4866 »lium
468 4811 502 4868 ad
516 4819 602 4872 castra
615 4829 739 4875 reversus
752 4815 913 4876 estaltrco.
925 4833 962 4876 na
974 4817 1004 4876 S.
1024 4817 1128 4890 omn,
1142 4817 1268 4877 Gtronr‘e.
1279 4811 1316 4875 cd
1328 4833 1395 4879 cca.
1594 4811 1598 4818 '
1656 4843 1660 4850 ·
