4702 6110
389 627 488 686 lantes.
504 623 549 701 4.]
842 619 1040 684 HISTORIA
1064 617 1354 681 ntrtottartctt.
1523 667 1529 680 .
1743 615 1804 674 455

391 759 485 832 rious
505 757 707 845 brabantie,
728 809 736 828 .
769 809 777 826 .
809 755 1079 850 ‚Lntbaringie,
1096 755 1278 828 Heinrions
1297 751 1342 826 de
1358 751 1524 846 Limpurg
1539 749 1663 840 duces,
1685 750 1803 844 Poppo

392 882 438 957 de
456 879 703 968 Hennenbere‚
729 880 946 952 Hermannus
974 877 1019 952 de
1041 877 1255 970 Hartsburg,
1275 874 1470 948 Guntherus
1493 873 1539 946 de
1559 871 1801 966 Kevernberg,

391 1005 553 1080 Albertus
577 1003 622 1077 de
643 1002 761 1094 Weia,
787 1002 970 1076 Tbidricus
998 1001 1043 1076 de
1069 1001 1252 1087 Honstoin,
1276 998 1471 1074 Fn'dericns
1492 997 1538 1071 da
1562 996 1802 1089 bichelingun,

392 1129 573 1202 Heinrious
589 1130 636 1203 de
650 1129 861 1222 Swarnburg
873 1128 1028 1220 oomites,
1045 1125 1256 1200 Gunneiinns
1270 1123 1416 1220 dapifer,
1432 1121 1613 1195 Cunradus
1625 1121 1802 1218 pinoerna‚

393 1253 614 1329 Everhardus
627 1254 672 1329 de
687 1253 867 1350 Walpurg,
885 1251 1066 1326 Cunradus
1078 1251 1124 1324 de
1137 1249 1358 1322 Winterstete
1369 1247 1546 1344 pincerna,
1562 1253 1596 1318 et
1609 1243 1667 1318 alii
1681 1265 1804 1338 quarn-

414 1377 520 1452 lurae.

391 1400 415 1475 p
442 1503 530 1579 Data
543 1501 750 1591 Wormaeio‚
771 1501 801 1574 11
814 1499 981 1574 kalendas
994 1497 1095 1583 maii,
1111 1497 1300 1572 indictione
1314 1504 1449 1592 quarta.

627 1855 849 1865 ——--—————-
856 1854 1051 1862 --m—-o-
1058 1854 1313 1862 ——-.--——-.......
1322 1854 1413 1860 ------
1422 1855 1425 1858 .
1433 1855 1445 1860 -
1487 1854 1564 1860 ----.

1074 2151 1123 2224 lt.

450 2373 564 2460 Aliud
582 2377 743 2486 speciale
761 2380 987 2462 mandatum
1000 2379 1171 2490 ejusdem
1189 2380 1290 2490 regis
1303 2379 1351 2462 de
1364 2405 1404 2461 re
1417 2380 1564 2462 eadem.

479 2617 608 2696 (Mitior.
623 2617 905 2697 annuntiabitis,
920 2627 945 2683 t.
959 2621 1042 2697 XVI,
1056 2637 1087 2700 p.
1108 2623 1334 2696 rra-Pron,
1346 2619 1478 2683 Monam.
1493 2620 1571 2682 ltus.
1588 2619 1698 2694 Germ..
1713 2627 1737 2683 t.
1748 2622 1800 2698 IV,

514 2743 543 2805 p.
562 2723 645 2807 aar.)

445 2942 624 3016 Heinricus
641 2943 704 3016 Dei
727 2943 837 3038 gratia
857 2945 1090 3020 Romanorum
1113 2966 1177 3016 rex
1192 2955 1227 3016 et
1249 2964 1386 3039 semper
1404 2951 1592 3036 augustus,
1612 2941 1800 3034 nobilibus,

396 3066 689 3159 ministerialibus,
702 3068 915 3156 civitatibus,
925 3067 1078 3163 oppidis,
1090 3067 1328 3160 eastris‚viliis
1341 3075 1376 3138 at
1388 3066 1558 3138 universis
1569 3066 1705 3162 imperii
1717 3064 1803 3140 fide-

396 3189 488 3262 libus
505 3191 541 3262 in
559 3192 710 3266 Saxona
732 3193 938 3266 constitutis.
954 3193 1079 3288 Sapius
1102 3214 1218 3266 coram
1240 3191 1382 3264 domino
1404 3199 1439 3262 et
1461 3199 1559 3285 patra
1578 3201 1712 3282 nostro,
1733 3200 1798 3264 eto.

396 3312 573 3408 (Sequitur
589 3318 631 3388 de
649 3317 745 3389 uerbo
761 3319 807 3390 ad
819 3319 951 3390 uerbum
969 3317 1052 3390 stent
1067 3318 1336 3410 bwaecedenti,
1352 3336 1457 3408 usque
1468 3314 1560 3411 aab)

443 3439 516 3511 Heu
533 3439 652 3534 igitur,
669 3441 759 3514 sicut
770 3442 863 3535 justa
875 3451 911 3518 et
927 3443 1174 3516 rationabiliter
1190 3440 1337 3514 diffinita
1351 3448 1445 3530 sunt,
1460 3439 1527 3512 snb
1540 3439 1680 3511 obtentu
1694 3439 1804 3532 gratie

394 3569 508 3636 nostre
515 3563 759 3639 inviolabiliter
765 3567 941 3640 observari
951 3565 1207 3663 precipimusin
1221 3565 1384 3636 omnibus
1392 3564 1477 3636 loois
1485 3563 1520 3636 in
1531 3563 1660 3658 quibus
1666 3571 1803 3636 moneta

391 3683 700 3779 Magdebnrgensis
720 3690 955 3784 frequentatur
972 3699 1008 3763 et
1029 3689 1188 3762 habetur.
1205 3691 1336 3762 Damus
1353 3687 1456 3761 etiam
1473 3697 1674 3783 potestatem
1697 3688 1804 3761 nobiti

389 3807 467 3880 viro
485 3811 681 3886 Hermanno
701 3815 817 3888 comiti
835 3815 880 3889 de
898 3815 1104 3911 Hortesberg
1123 3813 1174 3913 (a)
1195 3823 1230 3890 et
1245 3812 1340 3887 fideli
1360 3822 1477 3886 nostro
1495 3813 1683 3886 Gunzeiino
1703 3811 1804 3908 dapi-

389 3931 462 4006 sero
480 3942 519 4006 nt
536 3956 616 4007 curn
637 3958 742 4032 snper
757 3937 824 4010 boo
845 3939 900 4010 vei
920 3939 1024 4014 ambo
1049 3939 1106 4012 vel
1127 3941 1352 4012 alternorum
1374 3937 1480 4010 fuerit
1496 3936 1701 4031 requisitus,
1719 3959 1804 4010 auo-

389 4055 524 4130 toritate
549 4068 665 4133 nostra
689 4060 890 4155 hujusmodi
911 4063 1097 4137 sententias
1116 4063 1243 4136 iaoiant
1255 4061 1449 4154 observari,
1469 4069 1587 4134 eontra
1612 4071 1802 4154 transgres-

389 4199 484 4253 sores
498 4189 534 4254 at
547 4182 785 4258 inobedientes
800 4185 956 4260 debitum
971 4186 1104 4280 justitie
1122 4186 1278 4280 vigorem
1294 4183 1504 4258 exeroendo.
1527 4183 1583 4256 Ad
1598 4193 1800 4280 perpetuam

388 4301 541 4398 denique
557 4304 769 4400 firmitatem,
797 4317 863 4382 eto.
883 4311 1060 4404 (Sequitur
1078 4321 1117 4383 ut
1134 4311 1170 4382 io
1186 4310 1397 4406 praecedenti
1416 4331 1491 4382 arm
1510 4309 1642 4382 tasttbtu
1662 4319 1694 4380 et
1708 4309 1800 4416 ¹notis

387 4425 618 4522 ctrorttoqtat
638 4430 788 4526 eisdam.)

431 4628 472 4710 (a)
494 4631 591 4712 Supra
602 4641 633 4696 et
646 4636 724 4698 tnira
737 4635 909 4722 Harum.
