4710 6076
422 645 519 704 nna
538 639 599 718 ra]
778 612 782 618 ’
874 634 1070 698 ntsronrn
1095 629 1388 694 nrnnoatarrcn.
1774 628 1835 690 ara

470 772 639 848 Henricns
653 769 821 864 septimus
839 767 959 843 divina
974 771 1112 842 favente
1129 767 1311 842 clementia
1322 769 1553 846 Romanorum
1569 785 1634 836 rex
1646 771 1682 837 ct
1699 785 1834 860 semper

422 907 603 994 augustus.
627 894 780 988 Dignitas
795 902 830 966 ct
845 893 1039 968 sollicitudo
1057 892 1261 968 excellentie
1275 891 1401 986 regalis
1416 889 1560 985 requirit
1579 897 1618 961 ut
1636 911 1677 963 ca
1690 909 1762 986 quc
1776 889 1836 986 pie

423 1033 500 1096 acta
524 1018 588 1121 [ct]
615 1018 766 1094 sanccita
800 1039 935 1090 necnon
968 1018 1061 1091 bona
1087 1017 1255 1112 religiosis
1280 1016 1402 1088 collata
1429 1012 1646 1104 invenimus,
1677 1013 1832 1088 studiosa

424 1147 603 1244 diligentia
607 1196 777 1218 ...........
797 1141 953 1216 virorum
966 1141 1199 1233 religiosorum
1213 1150 1248 1214 et
1263 1141 1409 1214 aliorum
1425 1137 1562 1234 imperii
1576 1136 1729 1212 fidelium
1748 1159 1838 1212 con-

425 1293 616 1346 servemus.
632 1269 704 1341 Hac
720 1268 837 1361 itaque
859 1266 991 1339 ratione
1011 1267 1107 1338 docti
1122 1265 1168 1340 ad
1184 1265 1340 1338 notitiam
1358 1263 1598 1336 universorum
1614 1283 1661 1334 ex
1681 1261 1838 1336 insinua·

427 1396 520 1469 tione
547 1392 759 1490 presentium
793 1390 954 1486 cupimus
974 1391 1156 1486 pervenire
1174 1389 1270 1484 quod
1301 1409 1381 1462 cnm
1407 1407 1561 1460 essemus
1585 1385 1682 1482 apud
1702 1386 1838 1481 Aquis-

428 1539 574 1614 grcnnm
605 1517 642 1589 in
666 1515 846 1610 sollempni
870 1515 966 1588 curia
990 1537 1070 1587 cum
1095 1513 1212 1586 multis
1240 1511 1456 1609 principibus
1480 1511 1689 1600 subnotatis,
1714 1511 1839 1585 dilecta

427 1639 539 1714 fidelis
566 1650 683 1715 nostm
708 1639 872 1732 iliburgis
895 1637 1068 1710 abbatissa
1085 1611 1289 1710 Nivellensis
1321 1636 1368 1710 ad
1392 1644 1543 1708 nostram
1566 1635 1735 1709 accedens
1753 1656 1841 1732 prc-

428 1766 573 1840 sentiam
599 1765 723 1838 obtolit
749 1763 849 1836 nobis
877 1763 914 1834 in
937 1763 1024 1835 lucie
1047 1762 1240 1857 principum
1267 1770 1461 1834 nostrorum
1483 1760 1664 1856 privilegia
1690 1759 1841 1851 [sibilet

428 1888 573 1962 ecclesie
600 1909 664 1961 sna
693 1910 713 1959 a
742 1887 835 1960 divis
867 1887 1130 1981 imperatoribus
1154 1887 1293 1975 collata,
1322 1884 1483 1958 videlicet
1517 1883 1647 1957 domini
1676 1883 1839 1958 Friderici

430 2013 644 2108 imperatoris
667 2011 788 2106 proavi
814 2011 940 2102 nostri,
969 2011 1106 2084 Henrici
1131 2008 1346 2106 imperatoris
1366 2008 1424 2081 avi
1449 2008 1576 2098 nostri,
1603 2029 1760 2082 necnon
1786 2030 1841 2082 sc-

430 2135 599 2209 renissimi
628 2135 760 2210 domini
778 2137 815 2208 F.
833 2135 1047 2231 imperatoris
1060 2135 1165 2231 patris
1183 2135 1309 2222 nostri,
1330 2155 1371 2206 ac
1391 2135 1561 2230 preceptis
1577 2133 1841 2230 apostolicorum

430 2271 567 2356 patrum
594 2261 775 2334 Clementis
797 2269 902 2356 atque
926 2260 1050 2334 leonis
1078 2258 1298 2350 confirmata,
1326 2279 1407 2331 cnm
1427 2259 1535 2331 multa
1562 2258 1688 2331 montis
1710 2269 1746 2332 et
1768 2281 1843 2332 cor·

431 2385 524 2479 poris
554 2385 727 2457 attritione
754 2381 905 2480 dampna
932 2383 1136 2478 gravissima
1163 2391 1199 2456 et
1226 2381 1458 2456 intolerabiles
1484 2383 1628 2477 injurias
1649 2405 1843 2479 proponens

432 2517 467 2580 ct
486 2530 700 2603 conquerens
720 2508 817 2602 quod
838 2517 955 2581 contra
975 2507 1097 2580 cadem
1116 2505 1298 2603 privilegia
1316 2506 1383 2579 sibi
1406 2515 1442 2580 et
1459 2505 1604 2580 ecclesio
1624 2528 1687 2579 sne
1707 2509 1843 2602 [preju-

433 2633 578 2722 dicium]
597 2631 714 2720 iiebat,
732 2632 881 2726 ideoque
898 2632 934 2704 in
949 2635 1028 2726 jure
1050 2653 1114 2704 suo
1136 2639 1377 2727 perseverante
1390 2631 1580 2704 constantia
1598 2653 1619 2703 a
1640 2631 1746 2726 regali
1764 2653 1845 2705 ma·

428 2761 553 2850 jmtatc
569 2767 685 2831 nostra
705 2757 874 2851 justitiam
900 2777 1092 2853 pacemque
1109 2755 1261 2829 debitam
1286 2755 1500 2848 efflagitavit.
1528 2755 1664 2828 Certum
1683 2755 1789 2849 igitur
1808 2755 1844 2826 in

432 2883 575 2956 modum
593 2882 806 2976 justitianus
829 2881 1075 2954 rationabiliter
1096 2891 1318 2977 provocante,
1335 2882 1463 2976 pietate
1479 2881 1663 2954 clementer
1676 2879 1847 2952 invitante

434 3007 587 3101 lletuque
604 3015 641 3080 et
652 3005 728 3100 jugi
744 3027 847 3102 prece
862 3006 1017 3101 predicte
1032 3005 1158 3078 dilecte
1173 3027 1214 3078 ac
1231 3004 1344 3078 fidelis
1359 3013 1475 3078 nostre
1488 3004 1663 3079 abbatisse
1677 3006 1767 3078 ultro
1782 3025 1846 3078 nos

433 3131 479 3204 ad
504 3130 775 3204 miscricordiam
799 3139 1058 3222 commovente,
1075 3130 1267 3203 libertatem
1289 3129 1495 3202 Nivcllcnsis
1517 3128 1661 3202 ecclesie
1683 3139 1719 3202 ct
1741 3129 1847 3204 totius

432 3255 534 3349 burgi
550 3255 707 3348 judiciali
725 3255 920 3350 principum
939 3255 1155 3350 aliorumque
1174 3253 1331 3328 fidelium
1352 3253 1487 3350 imperii
1506 3253 1674 3326 sententia
1692 3253 1847 3349 integra-

434 3377 511 3450 liter
528 3379 759 3469 restituimus,
777 3380 892 3474 ipsum
911 3380 1062 3474 burgum
1075 3379 1252 3469 videlicet,
1271 3379 1389 3452 villam
1406 3379 1575 3452 Nivellam
1592 3401 1671 3452 cum
1686 3379 1849 3452 omnibus

435 3501 617 3574 utensibns
633 3503 725 3596 suis,
748 3524 830 3576 cnm
849 3505 1024 3578 merchato
1044 3527 1086 3578 ac
1109 3505 1285 3596 theloneo,
1307 3524 1388 3576 cum
1409 3511 1548 3576 moneta
1569 3511 1603 3576 ct
1621 3502 1750 3576 mensis
1764 3524 1848 3576 con-

436 3625 648 3699 cambiorum
667 3649 710 3700 ac
726 3628 876 3701 maceria
893 3638 928 3700 et
949 3651 1029 3701 oum
1055 3629 1123 3702 viis
1145 3637 1181 3702 ct
1204 3626 1431 3716 molendinis,
1458 3649 1537 3700 cum
1559 3625 1667 3722 pratis
1692 3635 1727 3700 ct
1750 3627 1850 3701 terris

437 3749 538 3822 cultis
552 3759 588 3822 et
603 3751 742 3824 incultis
761 3761 797 3825 et
812 3774 892 3825 cnm
918 3753 1057 3848 pascuis
1078 3762 1114 3826 et
1137 3753 1248 3844 silvis,
1268 3752 1338 3825 viis
1355 3761 1391 3825 et
1410 3751 1546 3842 inviis,
1558 3752 1659 3847 aquis
1680 3773 1849 3846 aquarum

437 3894 482 3945 ve
501 3872 723 3969 decursibus,
742 3899 823 3948 com
842 3877 970 3949 lamilia
991 3877 1122 3951 ibidem
1140 3885 1301 3950 manente
1325 3885 1361 3949 et
1382 3897 1462 3949 cnm
1485 3876 1675 3950 hereditate
1695 3875 1849 3949 omnium
1939 3853 1944 3862 ⁵

437 3995 473 4065 in
491 4017 532 4070 ca
552 3997 793 4088 residentium,
813 3999 1026 4094 ubicumque
1042 4001 1210 4074 rationem
1230 3999 1416 4073 habuerint
1438 4001 1492 4073 vel
1509 4005 1603 4094 justo
1625 3999 1851 4096 possessionis

439 4119 537 4192 titulo
555 4121 591 4192 in
606 4134 781 4217 postorum
797 4133 879 4195 sunt
893 4125 1064 4220 adepturi.
1082 4124 1138 4197 Ad
1152 4123 1344 4197 remedium
1359 4143 1501 4218 quoquc
1516 4145 1558 4196 ac
1573 4124 1718 4196 salutem
1734 4122 1851 4196 animc

438 4255 553 4320 nostre
566 4268 662 4321 sacra
678 4248 958 4343 predecessorum
976 4260 1169 4323 nostrornm
1185 4271 1306 4345 regom
1321 4258 1427 4344 atquc
1440 4249 1686 4344 imperatorum
1703 4247 1849 4342 vestigia

438 4378 634 4464 sequentes,
657 4370 798 4446 firmiter
811 4373 1021 4469 precipimus
1037 4384 1210 4470 qnatenus
1223 4382 1404 4469 pretaxato
1419 4372 1564 4446 ccclesia
1579 4381 1615 4445 et
1628 4371 1774 4468 opidum
1787 4370 1848 4444 Ni·

439 4495 592 4568 vellenee
613 4495 658 4569 ab
676 4497 771 4569 omni
793 4497 1016 4594 oppressione
1038 4509 1074 4572 et
1098 4499 1144 4572 ab
1164 4497 1259 4570 omui
1282 4497 1464 4570 exactione
1486 4497 1532 4570 sit
1553 4494 1695 4569 omuino
1717 4496 1844 4586 libera,

438 4638 504 4692 nec
516 4617 562 4692 sit
576 4618 626 4692 ibi
638 4619 823 4716 qnisquam
837 4622 1017 4696 comesve!
1029 4622 1220 4696 advocatos
1232 4622 1299 4694 nisi
1311 4643 1416 4717 quem
1430 4621 1604 4696 abbatissa
1614 4620 1769 4716 elegerit,
1783 4641 1849 4694 nec

439 4743 594 4838 acquirat
609 4764 724 4819 comes
745 4747 802 4820 vel
820 4747 1011 4821 advocatos
1029 4746 1158 4822 ibidem
1176 4745 1318 4843 aliquod
1332 4745 1507 4840 judicium
1522 4745 1579 4820 vel
1599 4746 1762 4841 placitum
1781 4744 1848 4818 nisi

538 4865 594 4928 111.
1673 4876 1711 4930 rc
