4710 6076
372 687 469 750 isuror.
488 682 527 770 l.]
822 680 1022 744 lllsroula
1045 677 1340 743 olrnomallca
1727 681 1788 746 387

372 821 503 922 eisdem
524 818 688 894 iratribus
711 816 926 914 indulgendo
944 817 1114 892 duximus
1136 813 1361 890 annuendum
1386 823 1426 888 ut
1447 835 1668 912 quecumque
1693 817 1786 894 bona

371 941 625 1035 ministeriales,
645 941 740 1015 cives
762 950 798 1014 et
815 941 972 1023 homines
987 940 1094 1014 nostri
1109 939 1229 1014 divine
1249 939 1535 1013 remunerationis
1560 939 1688 1014 intuitu
1705 963 1787 1016 ero-

374 1091 457 1164 gare
477 1065 652 1141 voluerint
676 1065 819 1138 enclesis
843 1064 1018 1160 ipsorum,
1045 1063 1154 1137 libere
1175 1063 1261 1158 ipsis
1289 1063 1440 1159 recipere
1464 1063 1565 1137 liceat
1586 1071 1622 1136 et
1643 1063 1787 1160 pacifice

373 1193 564 1290 possidere.
584 1189 797 1264 Auctoritate
817 1189 934 1283 itaque
954 1187 1051 1283 regia
1076 1185 1269 1260 firmissime
1291 1185 1485 1260 inhibentes
1500 1195 1540 1258 ot
1557 1188 1674 1260 nullus
1697 1211 1786 1263 ausu

374 1315 500 1391 ductus
527 1314 709 1389 temerario
734 1322 938 1388 memoratos
960 1314 1082 1387 fratres
1111 1311 1148 1383 in
1171 1311 1273 1384 bonis
1295 1311 1468 1408 ipsorum,
1493 1311 1788 1407 quemadmodum

373 1447 652 1538 supranotatum
671 1445 742 1528 est,
760 1457 907 1532 gravare
926 1437 983 1510 vel
999 1436 1181 1508 molestare
1202 1444 1390 1530 presumat.
1409 1434 1512 1521 Quod
1531 1435 1592 1531 qui
1608 1445 1789 1534 attempta·

372 1565 461 1638 verit
479 1587 619 1661 gravam
641 1561 808 1638 offensam
831 1569 947 1634 nostre
971 1559 1187 1633 celsitudinis
1210 1581 1249 1633 se
1270 1559 1407 1634 noverit
1428 1559 1661 1634 incursurum.
1682 1562 1725 1636 lit
1741 1563 1788 1640 ad

373 1691 538 1782 majorem
572 1686 784 1760 evidentiam
814 1683 975 1781 prelibati
1011 1683 1092 1758 lacti
1123 1683 1229 1756 nostri
1258 1691 1453 1780 presentem
1483 1683 1646 1780 paginam
1674 1685 1787 1780 sigillo

373 1821 488 1886 nostre
505 1811 721 1886 celsitudinis
729 1810 900 1904 jussimus
922 1807 1140 1883 communiri.

421 1939 538 2010 Testes
556 1937 618 2032 qni
637 1937 866 2009 interfuerunt
885 1934 936 2007 bii
957 1943 1038 2006 sunt
1059 1932 1267 2007 venerabilis
1287 1933 1597 2028 Magdeburgensis
1617 1933 1786 2032 archiepi·
1897 2000 1900 2008 .

373 2081 513 2156 scopus,
531 2061 844 2154 Babenbergensis,
864 2059 1149 2148 Constantiensis,
1167 2057 1409 2154 Eystettensis,
1425 2057 1609 2151 Curiensis,
1629 2059 1787 2134 Worma·

374 2185 495 2259 tiensis
509 2185 677 2282 episcopi,
693 2185 808 2258 Sancti
817 2183 904 2258 Galli
918 2193 953 2258 et
967 2183 1012 2256 de
1025 2181 1140 2279 Augia
1152 2183 1307 2273 abbates,
1322 2181 1368 2256 de
1378 2181 1516 2256 dustria
1532 2193 1567 2256 et
1580 2183 1626 2257 de
1639 2185 1786 2260 Bavaria

375 2309 496 2396 duces,
512 2309 666 2382 marchio
685 2308 731 2382 de
748 2307 884 2400 Baden,
903 2329 1018 2380 comes
1035 2309 1077 2379 Η.
1096 2307 1142 2381 de
1157 2307 1402 2402 Wirtemberg‚
1423 2328 1538 2380 comes
1551 2305 1597 2381 de
1610 2307 1783 2404 Dilingen,

372 2435 547 2532 palatinus
564 2455 679 2506 comes
694 2432 739 2506 de
752 2433 966 2527 Tuwingen,
982 2431 1193 2526 burgravius
1213 2431 1258 2505 de
1278 2431 1509 2528 Nuremberg,
1530 2431 1724 2506 Fridericos
1742 2433 1787 2508 de

373 2557 679 2654 moehendingen,
706 2557 840 2653 dapifer
858 2557 902 2631 de
917 2557 1125 2652 Walpnrcb,
1144 2557 1309 2653 pincerna
1331 2555 1376 2630 de
1395 2555 1669 2650 Winterstetten,
1695 2558 1787 2632 Cun-

374 2683 481 2758 radus
495 2683 541 2756 de
555 2681 773 2779 Winspercb,
790 2683 831 2753 E.
853 2681 896 2754 Α.
915 2691 951 2756 et
966 2681 1003 2754 C.
1024 2681 1069 2755 de
1083 2681 1280 2778 Stoupben,
1297 2689 1331 2754 et
1344 2681 1402 2754 alii
1418 2683 1654 2778 quamplures.

422 2809 548 2881 Datum
564 2807 661 2906 apud
678 2807 896 2902 Esseliugen,
917 2809 945 2879 ll
962 2807 1128 2880 kalendas
1144 2807 1360 2904 septembris,
1380 2805 1570 2880 indictione
1589 2807 1713 2903 prima.

1490 3061 1541 3070 ιν-

427 3309 612 3395 Henrious
624 3309 887 3394 Romanorum
905 3335 972 3392 rex
990 3334 1069 3391 nna
1089 3333 1178 3391 cum
1205 3307 1398 3418 Leupoldo
1413 3307 1589 3392 Austriae
1606 3311 1703 3394 duce
1725 3313 1786 3394 si·
1890 3335 1927 3389 ur

375 3443 513 3554 gillum
535 3470 649 3529 suum
675 3443 829 3528 cuidam
856 3443 1084 3527 documento
1108 3441 1284 3526 Eckberti
1308 3441 1600 3554 bambergensis
1623 3446 1788 3558 episcopi

377 3577 548 3686 apponit,
568 3603 647 3688 quo
665 3578 767 3661 idem
784 3577 984 3688 episeopus
997 3577 1230 3661 Ludevicum
1251 3576 1389 3660 ducem
1406 3575 1600 3662 Bavariae
1612 3587 1651 3661 et
1664 3577 1787 3664 filium

374 3706 457 3818 ejus
473 3709 653 3796 Ottonem
667 3711 715 3794 de
728 3711 840 3796 bonis
852 3711 1016 3795 fratrum
1031 3709 1176 3794 Alrami
1190 3719 1228 3793 et
1242 3709 1386 3794 Alberti
1399 3709 1447 3794 de
1459 3707 1553 3794 Hals
1568 3736 1646 3800 ase
1658 3739 1786 3798 coram

374 3867 464 3952 rege
472 3841 703 3953 judicialiter
716 3846 912 3955 acquisitis
930 3845 1096 3929 investit.

453 4031 622 4110 (linerat.
637 4047 687 4110 ap.
702 4031 802 4108 Lare,
817 4033 928 4116 asper.
940 4035 1034 4109 aaa„
1047 4040 1072 4096 t.
1087 4035 1128 4110 11,
1143 4051 1173 4114 p.
1192 4032 1273 4117 170.)

424 4189 540 4263 Testes
560 4189 665 4285 hujus
683 4191 734 4264 rei
753 4200 835 4264 sunt
857 4192 1059 4290 liudolphus
1086 4194 1260 4291 palatinus
1283 4194 1329 4268 de
1347 4193 1547 4290 itihingen,
1570 4195 1786 4273 Hermannus

375 4310 529 4384 marchio
552 4311 597 4385 de
619 4312 756 4406 Badeo,
782 4314 965 4389 Conradus
997 4316 1208 4410 burgravius
1231 4315 1278 4392 de
1298 4317 1530 4413 Nuremberg,
1553 4320 1787 4396 Hartmannos

375 4454 489 4508 comes
506 4433 552 4508 de
566 4435 738 4531 Dillingen
755 4445 790 4511 et
802 4437 862 4511 alii
879 4441 1115 4536 quamplures.

421 4561 547 4632 Datum
570 4560 666 4658 apud
692 4563 876 4660 Euelingeu
901 4561 916 4662 (
940 4563 967 4662 ).
1003 4619 1782 4645 ....................

412 4812 448 4889 (l)
465 4813 566 4876 llodem
582 4823 704 4894 tempore
720 4817 792 4878 idam
807 4820 953 4896 episcopus
969 4820 1095 4880 eumdem
1116 4821 1214 4882 ducem
1234 4823 1372 4885 investivit
1388 4825 1423 4884 de
1440 4823 1520 4885 bouis
1535 4826 1671 4902 quondum
1686 4827 1790 4888 ilberti
