<?xml version="1.0" encoding="UTF-8"?>
<!DOCTYPE html PUBLIC "-//W3C//DTD XHTML 1.0 Transitional//EN"
    "http://www.w3.org/TR/xhtml1/DTD/xhtml1-transitional.dtd">
<html xmlns="http://www.w3.org/1999/xhtml" xml:lang="en" lang="en">
 <head>
  <title>
</title>
<meta http-equiv="Content-Type" content="text/html;charset=utf-8" />
  <meta name='ocr-system' content='tesseract 3.04.00' />
  <meta name='ocr-capabilities' content='ocr_page ocr_carea ocr_par ocr_line ocrx_word'/>
</head>
<body>
  <div class='ocr_page' id='page_1' title='image "./historiadiploma03fredgoog/historiadiploma03fredgoog_0180.png"; bbox 0 0 4658 6132; ppageno 0'>
   <div class='ocr_carea' id='block_1_1' title="bbox 331 675 1298 766">
    <p class='ocr_par' dir='ltr' id='par_1_1' title="bbox 331 675 1298 766">
     <span class='ocr_line' id='line_1_1' title="bbox 331 675 1298 766; baseline -0.007 -22"><span class='ocrx_word' id='word_1_1' title='bbox 331 685 429 748; x_wconf 76' lang='lat' dir='ltr'>lunam.</span> <span class='ocrx_word' id='word_1_2' title='bbox 445 681 492 762; x_wconf 83' lang='grc'>3.]</span> <span class='ocrx_word' id='word_1_3' title='bbox 736 739 744 748; x_wconf 90' lang='grc'><strong>.</strong></span> <span class='ocrx_word' id='word_1_4' title='bbox 786 680 982 744; x_wconf 76' lang='lat' dir='ltr'>HISTORIA</span> <span class='ocrx_word' id='word_1_5' title='bbox 1006 675 1298 766; x_wconf 75' lang='lat' dir='ltr'>olrnouarlce.</span> 
     </span>
    </p>
   </div>
   <div class='ocr_carea' id='block_1_2' title="bbox 331 1211 1945 2017">
    <p class='ocr_par' dir='ltr' id='par_1_2' title="bbox 331 1211 1945 2017">
     <span class='ocr_line' id='line_1_2' title="bbox 385 1211 1945 1329; baseline -0.005 -25"><span class='ocrx_word' id='word_1_6' title='bbox 385 1217 590 1329; x_wconf 84' lang='lat' dir='ltr'>Gregorius</span> <span class='ocrx_word' id='word_1_7' title='bbox 607 1242 708 1327; x_wconf 87' lang='lat' dir='ltr'>papa</span> <span class='ocrx_word' id='word_1_8' title='bbox 723 1215 932 1302; x_wconf 83' lang='lat' dir='ltr'>rectoribus</span> <span class='ocrx_word' id='word_1_9' title='bbox 945 1216 1131 1301; x_wconf 82' lang='lat' dir='ltr'>societatis</span> <span class='ocrx_word' id='word_1_10' title='bbox 1144 1213 1394 1299; x_wconf 84' lang='lat' dir='ltr'>bombardiae</span> <span class='ocrx_word' id='word_1_11' title='bbox 1407 1211 1590 1322; x_wconf 84' lang='lat' dir='ltr'>scriptum</span> <span class='ocrx_word' id='word_1_12' title='bbox 1605 1211 1739 1322; x_wconf 92' lang='lat' dir='ltr'>quod-</span> <span class='ocrx_word' id='word_1_13' title='bbox 1767 1225 1945 1328; x_wconf 48' lang='lat' dir='ltr'>middin</span> 
     </span>
     <span class='ocr_line' id='line_1_3' title="bbox 332 1343 1740 1459; baseline -0.003 -27"><span class='ocrx_word' id='word_1_14' title='bbox 332 1351 422 1434; x_wconf 90' lang='lat' dir='ltr'>dam</span> <span class='ocrx_word' id='word_1_15' title='bbox 439 1375 463 1432; x_wconf 91' lang='lat' dir='ltr'>a</span> <span class='ocrx_word' id='word_1_16' title='bbox 480 1349 669 1432; x_wconf 86' lang='lat' dir='ltr'>Friderioo</span> <span class='ocrx_word' id='word_1_17' title='bbox 687 1349 947 1434; x_wconf 88' lang='lat' dir='ltr'>Romanorum</span> <span class='ocrx_word' id='word_1_18' title='bbox 964 1349 1192 1459; x_wconf 79' lang='lat' dir='ltr'><strong>imperatore</strong></span> <span class='ocrx_word' id='word_1_19' title='bbox 1204 1348 1252 1430; x_wconf 93' lang='lat' dir='ltr'>de</span> <span class='ocrx_word' id='word_1_20' title='bbox 1272 1355 1435 1430; x_wconf 87' lang='lat' dir='ltr'>tractatu</span> <span class='ocrx_word' id='word_1_21' title='bbox 1456 1345 1561 1455; x_wconf 80' lang='lat' dir='ltr'><strong>pacis</strong></span> <span class='ocrx_word' id='word_1_22' title='bbox 1573 1343 1740 1428; x_wconf 90' lang='lat' dir='ltr'>ineundo</span> 
     </span>
     <span class='ocr_line' id='line_1_4' title="bbox 332 1477 1741 1593; baseline -0.003 -29"><span class='ocrx_word' id='word_1_23' title='bbox 332 1480 405 1566; x_wconf 89' lang='lat' dir='ltr'>sibi</span> <span class='ocrx_word' id='word_1_24' title='bbox 420 1481 652 1566; x_wconf 88' lang='lat' dir='ltr'>destinatum</span> <span class='ocrx_word' id='word_1_25' title='bbox 669 1481 805 1590; x_wconf 89' lang='lat' dir='ltr'>mittit,</span> <span class='ocrx_word' id='word_1_26' title='bbox 819 1491 864 1568; x_wconf 92' lang='lat' dir='ltr'>ut</span> <span class='ocrx_word' id='word_1_27' title='bbox 875 1482 1046 1593; x_wconf 86' lang='lat' dir='ltr'>ipsorum</span> <span class='ocrx_word' id='word_1_28' title='bbox 1062 1480 1251 1564; x_wconf 86' lang='lat' dir='ltr'>intellecto</span> <span class='ocrx_word' id='word_1_29' title='bbox 1268 1479 1426 1564; x_wconf 88' lang='lat' dir='ltr'>consilio</span> <span class='ocrx_word' id='word_1_30' title='bbox 1443 1477 1623 1588; x_wconf 90' lang='lat' dir='ltr'>prooedat</span> <span class='ocrx_word' id='word_1_31' title='bbox 1644 1477 1741 1560; x_wconf 86' lang='lat' dir='ltr'>siout</span> 
     </span>
     <span class='ocr_line' id='line_1_5' title="bbox 331 1613 667 1724; baseline 0 -28"><span class='ocrx_word' id='word_1_32' title='bbox 331 1613 505 1724; x_wconf 85' lang='lat' dir='ltr'>expedire</span> <span class='ocrx_word' id='word_1_33' title='bbox 519 1613 667 1698; x_wconf 82' lang='lat' dir='ltr'>uiderit.</span> 
     </span>
     <span class='ocr_line' id='line_1_6' title="bbox 391 1823 1741 1922; baseline -0.001 -34"><span class='ocrx_word' id='word_1_34' title='bbox 391 1825 514 1906; x_wconf 84' lang='lat' dir='ltr'>(laedit.</span> <span class='ocrx_word' id='word_1_35' title='bbox 527 1841 566 1887; x_wconf 84' lang='lat' dir='ltr'>ex</span> <span class='ocrx_word' id='word_1_36' title='bbox 577 1825 697 1922; x_wconf 76' lang='lat' dir='ltr'>liegest.</span> <span class='ocrx_word' id='word_1_37' title='bbox 708 1825 831 1918; x_wconf 59' lang='lat' dir='ltr'>tiregor,</span> <span class='ocrx_word' id='word_1_38' title='bbox 846 1825 902 1901; x_wconf 87' lang='grc' dir='ltr'>ΙΙΙ,</span> <span class='ocrx_word' id='word_1_39' title='bbox 917 1843 989 1890; x_wconf 90' lang='lat' dir='ltr'>ann.</span> <span class='ocrx_word' id='word_1_40' title='bbox 1000 1829 1057 1908; x_wconf 87' lang='grc' dir='ltr'>ΙΙΙ,</span> <span class='ocrx_word' id='word_1_41' title='bbox 1070 1837 1104 1890; x_wconf 83' lang='lat' dir='ltr'>n⁰</span> <span class='ocrx_word' id='word_1_42' title='bbox 1118 1837 1167 1904; x_wconf 78' lang='lat' dir='ltr'>to,</span> <span class='ocrx_word' id='word_1_43' title='bbox 1183 1825 1346 1916; x_wconf 81' lang='lat' dir='ltr'>inlilbllot.</span> <span class='ocrx_word' id='word_1_44' title='bbox 1357 1826 1390 1889; x_wconf 78' lang='lat' dir='ltr'>S·</span> <span class='ocrx_word' id='word_1_45' title='bbox 1400 1827 1436 1890; x_wconf 87' lang='grc' dir='ltr'>Τ.</span> <span class='ocrx_word' id='word_1_46' title='bbox 1446 1823 1590 1904; x_wconf 87' lang='lat' dir='ltr'>Pbllllpps</span> <span class='ocrx_word' id='word_1_47' title='bbox 1600 1840 1650 1903; x_wconf 87' lang='lat' dir='ltr'>ap.</span> <span class='ocrx_word' id='word_1_48' title='bbox 1660 1824 1741 1888; x_wconf 82' lang='lat' dir='ltr'>illd·</span> 
     </span>
     <span class='ocr_line' id='line_1_7' title="bbox 450 1929 1083 2017; baseline 0.008 -24"><span class='ocrx_word' id='word_1_49' title='bbox 450 1929 563 1994; x_wconf 75' lang='lat' dir='ltr'>uanus.</span> <span class='ocrx_word' id='word_1_50' title='bbox 579 1931 653 1995; x_wconf 80' lang='lat' dir='ltr'>nou.</span> <span class='ocrx_word' id='word_1_51' title='bbox 667 1947 738 1995; x_wconf 77' lang='lat' dir='ltr'>eum</span> <span class='ocrx_word' id='word_1_52' title='bbox 751 1933 866 1996; x_wconf 69' lang='lat' dir='ltr'>eume</span> <span class='ocrx_word' id='word_1_53' title='bbox 881 1933 960 1998; x_wconf 86' lang='lat' dir='ltr'>aur.</span> <span class='ocrx_word' id='word_1_54' title='bbox 974 1935 1083 2017; x_wconf 79' lang='lat' dir='ltr'>rna.)</span> 
     </span>
    </p>
   </div>
   <div class='ocr_carea' id='block_1_3' title="bbox 331 2114 1742 3822">
    <p class='ocr_par' dir='ltr' id='par_1_3' title="bbox 331 2114 1742 3672">
     <span class='ocr_line' id='line_1_8' title="bbox 381 2114 1742 2212; baseline -0.001 -23"><span class='ocrx_word' id='word_1_55' title='bbox 381 2114 583 2212; x_wconf 81' lang='lat' dir='ltr'>Gregorius,</span> <span class='ocrx_word' id='word_1_56' title='bbox 609 2125 699 2210; x_wconf 78' lang='lat' dir='ltr'>ate,</span> <span class='ocrx_word' id='word_1_57' title='bbox 723 2117 915 2192; x_wconf 87' lang='lat' dir='ltr'>rectoribus</span> <span class='ocrx_word' id='word_1_58' title='bbox 938 2115 1111 2190; x_wconf 86' lang='lat' dir='ltr'>societatis</span> <span class='ocrx_word' id='word_1_59' title='bbox 1131 2115 1353 2209; x_wconf 89' lang='lat' dir='ltr'>Lombardie,</span> <span class='ocrx_word' id='word_1_60' title='bbox 1378 2126 1444 2190; x_wconf 89' lang='lat' dir='ltr'>eto.</span> <span class='ocrx_word' id='word_1_61' title='bbox 1470 2117 1559 2212; x_wconf 89' lang='lat' dir='ltr'>Sepe</span> <span class='ocrx_word' id='word_1_62' title='bbox 1582 2137 1603 2188; x_wconf 92' lang='lat' dir='ltr'>a</span> <span class='ocrx_word' id='word_1_63' title='bbox 1624 2114 1742 2188; x_wconf 85' lang='lat' dir='ltr'>Fride-</span> 
     </span>
     <span class='ocr_line' id='line_1_9' title="bbox 333 2237 1742 2338; baseline 0.001 -26"><span class='ocrx_word' id='word_1_64' title='bbox 333 2239 404 2314; x_wconf 90' lang='lat' dir='ltr'>rioo</span> <span class='ocrx_word' id='word_1_65' title='bbox 429 2239 523 2316; x_wconf 90' lang='lat' dir='ltr'>dicto</span> <span class='ocrx_word' id='word_1_66' title='bbox 551 2241 756 2338; x_wconf 80' lang='lat' dir='ltr'>imperatore</span> <span class='ocrx_word' id='word_1_67' title='bbox 786 2265 868 2315; x_wconf 88' lang='lat' dir='ltr'>oum</span> <span class='ocrx_word' id='word_1_68' title='bbox 901 2241 1064 2316; x_wconf 83' lang='lat' dir='ltr'>instantia</span> <span class='ocrx_word' id='word_1_69' title='bbox 1091 2241 1249 2337; x_wconf 86' lang='lat' dir='ltr'>requisiti</span> <span class='ocrx_word' id='word_1_70' title='bbox 1283 2249 1323 2314; x_wconf 93' lang='lat' dir='ltr'>ut</span> <span class='ocrx_word' id='word_1_71' title='bbox 1347 2240 1554 2338; x_wconf 87' lang='lat' dir='ltr'>recipiamus</span> <span class='ocrx_word' id='word_1_72' title='bbox 1584 2261 1664 2314; x_wconf 90' lang='lat' dir='ltr'>eum</span> <span class='ocrx_word' id='word_1_73' title='bbox 1695 2237 1742 2314; x_wconf 90' lang='lat' dir='ltr'>ad</span> 
     </span>
     <span class='ocr_line' id='line_1_10' title="bbox 332 2365 1741 2463; baseline -0.001 -25"><span class='ocrx_word' id='word_1_74' title='bbox 332 2365 534 2440; x_wconf 90' lang='lat' dir='ltr'>mandatum</span> <span class='ocrx_word' id='word_1_75' title='bbox 563 2366 717 2440; x_wconf 86' lang='lat' dir='ltr'>Ecclesia</span> <span class='ocrx_word' id='word_1_76' title='bbox 741 2366 857 2441; x_wconf 86' lang='lat' dir='ltr'>redire</span> <span class='ocrx_word' id='word_1_77' title='bbox 884 2375 1060 2463; x_wconf 89' lang='lat' dir='ltr'>paratum,</span> <span class='ocrx_word' id='word_1_78' title='bbox 1087 2365 1266 2462; x_wconf 82' lang='lat' dir='ltr'>quoddam</span> <span class='ocrx_word' id='word_1_79' title='bbox 1291 2365 1458 2461; x_wconf 86' lang='lat' dir='ltr'>scriptum</span> <span class='ocrx_word' id='word_1_80' title='bbox 1483 2385 1529 2437; x_wconf 87' lang='lat' dir='ltr'>ex</span> <span class='ocrx_word' id='word_1_81' title='bbox 1555 2373 1651 2460; x_wconf 88' lang='lat' dir='ltr'>parte</span> <span class='ocrx_word' id='word_1_82' title='bbox 1676 2386 1741 2437; x_wconf 93' lang='lat' dir='ltr'>sua</span> 
     </span>
     <span class='ocr_line' id='line_1_11' title="bbox 332 2487 1741 2584; baseline 0.002 -25"><span class='ocrx_word' id='word_1_83' title='bbox 332 2487 433 2561; x_wconf 91' lang='lat' dir='ltr'>nobis</span> <span class='ocrx_word' id='word_1_84' title='bbox 455 2488 610 2562; x_wconf 90' lang='lat' dir='ltr'>oblatum</span> <span class='ocrx_word' id='word_1_85' title='bbox 633 2488 852 2584; x_wconf 88' lang='lat' dir='ltr'>inspeximus</span> <span class='ocrx_word' id='word_1_86' title='bbox 869 2489 1068 2584; x_wconf 61' lang='lat' dir='ltr'>diligentem</span> <span class='ocrx_word' id='word_1_87' title='bbox 1086 2489 1221 2584; x_wconf 84' lang='lat' dir='ltr'>etquis</span> <span class='ocrx_word' id='word_1_88' title='bbox 1242 2488 1288 2563; x_wconf 89' lang='lat' dir='ltr'>de</span> <span class='ocrx_word' id='word_1_89' title='bbox 1312 2487 1383 2562; x_wconf 89' lang='lat' dir='ltr'>lide</span> <span class='ocrx_word' id='word_1_90' title='bbox 1404 2511 1446 2562; x_wconf 89' lang='lat' dir='ltr'>ao</span> <span class='ocrx_word' id='word_1_91' title='bbox 1467 2487 1651 2562; x_wconf 88' lang='lat' dir='ltr'>devotione</span> <span class='ocrx_word' id='word_1_92' title='bbox 1664 2509 1741 2562; x_wconf 88' lang='lat' dir='ltr'>vee-</span> 
     </span>
     <span class='ocr_line' id='line_1_12' title="bbox 332 2610 1740 2708; baseline 0.003 -28"><span class='ocrx_word' id='word_1_93' title='bbox 332 2621 384 2684; x_wconf 89' lang='lat' dir='ltr'>tm</span> <span class='ocrx_word' id='word_1_94' title='bbox 405 2610 636 2686; x_wconf 91' lang='lat' dir='ltr'>indubitatam</span> <span class='ocrx_word' id='word_1_95' title='bbox 654 2610 818 2686; x_wconf 86' lang='lat' dir='ltr'>fiduciam</span> <span class='ocrx_word' id='word_1_96' title='bbox 839 2612 1052 2706; x_wconf 83' lang='lat' dir='ltr'>obtinentes,</span> <span class='ocrx_word' id='word_1_97' title='bbox 1071 2635 1136 2686; x_wconf 89' lang='lat' dir='ltr'>vos</span> <span class='ocrx_word' id='word_1_98' title='bbox 1157 2612 1369 2686; x_wconf 88' lang='lat' dir='ltr'>intendimus</span> <span class='ocrx_word' id='word_1_99' title='bbox 1388 2621 1553 2708; x_wconf 88' lang='lat' dir='ltr'>tanquam</span> <span class='ocrx_word' id='word_1_100' title='bbox 1574 2611 1740 2707; x_wconf 85' lang='lat' dir='ltr'>speciales</span> 
     </span>
     <span class='ocr_line' id='line_1_13' title="bbox 332 2730 1740 2833; baseline 0.001 -29"><span class='ocrx_word' id='word_1_101' title='bbox 332 2730 419 2806; x_wconf 88' lang='lat' dir='ltr'>tilios</span> <span class='ocrx_word' id='word_1_102' title='bbox 440 2733 627 2828; x_wconf 86' lang='lat' dir='ltr'>bonoram,</span> <span class='ocrx_word' id='word_1_103' title='bbox 660 2735 828 2832; x_wconf 86' lang='lat' dir='ltr'>scriptum</span> <span class='ocrx_word' id='word_1_104' title='bbox 859 2735 975 2833; x_wconf 86' lang='lat' dir='ltr'>ipsum</span> <span class='ocrx_word' id='word_1_105' title='bbox 1002 2736 1049 2810; x_wconf 89' lang='lat' dir='ltr'>ad</span> <span class='ocrx_word' id='word_1_106' title='bbox 1077 2757 1140 2810; x_wconf 89' lang='lat' dir='ltr'>vos</span> <span class='ocrx_word' id='word_1_107' title='bbox 1169 2735 1337 2810; x_wconf 87' lang='lat' dir='ltr'>duximus</span> <span class='ocrx_word' id='word_1_108' title='bbox 1363 2732 1664 2808; x_wconf 85' lang='lat' dir='ltr'>transmittendum</span> <span class='ocrx_word' id='word_1_109' title='bbox 1699 2743 1740 2805; x_wconf 90' lang='lat' dir='ltr'>nt</span> 
     </span>
     <span class='ocr_line' id='line_1_14' title="bbox 332 2857 1739 2953; baseline 0.001 -25"><span class='ocrx_word' id='word_1_110' title='bbox 332 2865 445 2930; x_wconf 84' lang='lat' dir='ltr'>vestro</span> <span class='ocrx_word' id='word_1_111' title='bbox 466 2857 637 2932; x_wconf 85' lang='lat' dir='ltr'>intellecto</span> <span class='ocrx_word' id='word_1_112' title='bbox 659 2859 818 2952; x_wconf 88' lang='lat' dir='ltr'>oonsilio,</span> <span class='ocrx_word' id='word_1_113' title='bbox 839 2857 1033 2932; x_wconf 78' lang='lat' dir='ltr'>amandum</span> <span class='ocrx_word' id='word_1_114' title='bbox 1053 2858 1218 2932; x_wconf 86' lang='lat' dir='ltr'>honoram</span> <span class='ocrx_word' id='word_1_115' title='bbox 1237 2859 1300 2931; x_wconf 89' lang='lat' dir='ltr'>Dei</span> <span class='ocrx_word' id='word_1_116' title='bbox 1320 2866 1355 2931; x_wconf 91' lang='lat' dir='ltr'>et</span> <span class='ocrx_word' id='word_1_117' title='bbox 1372 2857 1524 2930; x_wconf 85' lang='lat' dir='ltr'>Ecclesia</span> <span class='ocrx_word' id='word_1_118' title='bbox 1548 2877 1739 2953; x_wconf 88' lang='lat' dir='ltr'>panemque</span> 
     </span>
     <span class='ocr_line' id='line_1_15' title="bbox 331 2979 1738 3080; baseline 0.001 -29"><span class='ocrx_word' id='word_1_119' title='bbox 331 3000 489 3071; x_wconf 91' lang='lat' dir='ltr'>suorum,</span> <span class='ocrx_word' id='word_1_120' title='bbox 509 2979 737 3077; x_wconf 88' lang='lat' dir='ltr'>pmeedamus</span> <span class='ocrx_word' id='word_1_121' title='bbox 754 2981 791 3054; x_wconf 96' lang='lat' dir='ltr'>in</span> <span class='ocrx_word' id='word_1_122' title='bbox 814 2985 905 3056; x_wconf 87' lang='lat' dir='ltr'>iacto</span> <span class='ocrx_word' id='word_1_123' title='bbox 923 2981 1013 3056; x_wconf 90' lang='lat' dir='ltr'>sicut</span> <span class='ocrx_word' id='word_1_124' title='bbox 1035 2982 1227 3057; x_wconf 86' lang='lat' dir='ltr'>viderimus</span> <span class='ocrx_word' id='word_1_125' title='bbox 1245 2981 1424 3080; x_wconf 84' lang='lat' dir='ltr'>expedire.</span> <span class='ocrx_word' id='word_1_126' title='bbox 1439 2981 1592 3078; x_wconf 87' lang='lat' dir='ltr'>ideoque</span> <span class='ocrx_word' id='word_1_127' title='bbox 1608 2980 1738 3053; x_wconf 85' lang='lat' dir='ltr'>discre-</span> 
     </span>
     <span class='ocr_line' id='line_1_16' title="bbox 332 3101 1740 3204; baseline 0.003 -31"><span class='ocrx_word' id='word_1_128' title='bbox 332 3101 459 3176; x_wconf 84' lang='lat' dir='ltr'>tionem</span> <span class='ocrx_word' id='word_1_129' title='bbox 479 3113 631 3178; x_wconf 87' lang='lat' dir='ltr'>restram</span> <span class='ocrx_word' id='word_1_130' title='bbox 650 3126 813 3201; x_wconf 79' lang='lat' dir='ltr'>rogamus</span> <span class='ocrx_word' id='word_1_131' title='bbox 826 3115 861 3180; x_wconf 93' lang='lat' dir='ltr'>et</span> <span class='ocrx_word' id='word_1_132' title='bbox 876 3127 1057 3180; x_wconf 90' lang='lat' dir='ltr'>monemus</span> <span class='ocrx_word' id='word_1_133' title='bbox 1078 3115 1205 3180; x_wconf 81' lang='lat' dir='ltr'>attema</span> <span class='ocrx_word' id='word_1_134' title='bbox 1217 3128 1278 3202; x_wconf 89' lang='lat' dir='ltr'>per</span> <span class='ocrx_word' id='word_1_135' title='bbox 1296 3105 1481 3204; x_wconf 84' lang='lat' dir='ltr'>apostoliea</span> <span class='ocrx_word' id='word_1_136' title='bbox 1496 3104 1622 3200; x_wconf 87' lang='lat' dir='ltr'>scripta</span> <span class='ocrx_word' id='word_1_137' title='bbox 1635 3125 1740 3178; x_wconf 88' lang='lat' dir='ltr'>man·</span> 
     </span>
     <span class='ocr_line' id='line_1_17' title="bbox 332 3224 1741 3328; baseline 0.001 -29"><span class='ocrx_word' id='word_1_138' title='bbox 332 3224 454 3300; x_wconf 88' lang='lat' dir='ltr'>dantes</span> <span class='ocrx_word' id='word_1_139' title='bbox 466 3237 654 3322; x_wconf 89' lang='lat' dir='ltr'>quatenns,</span> <span class='ocrx_word' id='word_1_140' title='bbox 672 3249 714 3302; x_wconf 91' lang='lat' dir='ltr'>eo</span> <span class='ocrx_word' id='word_1_141' title='bbox 732 3229 973 3328; x_wconf 82' lang='lat' dir='ltr'>perspicaciter</span> <span class='ocrx_word' id='word_1_142' title='bbox 986 3230 1156 3304; x_wconf 85' lang='lat' dir='ltr'>intellecto</span> <span class='ocrx_word' id='word_1_143' title='bbox 1169 3231 1271 3305; x_wconf 90' lang='lat' dir='ltr'>nobis</span> <span class='ocrx_word' id='word_1_144' title='bbox 1291 3239 1446 3304; x_wconf 84' lang='lat' dir='ltr'>vestmm</span> <span class='ocrx_word' id='word_1_145' title='bbox 1459 3229 1640 3303; x_wconf 83' lang='lat' dir='ltr'>consilinm</span> <span class='ocrx_word' id='word_1_146' title='bbox 1655 3229 1741 3301; x_wconf 90' lang='lat' dir='ltr'>inti·</span> 
     </span>
     <span class='ocr_line' id='line_1_18' title="bbox 331 3349 1736 3450; baseline 0.002 -28"><span class='ocrx_word' id='word_1_147' title='bbox 331 3349 444 3442; x_wconf 89' lang='lat' dir='ltr'>metis,</span> <span class='ocrx_word' id='word_1_148' title='bbox 462 3350 581 3424; x_wconf 86' lang='lat' dir='ltr'>scituri</span> <span class='ocrx_word' id='word_1_149' title='bbox 597 3373 662 3448; x_wconf 87' lang='lat' dir='ltr'>pro</span> <span class='ocrx_word' id='word_1_150' title='bbox 676 3363 768 3427; x_wconf 85' lang='lat' dir='ltr'>nerto</span> <span class='ocrx_word' id='word_1_151' title='bbox 782 3353 878 3450; x_wconf 89' lang='lat' dir='ltr'>qnod</span> <span class='ocrx_word' id='word_1_152' title='bbox 893 3353 1046 3428; x_wconf 82' lang='lat' dir='ltr'>Ecclesia</span> <span class='ocrx_word' id='word_1_153' title='bbox 1061 3363 1171 3428; x_wconf 89' lang='lat' dir='ltr'>mater</span> <span class='ocrx_word' id='word_1_154' title='bbox 1184 3363 1299 3428; x_wconf 88' lang='lat' dir='ltr'>vestra</span> <span class='ocrx_word' id='word_1_155' title='bbox 1317 3377 1497 3450; x_wconf 91' lang='lat' dir='ltr'>nunqnam</span> <span class='ocrx_word' id='word_1_156' title='bbox 1510 3375 1575 3430; x_wconf 86' lang='lat' dir='ltr'>vos</span> <span class='ocrx_word' id='word_1_157' title='bbox 1590 3353 1736 3444; x_wconf 90' lang='lat' dir='ltr'>deseret,</span> 
     </span>
     <span class='ocr_line' id='line_1_19' title="bbox 333 3472 1739 3575; baseline 0.003 -29"><span class='ocrx_word' id='word_1_158' title='bbox 333 3472 394 3546; x_wconf 90' lang='lat' dir='ltr'>sed</span> <span class='ocrx_word' id='word_1_159' title='bbox 414 3473 451 3546; x_wconf 95' lang='lat' dir='ltr'>in</span> <span class='ocrx_word' id='word_1_160' title='bbox 474 3475 569 3548; x_wconf 92' lang='lat' dir='ltr'>omni</span> <span class='ocrx_word' id='word_1_161' title='bbox 585 3483 678 3550; x_wconf 85' lang='lat' dir='ltr'>statu</span> <span class='ocrx_word' id='word_1_162' title='bbox 700 3477 809 3574; x_wconf 87' lang='lat' dir='ltr'>quieti</span> <span class='ocrx_word' id='word_1_163' title='bbox 831 3487 865 3552; x_wconf 89' lang='lat' dir='ltr'>et</span> <span class='ocrx_word' id='word_1_164' title='bbox 880 3479 957 3575; x_wconf 87' lang='lat' dir='ltr'>paci</span> <span class='ocrx_word' id='word_1_165' title='bbox 973 3487 1107 3570; x_wconf 79' lang='lat' dir='ltr'>vestre,</span> <span class='ocrx_word' id='word_1_166' title='bbox 1128 3478 1219 3551; x_wconf 90' lang='lat' dir='ltr'>sicut</span> <span class='ocrx_word' id='word_1_167' title='bbox 1234 3499 1316 3573; x_wconf 88' lang='lat' dir='ltr'>sue,</span> <span class='ocrx_word' id='word_1_168' title='bbox 1339 3478 1493 3553; x_wconf 83' lang='lat' dir='ltr'>studebit</span> <span class='ocrx_word' id='word_1_169' title='bbox 1513 3477 1641 3552; x_wconf 87' lang='lat' dir='ltr'>utiliter</span> <span class='ocrx_word' id='word_1_170' title='bbox 1656 3497 1739 3572; x_wconf 90' lang='lat' dir='ltr'>pro-</span> 
     </span>
     <span class='ocr_line' id='line_1_20' title="bbox 332 3595 464 3672; baseline 0 -2"><span class='ocrx_word' id='word_1_171' title='bbox 332 3595 464 3672; x_wconf 76' lang='lat' dir='ltr'>videm</span> 
     </span>
    </p>

    <p class='ocr_par' dir='ltr' id='par_1_4' title="bbox 380 3719 1638 3822">
     <span class='ocr_line' id='line_1_21' title="bbox 380 3719 1638 3822; baseline 0.004 -30"><span class='ocrx_word' id='word_1_172' title='bbox 380 3719 505 3794; x_wconf 86' lang='lat' dir='ltr'>Datum</span> <span class='ocrx_word' id='word_1_173' title='bbox 521 3719 666 3814; x_wconf 85' lang='lat' dir='ltr'>Parusii,</span> <span class='ocrx_word' id='word_1_174' title='bbox 683 3721 728 3794; x_wconf 85' lang='lat' dir='ltr'>lv</span> <span class='ocrx_word' id='word_1_175' title='bbox 745 3721 825 3796; x_wconf 92' lang='lat' dir='ltr'>idus</span> <span class='ocrx_word' id='word_1_176' title='bbox 835 3723 1047 3817; x_wconf 88' lang='lat' dir='ltr'>novembris,</span> <span class='ocrx_word' id='word_1_177' title='bbox 1064 3723 1285 3822; x_wconf 84' lang='lat' dir='ltr'>pontificatus</span> <span class='ocrx_word' id='word_1_178' title='bbox 1297 3725 1404 3800; x_wconf 87' lang='lat' dir='ltr'>nostri</span> <span class='ocrx_word' id='word_1_179' title='bbox 1418 3747 1510 3800; x_wconf 91' lang='lat' dir='ltr'>anno</span> <span class='ocrx_word' id='word_1_180' title='bbox 1522 3725 1638 3799; x_wconf 80' lang='lat' dir='ltr'>tercio.</span> 
     </span>
    </p>
   </div>
   <div class='ocr_carea' id='block_1_4' title="bbox 333 4078 1741 4641">
    <p class='ocr_par' dir='ltr' id='par_1_5' title="bbox 333 4078 1741 4641">
     <span class='ocr_line' id='line_1_22' title="bbox 333 4078 1741 4160; baseline 0.005 -25"><span class='ocrx_word' id='word_1_181' title='bbox 333 4092 439 4152; x_wconf 71' lang='grc' dir='ltr'><strong>ᾳωφιο</strong></span> <span class='ocrx_word' id='word_1_182' title='bbox 456 4078 588 4153; x_wconf 78' lang='lat' dir='ltr'>reciperet</span> <span class='ocrx_word' id='word_1_183' title='bbox 605 4079 746 4140; x_wconf 82' lang='lat' dir='ltr'>admittere</span> <span class='ocrx_word' id='word_1_184' title='bbox 763 4081 915 4142; x_wconf 88' lang='lat' dir='ltr'>noluerunt.</span> <span class='ocrx_word' id='word_1_185' title='bbox 932 4083 1102 4160; x_wconf 81' lang='lat' dir='ltr'>Quapropter</span> <span class='ocrx_word' id='word_1_186' title='bbox 1115 4105 1129 4140; x_wconf 81' lang='grc' dir='ltr'>ι</span> <span class='ocrx_word' id='word_1_187' title='bbox 1142 4085 1291 4160; x_wconf 88' lang='lat' dir='ltr'>Imperator</span> <span class='ocrx_word' id='word_1_188' title='bbox 1308 4085 1343 4144; x_wconf 88' lang='lat' dir='ltr'>de</span> <span class='ocrx_word' id='word_1_189' title='bbox 1355 4085 1460 4160; x_wconf 75' lang='lat' dir='ltr'>lqmo</span> <span class='ocrx_word' id='word_1_190' title='bbox 1478 4087 1572 4145; x_wconf 90' lang='lat' dir='ltr'>Soram</span> <span class='ocrx_word' id='word_1_191' title='bbox 1582 4100 1613 4144; x_wconf 89' lang='lat' dir='ltr'>ss</span> <span class='ocrx_word' id='word_1_192' title='bbox 1628 4082 1741 4143; x_wconf 82' lang='lat' dir='ltr'>oontrrlit</span> 
     </span>
     <span class='ocr_line' id='line_1_23' title="bbox 334 4175 1740 4257; baseline 0.005 -24"><span class='ocrx_word' id='word_1_193' title='bbox 334 4189 444 4249; x_wconf 74' lang='lat' dir='ltr'>»qnam</span> <span class='ocrx_word' id='word_1_194' title='bbox 456 4175 524 4248; x_wconf 78' lang='lat' dir='ltr'>mis,</span> <span class='ocrx_word' id='word_1_195' title='bbox 541 4175 605 4235; x_wconf 86' lang='lat' dir='ltr'>linat</span> <span class='ocrx_word' id='word_1_196' title='bbox 620 4177 768 4253; x_wconf 85' lang='lat' dir='ltr'>imparem,</span> <span class='ocrx_word' id='word_1_197' title='bbox 784 4179 888 4238; x_wconf 76' lang='lat' dir='ltr'>viribsu</span> <span class='ocrx_word' id='word_1_198' title='bbox 901 4180 1061 4240; x_wconf 79' lang='lat' dir='ltr'>mmtentem</span> <span class='ocrx_word' id='word_1_199' title='bbox 1077 4181 1104 4240; x_wconf 76' lang='lat' dir='ltr'>vi</span> <span class='ocrx_word' id='word_1_200' title='bbox 1118 4183 1240 4257; x_wconf 78' lang='lat' dir='ltr'>sepult</span> <span class='ocrx_word' id='word_1_201' title='bbox 1253 4189 1342 4242; x_wconf 87' lang='lat' dir='ltr'>stante</span> <span class='ocrx_word' id='word_1_202' title='bbox 1360 4183 1412 4256; x_wconf 82' lang='lat' dir='ltr'>(se.</span> <span class='ocrx_word' id='word_1_203' title='bbox 1428 4181 1560 4256; x_wconf 67' lang='lat' dir='ltr'>amnas)</span> <span class='ocrx_word' id='word_1_204' title='bbox 1578 4180 1696 4252; x_wconf 74' lang='lat' dir='ltr'>octobri,</span> <span class='ocrx_word' id='word_1_205' title='bbox 1711 4181 1740 4240; x_wconf 91' lang='lat' dir='ltr'>in</span> 
     </span>
     <span class='ocr_line' id='line_1_24' title="bbox 334 4270 1740 4355; baseline 0.007 -26"><span class='ocrx_word' id='word_1_206' title='bbox 334 4291 348 4324; x_wconf 74' lang='lat' dir='ltr'>a</span> <span class='ocrx_word' id='word_1_207' title='bbox 361 4270 430 4330; x_wconf 84' lang='lat' dir='ltr'>laeto</span> <span class='ocrx_word' id='word_1_208' title='bbox 440 4272 621 4346; x_wconf 84' lang='lat' dir='ltr'>apostolorum</span> <span class='ocrx_word' id='word_1_209' title='bbox 638 4275 756 4336; x_wconf 86' lang='lat' dir='ltr'>Simonis</span> <span class='ocrx_word' id='word_1_210' title='bbox 768 4283 797 4336; x_wconf 87' lang='lat' dir='ltr'>at</span> <span class='ocrx_word' id='word_1_211' title='bbox 810 4277 894 4336; x_wconf 83' lang='lat' dir='ltr'>tudae</span> <span class='ocrx_word' id='word_1_212' title='bbox 907 4277 950 4352; x_wconf 75' lang='grc' dir='ltr'>(ΙΙ</span> <span class='ocrx_word' id='word_1_213' title='bbox 962 4279 1089 4354; x_wconf 64' lang='lat' dir='ltr'>octobri.</span> <span class='ocrx_word' id='word_1_214' title='bbox 1101 4280 1137 4338; x_wconf 84' lang='lat' dir='ltr'>lit</span> <span class='ocrx_word' id='word_1_215' title='bbox 1147 4280 1218 4340; x_wconf 85' lang='lat' dir='ltr'>iacta</span> <span class='ocrx_word' id='word_1_216' title='bbox 1228 4287 1271 4338; x_wconf 88' lang='lat' dir='ltr'>est</span> <span class='ocrx_word' id='word_1_217' title='bbox 1279 4281 1357 4338; x_wconf 85' lang='lat' dir='ltr'>cibus</span> <span class='ocrx_word' id='word_1_218' title='bbox 1368 4281 1446 4354; x_wconf 78' lang='lat' dir='ltr'>ignis,</span> <span class='ocrx_word' id='word_1_219' title='bbox 1458 4279 1600 4355; x_wconf 75' lang='lat' dir='ltr'>Campanis</span> <span class='ocrx_word' id='word_1_220' title='bbox 1610 4279 1740 4339; x_wconf 84' lang='lat' dir='ltr'>militibus</span> 
     </span>
     <span class='ocr_line' id='line_1_25' title="bbox 335 4365 1738 4452; baseline 0.006 -27"><span class='ocrx_word' id='word_1_221' title='bbox 335 4365 408 4440; x_wconf 79' lang='lat' dir='ltr'>»qui</span> <span class='ocrx_word' id='word_1_222' title='bbox 418 4367 453 4426; x_wconf 89' lang='lat' dir='ltr'>ad</span> <span class='ocrx_word' id='word_1_223' title='bbox 465 4369 578 4428; x_wconf 86' lang='lat' dir='ltr'>civitatis</span> <span class='ocrx_word' id='word_1_224' title='bbox 591 4371 677 4446; x_wconf 88' lang='lat' dir='ltr'>ipsius</span> <span class='ocrx_word' id='word_1_225' title='bbox 690 4371 828 4432; x_wconf 80' lang='lat' dir='ltr'>defensam</span> <span class='ocrx_word' id='word_1_226' title='bbox 841 4375 992 4448; x_wconf 79' lang='lat' dir='ltr'>congregati</span> <span class='ocrx_word' id='word_1_227' title='bbox 1008 4375 1112 4434; x_wconf 84' lang='lat' dir='ltr'>inerant</span> <span class='ocrx_word' id='word_1_228' title='bbox 1124 4378 1152 4434; x_wconf 90' lang='lat' dir='ltr'>in</span> <span class='ocrx_word' id='word_1_229' title='bbox 1168 4377 1339 4452; x_wconf 70' lang='lat' dir='ltr'>Campaniam</span> <span class='ocrx_word' id='word_1_230' title='bbox 1359 4377 1522 4452; x_wconf 78' lang='lat' dir='ltr'>tugimubm</span> <span class='ocrx_word' id='word_1_231' title='bbox 1535 4393 1584 4452; x_wconf 86' lang='lat' dir='ltr'>per</span> <span class='ocrx_word' id='word_1_232' title='bbox 1597 4384 1738 4450; x_wconf 76' lang='lat' dir='ltr'>monuna,</span> 
     </span>
     <span class='ocr_line' id='line_1_26' title="bbox 335 4463 1738 4556; baseline 0.008 -36"><span class='ocrx_word' id='word_1_233' title='bbox 335 4463 498 4556; x_wconf 73' lang='lat' dir='ltr'>snonnullis</span> <span class='ocrx_word' id='word_1_234' title='bbox 514 4467 613 4525; x_wconf 79' lang='lat' dir='ltr'>cisium</span> <span class='ocrx_word' id='word_1_235' title='bbox 632 4469 694 4543; x_wconf 79' lang='lat' dir='ltr'>igne</span> <span class='ocrx_word' id='word_1_236' title='bbox 712 4470 836 4545; x_wconf 80' lang='lat' dir='ltr'>ferroque</span> <span class='ocrx_word' id='word_1_237' title='bbox 853 4473 1000 4547; x_wconf 87' lang='lat' dir='ltr'>peremptis</span> <span class='ocrx_word' id='word_1_238' title='bbox 1003 4513 1056 4532; x_wconf 91' lang='grc'><strong>.....</strong></span> <span class='ocrx_word' id='word_1_239' title='bbox 1075 4474 1129 4532; x_wconf 83' lang='lat' dir='ltr'>llrx</span> <span class='ocrx_word' id='word_1_240' title='bbox 1141 4479 1231 4532; x_wconf 89' lang='lat' dir='ltr'>tamen</span> <span class='ocrx_word' id='word_1_241' title='bbox 1246 4473 1362 4535; x_wconf 85' lang='lat' dir='ltr'>Sorallae</span> <span class='ocrx_word' id='word_1_242' title='bbox 1373 4491 1403 4533; x_wconf 88' lang='lat' dir='ltr'>so</span> <span class='ocrx_word' id='word_1_243' title='bbox 1416 4473 1450 4534; x_wconf 87' lang='lat' dir='ltr'>ad</span> <span class='ocrx_word' id='word_1_244' title='bbox 1463 4491 1532 4551; x_wconf 88' lang='lat' dir='ltr'>opus</span> <span class='ocrx_word' id='word_1_245' title='bbox 1550 4479 1624 4534; x_wconf 84' lang='lat' dir='ltr'>tanat</span> <span class='ocrx_word' id='word_1_246' title='bbox 1638 4473 1738 4532; x_wconf 87' lang='lat' dir='ltr'>domini</span> 
     </span>
     <span class='ocr_line' id='line_1_27' title="bbox 336 4555 1040 4641; baseline 0.014 -23"><span class='ocrx_word' id='word_1_247' title='bbox 336 4576 457 4638; x_wconf 70' lang='lat' dir='ltr'>upupae.</span> <span class='ocrx_word' id='word_1_248' title='bbox 470 4565 565 4624; x_wconf 77' lang='lat' dir='ltr'>»Brea</span> <span class='ocrx_word' id='word_1_249' title='bbox 584 4581 621 4626; x_wconf 77' lang='lat' dir='ltr'>na</span> <span class='ocrx_word' id='word_1_250' title='bbox 631 4555 664 4626; x_wconf 79' lang='grc' dir='ltr'>Β.</span> <span class='ocrx_word' id='word_1_251' title='bbox 681 4567 786 4641; x_wconf 70' lang='lat' dir='ltr'>(im,</span> <span class='ocrx_word' id='word_1_252' title='bbox 800 4567 904 4630; x_wconf 72' lang='lat' dir='ltr'>olm</span> <span class='ocrx_word' id='word_1_253' title='bbox 916 4567 954 4628; x_wconf 85' lang='lat' dir='ltr'>nd</span> <span class='ocrx_word' id='word_1_254' title='bbox 964 4555 1040 4628; x_wconf 53' lang='lat' dir='ltr'>nnn(</span> 
     </span>
    </p>
   </div>
   <div class='ocr_carea' id='block_1_5' title="bbox 432 4885 488 4950">
    <p class='ocr_par' dir='ltr' id='par_1_6' title="bbox 432 4885 488 4950">
     <span class='ocr_line' id='line_1_28' title="bbox 432 4885 488 4950; baseline -0.018 0"><span class='ocrx_word' id='word_1_255' title='bbox 432 4885 488 4950; x_wconf 91' lang='lat'>111.</span> 
     </span>
    </p>
   </div>
   <div class='ocr_carea' id='block_1_6' title="bbox 0 0 2334 6132">
    <p class='ocr_par' dir='ltr' id='par_1_7' title="bbox 0 0 2334 6132">
     <span class='ocr_line' id='line_1_29' title="bbox 0 0 2334 6132; baseline 0 2"><span class='ocrx_word' id='word_1_256' title='bbox 0 0 2334 6132; x_wconf 95' lang='lat' dir='ltr'> </span> 
     </span>
    </p>
   </div>
  </div>
 </body>
</html>
