4702 6110
411 629 507 688 raia.
524 624 569 710 a]
866 621 1063 685 msromn
1088 618 1379 680 nrrnounrrcu.

463 1199 538 1284 Rex
556 1199 740 1284 Henricns
763 1201 866 1310 apud
883 1197 1185 1308 Wittenbergam
1207 1195 1269 1308 (Ρ)
1283 1223 1372 1282 cum
1405 1195 1639 1306 principibus
1658 1195 1822 1279 ordine·
1847 1219 2029 1372 offm-

410 1333 462 1416 vit
478 1342 515 1416 et
528 1333 721 1444 conjurari
733 1331 822 1416 fecit
835 1332 1051 1444 generalem
1069 1332 1279 1442 quamdam
1298 1329 1462 1415 formam
1477 1331 1595 1439 pacis.
1614 1329 1672 1412 of.
1690 1332 1822 1438 Parra,
1907 1327 2020 1382 “ml

409 1473 568 1550 Monam.
586 1467 680 1550 Ilist.
701 1475 838 1565 cerm„
856 1477 885 1550 t.
904 1465 968 1572 lV,
988 1492 1027 1576 p.
1046 1466 1123 1548 267
1140 1463 1216 1576 (1).

726 1757 954 1767 ---....—-—-—-
986 1756 1154 1766 --——-———
1174 1759 1184 1764 -
1207 1753 1605 1768 —u-a-——w

465 2057 647 2139 Henrious
663 2053 924 2140 Romanorum
937 2081 1002 2137 rex
1017 2055 1241 2138 sententiam
1257 2079 1387 2138 coram
1401 2079 1441 2136 se
1458 2053 1577 2136 latam
1590 2053 1825 2164 promulgat,
1851 2068 2031 2177 lpffip

412 2188 553 2273 scilieet
576 2191 680 2300 quod
707 2189 816 2272 nulla
841 2189 950 2299 virgo
971 2187 1030 2270 rel
1053 2188 1192 2272 mulier
1212 2185 1252 2268 in
1276 2187 1357 2270 ullo
1383 2195 1548 2298 quatuor
1576 2185 1826 2270 officiatorum

411 2323 698 2434 principalium,
717 2321 897 2433 dapiferi,
912 2323 1138 2432 pincernae,
1158 2321 1355 2407 camerarii
1369 2331 1407 2404 et
1419 2319 1662 2428 marschalci,
1682 2322 1828 2406 ratione

412 2456 654 2540 baereditatis
675 2457 875 2540 succedere
898 2457 1038 2566 possit,
1058 2458 1292 2568 mandatque
1314 2455 1626 2540 ministerialibus
1650 2455 1829 2540 ccclesiae

412 2592 452 2672 in
470 2590 735 2702 Quedlinburg
751 2599 794 2674 ut
807 2589 937 2674 nullus
954 2591 1188 2674 abbatissam
1205 2592 1254 2674 de
1278 2589 1544 2700 Quedlinburg
1559 2599 1691 2674 contra
1708 2616 1827 2701 prae-

410 2724 569 2810 libatam
586 2725 811 2810 sententiam
827 2725 1030 2810 molestare
1042 2735 1275 2836 praesumat.

492 2969 617 3044 (Edlder.
633 2969 745 3044 Lumo,
757 2967 966 3044 namatio,
977 2975 1000 3030 t.
1013 2970 1125 3044 XVIII,
1138 2985 1166 3046 p.
1184 2979 1251 3030 208.
1264 2999 1303 3014 -
1312 2969 1430 3041 Ennrn,
1443 2965 1511 3030 Cod
1526 2965 1702 3044 Ouellimb„
1713 2985 1744 3046 p.
1758 2976 1828 3048 150,

532 3092 600 3136 eum
614 3074 660 3136 tac
674 3077 770 3136 sirnllc
783 3081 814 3136 et
826 3077 931 3156 slgtllo.
942 3108 983 3122 -
996 3076 1226 3147 Smcnunnunu,
1244 3076 1327 3156 erup.
1344 3072 1500 3156 lanfran
1516 3091 1544 3154 p.
1564 3083 1633 3136 ¹167.
1653 3105 1694 3122 -
1711 3075 1828 3150 Pmn,

531 3183 660 3242 Monam
676 3183 754 3244 not.
772 3181 882 3256 omn„
899 3189 969 3244 tom.
992 3185 1049 3258 lv,
1066 3199 1097 3260 p.
1111 3183 1265 3255 278,coll.
1283 3199 1352 3244 cunr
1365 3182 1438 3244 Curi.
1455 3181 1604 3244 Guellorb.
1619 3181 1772 3254 anorh„
1785 3179 1828 3242 di·

530 3286 621 3366 plom.
635 3285 800 3365 Qucdlr‘nb„
813 3285 931 3365 lleImc,
946 3298 1015 3364 239,
1030 3299 1064 3350 n·
1078 3287 1158 3370 661.)

463 3501 629 3574 Heuricus
646 3503 709 3576 nei
731 3501 840 3598 gratia
859 3503 1089 3575 Romanorum
1101 3523 1165 3573 rex
1177 3511 1212 3575 et
1223 3523 1359 3600 semper
1372 3511 1556 3594 augustus,
1574 3501 1747 3575 universis
1761 3501 1828 3574 inr-

415 3623 502 3720 perii
520 3622 681 3700 fidelibus
698 3625 827 3722 quibus
842 3647 983 3723 presens
1000 3627 1166 3724 scriptum
1182 3626 1376 3699 exhibitum
1394 3626 1497 3698 luerit
1516 3623 1662 3722 gratiam
1676 3649 1776 3700 suam
1793 3637 1829 3702 et

416 3749 676 3822 omnebonum.
696 3749 753 3825 Aa
772 3751 929 3823 notitiam
949 3751 1191 3823 universorum
1207 3750 1366 3845 cupimus
1387 3751 1567 3845 pervenire
1585 3749 1683 3846 quod
1702 3750 1749 3825 ad
1773 3773 1826 3826 re·

453 4051 489 4124 (l)
507 4053 584 4110 llanc
594 4053 814 4112 constitutionem
829 4055 913 4115 edidit
923 4057 1009 4128 Perta,
1021 4073 1055 4114 ex
1067 4057 1160 4115 radice
1170 4055 1296 4114 biblioth.
1307 4055 1392 4114 Paris.
1408 4071 1490 4130 quem
1501 4057 1538 4114 ita
1549 4058 1637 4134 signat
1647 4061 1717 4118 5⁴78
1727 4059 1764 4129 l;
1777 4061 1828 4118 sub

416 4149 466 4205 istu
480 4155 572 4206 tamen
584 4166 695 4208 nurnero
708 4168 797 4226 neque
809 4153 837 4210 in
849 4152 975 4226 catalogo
990 4159 1154 4212 memorauit
1168 4169 1257 4229 neque
1273 4169 1289 4212 a
1303 4151 1337 4210 cl.
1350 4155 1409 4212 viro
1421 4153 1543 4212 Guerard
1558 4154 1655 4215 lrustm
1670 4159 1828 4232 requistum

416 4245 534 4306 invenire
545 4249 690 4322 potrrimus.
706 4249 786 4308 Certa
797 4251 836 4309 rei
850 4251 963 4310 scientia
974 4251 1120 4310 dcsututus
1140 4254 1175 4311 ad
1194 4252 1268 4311 hunc
1284 4253 1374 4312 locum
1390 4259 1418 4312 et
1431 4259 1540 4328 ternpus
1553 4255 1640 4314 editor
1652 4256 1724 4314 istud
1738 4257 1829 4318 dom-

414 4351 535 4402 mentum
549 4361 612 4404 cum
624 4363 730 4406 summo
740 4349 822 4408 dubio
834 4349 962 4426 reposuit,
977 4367 1007 4410 se
1020 4351 1160 4410 relerendo
1173 4351 1207 4409 ad
1219 4351 1318 4411 bellurn
1328 4358 1393 4411 tunc
1405 4351 1550 4411 conflatum
1561 4353 1631 4411 inter
1643 4353 1828 4416 coloniensem

415 4443 647 4519 archiepbcopum
659 4452 689 4502 et
701 4446 920 4520 limburgensem
929 4447 1036 4504 ducem.
1050 4449 1098 4522 (CI.
1112 4449 1237 4508 (Ionum
1247 4449 1362 4520 Conon,
1375 4451 1409 4509 ud
1420 4467 1484 4508 ann.
1499 4451 1591 4525 ⁴2³0.)
1600 4451 1668 4512 cum
1682 4461 1772 4514 autern
1785 4455 1829 4514 vel

415 4541 526 4600 mInimc
539 4543 619 4601 nobis
633 4551 737 4602 constet
751 4543 822 4602 hanc
840 4544 915 4620 pacis
925 4545 1038 4603 sormam
1051 4545 1087 4603 ab
1103 4547 1218 4605 llennco
1234 4554 1327 4606 noenu
1342 4563 1497 4620 monam,
1513 4547 1603 4606 duno
1614 4565 1687 4608 nunc
1699 4551 1828 4610 exbiben-

416 4637 479 4698 darn
500 4656 729 4716 supervacaneum
749 4641 886 4700 duximus.
908 4641 937 4700 Si
950 4643 1012 4717 quis
1024 4643 1152 4716 majorem
1170 4643 1257 4703 lucem
1275 4645 1398 4720 petierit,
1411 4645 1484 4721 apud
1500 4643 1686 4722 munaum,
1700 4649 1734 4708 ad
1747 4665 1828 4724 quum

416 4738 551 4797 civitatum
563 4739 648 4798 codex
664 4740 716 4798 istc
728 4745 851 4816 spectare
861 4740 978 4815 ridetur,
991 4741 1095 4800 lelicios
1106 4743 1194 4802 forsan
1202 4745 1332 4817 requiru.
