<?xml version="1.0" encoding="UTF-8"?>
<!DOCTYPE html PUBLIC "-//W3C//DTD XHTML 1.0 Transitional//EN"
    "http://www.w3.org/TR/xhtml1/DTD/xhtml1-transitional.dtd">
<html xmlns="http://www.w3.org/1999/xhtml" xml:lang="en" lang="en">
 <head>
  <title>
</title>
<meta http-equiv="Content-Type" content="text/html;charset=utf-8" />
  <meta name='ocr-system' content='tesseract 3.04.00' />
  <meta name='ocr-capabilities' content='ocr_page ocr_carea ocr_par ocr_line ocrx_word'/>
</head>
<body>
  <div class='ocr_page' id='page_1' title='image "./historiadiploma03fredgoog/historiadiploma03fredgoog_0391.png"; bbox 0 0 4710 6076; ppageno 0'>
   <div class='ocr_carea' id='block_1_1' title="bbox 581 603 1983 690">
    <p class='ocr_par' dir='ltr' id='par_1_1' title="bbox 581 603 1983 690">
     <span class='ocr_line' id='line_1_1' title="bbox 581 603 1983 690; baseline 0.002 -23"><span class='ocrx_word' id='word_1_1' title='bbox 581 603 640 667; x_wconf 76' lang='lat' dir='ltr'><strong>aee</strong></span> <span class='ocrx_word' id='word_1_2' title='bbox 1104 604 1275 676; x_wconf 83' lang='lat' dir='ltr'><strong>uuunrcr</strong></span> <span class='ocrx_word' id='word_1_3' title='bbox 1298 606 1464 670; x_wconf 84' lang='grc' dir='ltr'><strong>ιιιιιιιι</strong></span> <span class='ocrx_word' id='word_1_4' title='bbox 1798 605 1878 690; x_wconf 74' lang='lat' dir='ltr'><strong>[an.</strong></span> <span class='ocrx_word' id='word_1_5' title='bbox 1897 605 1983 670; x_wconf 81' lang='lat' dir='ltr'><strong>rsac</strong></span> 
     </span>
    </p>
   </div>
   <div class='ocr_carea' id='block_1_2' title="bbox 579 736 1990 4436">
    <p class='ocr_par' dir='ltr' id='par_1_2' title="bbox 580 736 1989 2682">
     <span class='ocr_line' id='line_1_2' title="bbox 580 736 1987 836; baseline 0.003 -28"><span class='ocrx_word' id='word_1_6' title='bbox 580 809 585 816; x_wconf 80' lang='grc'><strong>,</strong></span> <span class='ocrx_word' id='word_1_7' title='bbox 632 737 671 809; x_wconf 95' lang='lat' dir='ltr'><strong>ln</strong></span> <span class='ocrx_word' id='word_1_8' title='bbox 685 736 823 810; x_wconf 91' lang='lat' dir='ltr'><strong>nomine</strong></span> <span class='ocrx_word' id='word_1_9' title='bbox 843 745 960 810; x_wconf 90' lang='lat' dir='ltr'><strong>sancte</strong></span> <span class='ocrx_word' id='word_1_10' title='bbox 982 746 1017 810; x_wconf 89' lang='lat' dir='ltr'><strong>et</strong></span> <span class='ocrx_word' id='word_1_11' title='bbox 1041 737 1223 814; x_wconf 90' lang='lat' dir='ltr'><strong>individue</strong></span> <span class='ocrx_word' id='word_1_12' title='bbox 1245 741 1431 816; x_wconf 78' lang='lat' dir='ltr'><strong>Trinitatis.</strong></span> <span class='ocrx_word' id='word_1_13' title='bbox 1454 738 1579 814; x_wconf 79' lang='lat' dir='ltr'><strong>Arnen.</strong></span> <span class='ocrx_word' id='word_1_14' title='bbox 1605 738 1773 814; x_wconf 87' lang='lat' dir='ltr'><strong>llauricus</strong></span> <span class='ocrx_word' id='word_1_15' title='bbox 1794 741 1856 814; x_wconf 87' lang='lat' dir='ltr'><strong>Dei</strong></span> <span class='ocrx_word' id='word_1_16' title='bbox 1877 741 1987 836; x_wconf 78' lang='lat' dir='ltr'><strong>gratia</strong></span> 
     </span>
     <span class='ocr_line' id='line_1_3' title="bbox 584 859 1986 958; baseline 0.004 -26"><span class='ocrx_word' id='word_1_17' title='bbox 584 859 814 934; x_wconf 86' lang='lat' dir='ltr'><strong>Romanomm</strong></span> <span class='ocrx_word' id='word_1_18' title='bbox 831 881 894 934; x_wconf 86' lang='lat' dir='ltr'><strong>rex</strong></span> <span class='ocrx_word' id='word_1_19' title='bbox 915 871 949 934; x_wconf 89' lang='lat' dir='ltr'><strong>et</strong></span> <span class='ocrx_word' id='word_1_20' title='bbox 970 882 1107 957; x_wconf 89' lang='lat' dir='ltr'><strong>semper</strong></span> <span class='ocrx_word' id='word_1_21' title='bbox 1123 871 1303 958; x_wconf 77' lang='lat' dir='ltr'><strong>augustus.</strong></span> <span class='ocrx_word' id='word_1_22' title='bbox 1327 863 1478 956; x_wconf 78' lang='lat' dir='ltr'><strong>Dignum</strong></span> <span class='ocrx_word' id='word_1_23' title='bbox 1497 870 1549 936; x_wconf 91' lang='lat' dir='ltr'><strong>est</strong></span> <span class='ocrx_word' id='word_1_24' title='bbox 1566 861 1729 936; x_wconf 89' lang='lat' dir='ltr'><strong>nimirum</strong></span> <span class='ocrx_word' id='word_1_25' title='bbox 1743 871 1784 934; x_wconf 85' lang='lat' dir='ltr'><strong>et</strong></span> <span class='ocrx_word' id='word_1_26' title='bbox 1802 873 1986 938; x_wconf 74' lang='lat' dir='ltr'><strong>cenacula-¹</strong></span> 
     </span>
     <span class='ocr_line' id='line_1_4' title="bbox 581 983 1987 1079; baseline 0.004 -25"><span class='ocrx_word' id='word_1_27' title='bbox 581 1005 689 1066; x_wconf 82' lang='lat' dir='ltr'><strong>neum</strong></span> <span class='ocrx_word' id='word_1_28' title='bbox 705 983 929 1078; x_wconf 87' lang='lat' dir='ltr'><strong>possibilibus</strong></span> <span class='ocrx_word' id='word_1_29' title='bbox 948 985 1126 1077; x_wconf 77' lang='lat' dir='ltr'><strong>rogatibus</strong></span> <span class='ocrx_word' id='word_1_30' title='bbox 1145 986 1276 1078; x_wconf 81' lang='lat' dir='ltr'><strong>regiam</strong></span> <span class='ocrx_word' id='word_1_31' title='bbox 1298 986 1508 1078; x_wconf 85' lang='lat' dir='ltr'><strong>majestatem</strong></span> <span class='ocrx_word' id='word_1_32' title='bbox 1523 985 1619 1058; x_wconf 87' lang='lat' dir='ltr'><strong>omni</strong></span> <span class='ocrx_word' id='word_1_33' title='bbox 1636 992 1790 1079; x_wconf 86' lang='lat' dir='ltr'><strong>tempore</strong></span> <span class='ocrx_word' id='word_1_34' title='bbox 1801 986 1987 1062; x_wconf 83' lang='lat' dir='ltr'><strong>annuendo</strong></span> 
     </span>
     <span class='ocr_line' id='line_1_5' title="bbox 583 1107 1986 1204; baseline 0.003 -26"><span class='ocrx_word' id='word_1_35' title='bbox 583 1107 775 1202; x_wconf 77' lang='lat' dir='ltr'><strong>largissime</strong></span> <span class='ocrx_word' id='word_1_36' title='bbox 794 1107 980 1180; x_wconf 87' lang='lat' dir='ltr'><strong>subvenire</strong></span> <span class='ocrx_word' id='word_1_37' title='bbox 1010 1108 1172 1204; x_wconf 92' lang='lat' dir='ltr'><strong>ipsosque</strong></span> <span class='ocrx_word' id='word_1_38' title='bbox 1192 1109 1384 1202; x_wconf 74' lang='lat' dir='ltr'><strong>benigniter</strong></span> <span class='ocrx_word' id='word_1_39' title='bbox 1409 1108 1609 1204; x_wconf 90' lang='lat' dir='ltr'><strong>adimplere.</strong></span> <span class='ocrx_word' id='word_1_40' title='bbox 1629 1109 1770 1182; x_wconf 77' lang='lat' dir='ltr'><strong>Noverit</strong></span> <span class='ocrx_word' id='word_1_41' title='bbox 1792 1109 1900 1203; x_wconf 73' lang='lat' dir='ltr'><strong>igitur</strong></span> <span class='ocrx_word' id='word_1_42' title='bbox 1911 1129 1986 1182; x_wconf 92' lang='lat' dir='ltr'><strong>om·</strong></span> 
     </span>
     <span class='ocr_line' id='line_1_6' title="bbox 586 1229 1987 1326; baseline 0.004 -26"><span class='ocrx_word' id='word_1_43' title='bbox 586 1229 683 1302; x_wconf 89' lang='lat' dir='ltr'><strong>nium</strong></span> <span class='ocrx_word' id='word_1_44' title='bbox 702 1229 824 1302; x_wconf 84' lang='lat' dir='ltr'><strong>Christi</strong></span> <span class='ocrx_word' id='word_1_45' title='bbox 848 1231 1024 1325; x_wconf 89' lang='lat' dir='ltr'><strong>nostrique</strong></span> <span class='ocrx_word' id='word_1_46' title='bbox 1042 1231 1140 1326; x_wconf 79' lang='lat' dir='ltr'><strong>regni</strong></span> <span class='ocrx_word' id='word_1_47' title='bbox 1158 1231 1313 1306; x_wconf 86' lang='lat' dir='ltr'><strong>fidelium</strong></span> <span class='ocrx_word' id='word_1_48' title='bbox 1333 1239 1405 1304; x_wconf 90' lang='lat' dir='ltr'><strong>etas</strong></span> <span class='ocrx_word' id='word_1_49' title='bbox 1422 1241 1458 1304; x_wconf 88' lang='lat' dir='ltr'><strong>et</strong></span> <span class='ocrx_word' id='word_1_50' title='bbox 1479 1251 1680 1304; x_wconf 87' lang='lat' dir='ltr'><strong>successura</strong></span> <span class='ocrx_word' id='word_1_51' title='bbox 1696 1231 1874 1324; x_wconf 82' lang='lat' dir='ltr'><strong>posteritas</strong></span> <span class='ocrx_word' id='word_1_52' title='bbox 1889 1229 1987 1326; x_wconf 91' lang='lat' dir='ltr'><strong>quod</strong></span> 
     </span>
     <span class='ocr_line' id='line_1_7' title="bbox 586 1353 1986 1449; baseline 0 -23"><span class='ocrx_word' id='word_1_53' title='bbox 586 1375 648 1428; x_wconf 86' lang='lat' dir='ltr'><strong>uos</strong></span> <span class='ocrx_word' id='word_1_54' title='bbox 663 1353 858 1449; x_wconf 89' lang='lat' dir='ltr'><strong>principum</strong></span> <span class='ocrx_word' id='word_1_55' title='bbox 874 1375 1024 1448; x_wconf 91' lang='lat' dir='ltr'><strong>quorum</strong></span> <span class='ocrx_word' id='word_1_56' title='bbox 1037 1355 1094 1446; x_wconf 86' lang='lat' dir='ltr'><strong>jue</strong></span> <span class='ocrx_word' id='word_1_57' title='bbox 1110 1375 1284 1449; x_wconf 90' lang='lat' dir='ltr'><strong>quemque</strong></span> <span class='ocrx_word' id='word_1_58' title='bbox 1299 1355 1529 1428; x_wconf 86' lang='lat' dir='ltr'><strong>Romanorum</strong></span> <span class='ocrx_word' id='word_1_59' title='bbox 1546 1373 1663 1447; x_wconf 80' lang='lat' dir='ltr'><strong>regem</strong></span> <span class='ocrx_word' id='word_1_60' title='bbox 1674 1362 1727 1426; x_wconf 89' lang='lat' dir='ltr'><strong>est</strong></span> <span class='ocrx_word' id='word_1_61' title='bbox 1741 1353 1868 1448; x_wconf 78' lang='lat' dir='ltr'><strong>eligere</strong></span> <span class='ocrx_word' id='word_1_62' title='bbox 1881 1353 1986 1426; x_wconf 88' lang='lat' dir='ltr'><strong>beno·</strong></span> 
     </span>
     <span class='ocr_line' id='line_1_8' title="bbox 584 1477 1988 1574; baseline 0.003 -26"><span class='ocrx_word' id='word_1_63' title='bbox 584 1477 727 1574; x_wconf 87' lang='lat' dir='ltr'><strong>placito,</strong></span> <span class='ocrx_word' id='word_1_64' title='bbox 748 1477 889 1550; x_wconf 91' lang='lat' dir='ltr'><strong>oonsilio</strong></span> <span class='ocrx_word' id='word_1_65' title='bbox 907 1485 943 1549; x_wconf 91' lang='lat' dir='ltr'><strong>et</strong></span> <span class='ocrx_word' id='word_1_66' title='bbox 964 1479 1101 1569; x_wconf 84' lang='lat' dir='ltr'><strong>lavore,</strong></span> <span class='ocrx_word' id='word_1_67' title='bbox 1126 1477 1242 1551; x_wconf 90' lang='lat' dir='ltr'><strong>omnia</strong></span> <span class='ocrx_word' id='word_1_68' title='bbox 1260 1481 1360 1571; x_wconf 86' lang='lat' dir='ltr'><strong>juro,</strong></span> <span class='ocrx_word' id='word_1_69' title='bbox 1377 1477 1505 1572; x_wconf 78' lang='lat' dir='ltr'><strong>gratius</strong></span> <span class='ocrx_word' id='word_1_70' title='bbox 1526 1486 1560 1550; x_wconf 90' lang='lat' dir='ltr'><strong>et</strong></span> <span class='ocrx_word' id='word_1_71' title='bbox 1584 1477 1757 1550; x_wconf 71' lang='lat' dir='ltr'><strong>libertates</strong></span> <span class='ocrx_word' id='word_1_72' title='bbox 1778 1484 1988 1571; x_wconf 87' lang='lat' dir='ltr'><strong>cunctasque</strong></span> 
     </span>
     <span class='ocr_line' id='line_1_9' title="bbox 580 1597 1987 1696; baseline -0.005 -17"><span class='ocrx_word' id='word_1_73' title='bbox 580 1600 693 1679; x_wconf 84' lang='lat' dir='ltr'><strong>bonus</strong></span> <span class='ocrx_word' id='word_1_74' title='bbox 716 1600 985 1674; x_wconf 87' lang='lat' dir='ltr'><strong>eonsuetudines</strong></span> <span class='ocrx_word' id='word_1_75' title='bbox 1011 1601 1179 1674; x_wconf 81' lang='lat' dir='ltr'><strong>nobilium</strong></span> <span class='ocrx_word' id='word_1_76' title='bbox 1205 1609 1390 1694; x_wconf 87' lang='lat' dir='ltr'><strong>terrarum,</strong></span> <span class='ocrx_word' id='word_1_77' title='bbox 1409 1601 1539 1674; x_wconf 90' lang='lat' dir='ltr'><strong>scilicet</strong></span> <span class='ocrx_word' id='word_1_78' title='bbox 1557 1597 1695 1672; x_wconf 80' lang='lat' dir='ltr'><strong>Austris</strong></span> <span class='ocrx_word' id='word_1_79' title='bbox 1715 1607 1751 1672; x_wconf 92' lang='lat' dir='ltr'><strong>et</strong></span> <span class='ocrx_word' id='word_1_80' title='bbox 1768 1599 1902 1696; x_wconf 75' lang='lat' dir='ltr'><strong>styrie,</strong></span> <span class='ocrx_word' id='word_1_81' title='bbox 1918 1619 1987 1694; x_wconf 90' lang='lat' dir='ltr'><strong>que</strong></span> 
     </span>
     <span class='ocr_line' id='line_1_10' title="bbox 585 1723 1988 1820; baseline 0.001 -26"><span class='ocrx_word' id='word_1_82' title='bbox 585 1745 697 1818; x_wconf 93' lang='lat' dir='ltr'><strong>usque</strong></span> <span class='ocrx_word' id='word_1_83' title='bbox 722 1723 769 1796; x_wconf 88' lang='lat' dir='ltr'><strong>ad</strong></span> <span class='ocrx_word' id='word_1_84' title='bbox 796 1744 859 1796; x_wconf 92' lang='lat' dir='ltr'><strong>noa</strong></span> <span class='ocrx_word' id='word_1_85' title='bbox 886 1723 932 1796; x_wconf 89' lang='lat' dir='ltr'><strong>ab</strong></span> <span class='ocrx_word' id='word_1_86' title='bbox 954 1723 1106 1817; x_wconf 81' lang='lat' dir='ltr'><strong>antiquis</strong></span> <span class='ocrx_word' id='word_1_87' title='bbox 1134 1724 1397 1820; x_wconf 81' lang='lat' dir='ltr'><strong>imperatoribus</strong></span> <span class='ocrx_word' id='word_1_88' title='bbox 1418 1725 1718 1818; x_wconf 81' lang='lat' dir='ltr'><strong>Romanorumque</strong></span> <span class='ocrx_word' id='word_1_89' title='bbox 1744 1723 1884 1816; x_wconf 77' lang='lat' dir='ltr'><strong>regibus</strong></span> <span class='ocrx_word' id='word_1_90' title='bbox 1909 1723 1988 1817; x_wconf 91' lang='lat' dir='ltr'><strong>plo-</strong></span> 
     </span>
     <span class='ocr_line' id='line_1_11' title="bbox 584 1845 1987 1942; baseline 0 -24"><span class='ocrx_word' id='word_1_91' title='bbox 584 1847 679 1920; x_wconf 87' lang='lat' dir='ltr'><strong>uarie</strong></span> <span class='ocrx_word' id='word_1_92' title='bbox 701 1847 932 1932; x_wconf 90' lang='lat' dir='ltr'><strong>devenerunt,</strong></span> <span class='ocrx_word' id='word_1_93' title='bbox 957 1847 1152 1942; x_wconf 89' lang='lat' dir='ltr'><strong>dequibus</strong></span> <span class='ocrx_word' id='word_1_94' title='bbox 1177 1849 1281 1922; x_wconf 88' lang='lat' dir='ltr'><strong>etiam</strong></span> <span class='ocrx_word' id='word_1_95' title='bbox 1304 1849 1368 1922; x_wconf 89' lang='lat' dir='ltr'><strong>rite</strong></span> <span class='ocrx_word' id='word_1_96' title='bbox 1388 1857 1423 1922; x_wconf 90' lang='lat' dir='ltr'><strong>et</strong></span> <span class='ocrx_word' id='word_1_97' title='bbox 1444 1848 1690 1922; x_wconf 84' lang='lat' dir='ltr'><strong>rationabiliter</strong></span> <span class='ocrx_word' id='word_1_98' title='bbox 1710 1855 1824 1920; x_wconf 87' lang='lat' dir='ltr'><strong>noster</strong></span> <span class='ocrx_word' id='word_1_99' title='bbox 1842 1855 1877 1920; x_wconf 86' lang='lat' dir='ltr'><strong>et</strong></span> <span class='ocrx_word' id='word_1_100' title='bbox 1898 1845 1987 1918; x_wconf 88' lang='lat' dir='ltr'><strong>sacri</strong></span> 
     </span>
     <span class='ocr_line' id='line_1_12' title="bbox 583 1969 1987 2067; baseline 0.001 -27"><span class='ocrx_word' id='word_1_101' title='bbox 583 1971 681 2064; x_wconf 79' lang='lat' dir='ltr'><strong>regni</strong></span> <span class='ocrx_word' id='word_1_102' title='bbox 695 1969 842 2043; x_wconf 86' lang='lat' dir='ltr'><strong>dilectus</strong></span> <span class='ocrx_word' id='word_1_103' title='bbox 857 1971 1051 2065; x_wconf 89' lang='lat' dir='ltr'><strong>Leopoldus</strong></span> <span class='ocrx_word' id='word_1_104' title='bbox 1063 1970 1140 2043; x_wconf 83' lang='lat' dir='ltr'><strong>dux</strong></span> <span class='ocrx_word' id='word_1_105' title='bbox 1157 1969 1295 2044; x_wconf 77' lang='lat' dir='ltr'><strong>Auauie</strong></span> <span class='ocrx_word' id='word_1_106' title='bbox 1317 1981 1352 2044; x_wconf 92' lang='lat' dir='ltr'><strong>et</strong></span> <span class='ocrx_word' id='word_1_107' title='bbox 1373 1971 1483 2067; x_wconf 77' lang='lat' dir='ltr'><strong>Styrie</strong></span> <span class='ocrx_word' id='word_1_108' title='bbox 1504 1971 1722 2066; x_wconf 89' lang='lat' dir='ltr'><strong>antiquorum</strong></span> <span class='ocrx_word' id='word_1_109' title='bbox 1743 1969 1987 2065; x_wconf 88' lang='lat' dir='ltr'><strong>imperatorum</strong></span> 
     </span>
     <span class='ocr_line' id='line_1_13' title="bbox 582 2091 1988 2188; baseline -0.001 -23"><span class='ocrx_word' id='word_1_110' title='bbox 582 2092 881 2186; x_wconf 84' lang='lat' dir='ltr'><strong>Romanorumque</strong></span> <span class='ocrx_word' id='word_1_111' title='bbox 899 2113 1020 2187; x_wconf 81' lang='lat' dir='ltr'><strong>regum</strong></span> <span class='ocrx_word' id='word_1_112' title='bbox 1042 2093 1179 2186; x_wconf 86' lang='lat' dir='ltr'><strong>litteris,</strong></span> <span class='ocrx_word' id='word_1_113' title='bbox 1200 2116 1288 2188; x_wconf 87' lang='lat' dir='ltr'><strong>quas</strong></span> <span class='ocrx_word' id='word_1_114' title='bbox 1302 2093 1584 2168; x_wconf 88' lang='lat' dir='ltr'><strong>certitudinaliter</strong></span> <span class='ocrx_word' id='word_1_115' title='bbox 1596 2093 1726 2167; x_wconf 87' lang='lat' dir='ltr'><strong>lesione</strong></span> <span class='ocrx_word' id='word_1_116' title='bbox 1738 2091 1892 2187; x_wconf 86' lang='lat' dir='ltr'><strong>qualibet</strong></span> <span class='ocrx_word' id='word_1_117' title='bbox 1907 2111 1988 2187; x_wconf 85' lang='lat' dir='ltr'><strong>pro-</strong></span> 
     </span>
     <span class='ocr_line' id='line_1_14' title="bbox 585 2213 1988 2316; baseline 0 -28"><span class='ocrx_word' id='word_1_118' title='bbox 585 2216 717 2288; x_wconf 84' lang='lat' dir='ltr'><strong>culcata</strong></span> <span class='ocrx_word' id='word_1_119' title='bbox 741 2215 915 2307; x_wconf 89' lang='lat' dir='ltr'><strong>vidimus,</strong></span> <span class='ocrx_word' id='word_1_120' title='bbox 941 2216 1079 2311; x_wconf 91' lang='lat' dir='ltr'><strong>plenius</strong></span> <span class='ocrx_word' id='word_1_121' title='bbox 1103 2237 1167 2290; x_wconf 91' lang='lat' dir='ltr'><strong>noe</strong></span> <span class='ocrx_word' id='word_1_122' title='bbox 1190 2217 1354 2291; x_wconf 83' lang='lat' dir='ltr'><strong>iustruxit</strong></span> <span class='ocrx_word' id='word_1_123' title='bbox 1371 2216 1440 2316; x_wconf 84' lang='lat' dir='ltr'><strong>(a);</strong></span> <span class='ocrx_word' id='word_1_124' title='bbox 1466 2227 1600 2292; x_wconf 90' lang='lat' dir='ltr'><strong>etcum</strong></span> <span class='ocrx_word' id='word_1_125' title='bbox 1624 2215 1743 2290; x_wconf 84' lang='lat' dir='ltr'><strong>divine</strong></span> <span class='ocrx_word' id='word_1_126' title='bbox 1763 2215 1874 2309; x_wconf 79' lang='lat' dir='ltr'><strong>gratia</strong></span> <span class='ocrx_word' id='word_1_127' title='bbox 1892 2213 1988 2306; x_wconf 78' lang='lat' dir='ltr'><strong>regio</strong></span> 
     </span>
     <span class='ocr_line' id='line_1_15' title="bbox 584 2336 1988 2438; baseline 0.001 -30"><span class='ocrx_word' id='word_1_128' title='bbox 584 2337 829 2434; x_wconf 81' lang='lat' dir='ltr'><strong>perfectissime</strong></span> <span class='ocrx_word' id='word_1_129' title='bbox 852 2337 1061 2434; x_wconf 80' lang='lat' dir='ltr'><strong>perfruimur</strong></span> <span class='ocrx_word' id='word_1_130' title='bbox 1084 2348 1270 2436; x_wconf 88' lang='lat' dir='ltr'><strong>potestate,</strong></span> <span class='ocrx_word' id='word_1_131' title='bbox 1293 2341 1412 2438; x_wconf 92' lang='lat' dir='ltr'><strong>procul</strong></span> <span class='ocrx_word' id='word_1_132' title='bbox 1436 2340 1544 2422; x_wconf 87' lang='lat' dir='ltr'><strong>dubio</strong></span> <span class='ocrx_word' id='word_1_133' title='bbox 1560 2349 1713 2413; x_wconf 88' lang='lat' dir='ltr'><strong>nostrum</strong></span> <span class='ocrx_word' id='word_1_134' title='bbox 1728 2339 1878 2434; x_wconf 77' lang='lat' dir='ltr'><strong>regalem</strong></span> <span class='ocrx_word' id='word_1_135' title='bbox 1899 2336 1988 2410; x_wconf 90' lang='lat' dir='ltr'><strong>bene</strong></span> 
     </span>
     <span class='ocr_line' id='line_1_16' title="bbox 585 2461 1989 2562; baseline -0.003 -26"><span class='ocrx_word' id='word_1_136' title='bbox 585 2461 750 2536; x_wconf 90' lang='lat' dir='ltr'><strong>condecet</strong></span> <span class='ocrx_word' id='word_1_137' title='bbox 777 2462 967 2558; x_wconf 76' lang='lat' dir='ltr'><strong>largitatem</strong></span> <span class='ocrx_word' id='word_1_138' title='bbox 998 2472 1038 2534; x_wconf 91' lang='lat' dir='ltr'><strong>ut</strong></span> <span class='ocrx_word' id='word_1_139' title='bbox 1064 2472 1198 2537; x_wconf 87' lang='lat' dir='ltr'><strong>nostros</strong></span> <span class='ocrx_word' id='word_1_140' title='bbox 1222 2473 1256 2537; x_wconf 93' lang='lat' dir='ltr'><strong>et</strong></span> <span class='ocrx_word' id='word_1_141' title='bbox 1284 2464 1373 2538; x_wconf 89' lang='lat' dir='ltr'><strong>sacri</strong></span> <span class='ocrx_word' id='word_1_142' title='bbox 1399 2463 1497 2558; x_wconf 77' lang='lat' dir='ltr'><strong>regui</strong></span> <span class='ocrx_word' id='word_1_143' title='bbox 1525 2463 1697 2558; x_wconf 88' lang='lat' dir='ltr'><strong>principes</strong></span> <span class='ocrx_word' id='word_1_144' title='bbox 1720 2461 1989 2562; x_wconf 85' lang='lat' dir='ltr'><strong>eorumdemquo</strong></span> 
     </span>
     <span class='ocr_line' id='line_1_17' title="bbox 584 2584 1989 2723; baseline -0.002 -64"><span class='ocrx_word' id='word_1_145' title='bbox 584 2595 689 2659; x_wconf 87' lang='lat' dir='ltr'><strong>terras</strong></span> <span class='ocrx_word' id='word_1_146' title='bbox 699 2586 835 2679; x_wconf 89' lang='lat' dir='ltr'><strong>juribus</strong></span> <span class='ocrx_word' id='word_1_147' title='bbox 853 2593 888 2658; x_wconf 89' lang='lat' dir='ltr'><strong>et</strong></span> <span class='ocrx_word' id='word_1_148' title='bbox 902 2586 1021 2680; x_wconf 80' lang='lat' dir='ltr'><strong>gratiis</strong></span> <span class='ocrx_word' id='word_1_149' title='bbox 1037 2587 1244 2682; x_wconf 88' lang='lat' dir='ltr'><strong>specialibus</strong></span> <span class='ocrx_word' id='word_1_150' title='bbox 1260 2587 1497 2660; x_wconf 88' lang='lat' dir='ltr'><strong>sublimamus.</strong></span> <span class='ocrx_word' id='word_1_151' title='bbox 1514 2587 1684 2681; x_wconf 76' lang='lat' dir='ltr'><strong>liquibus</strong></span> <span class='ocrx_word' id='word_1_152' title='bbox 1700 2584 1925 2723; x_wconf 83' lang='lat' dir='ltr'><strong>specialiter</strong></span> <span class='ocrx_word' id='word_1_153' title='bbox 1906 2604 1989 2658; x_wconf 86' lang='lat' dir='ltr'><strong>ma·</strong></span> 
     </span>
    </p>

    <p class='ocr_par' dir='ltr' id='par_1_3' title="bbox 583 2705 1989 2929">
     <span class='ocr_line' id='line_1_18' title="bbox 583 2705 1989 2804; baseline -0.001 -24"><span class='ocrx_word' id='word_1_154' title='bbox 583 2707 749 2802; x_wconf 77' lang='lat' dir='ltr'><strong>guilicum</strong></span> <span class='ocrx_word' id='word_1_155' title='bbox 766 2717 801 2781; x_wconf 90' lang='lat' dir='ltr'><strong>et</strong></span> <span class='ocrx_word' id='word_1_156' title='bbox 818 2730 915 2782; x_wconf 89' lang='lat' dir='ltr'><strong>sacro</strong></span> <span class='ocrx_word' id='word_1_157' title='bbox 937 2731 1044 2803; x_wconf 78' lang='lat' dir='ltr'><strong>regno</strong></span> <span class='ocrx_word' id='word_1_158' title='bbox 1063 2707 1302 2783; x_wconf 86' lang='lat' dir='ltr'><strong>fidelissimum</strong></span> <span class='ocrx_word' id='word_1_159' title='bbox 1325 2733 1498 2783; x_wconf 84' lang='lat' dir='ltr'><strong>summum</strong></span> <span class='ocrx_word' id='word_1_160' title='bbox 1518 2718 1672 2782; x_wconf 88' lang='lat' dir='ltr'><strong>nostrum</strong></span> <span class='ocrx_word' id='word_1_161' title='bbox 1687 2705 1875 2804; x_wconf 86' lang='lat' dir='ltr'><strong>principem</strong></span> <span class='ocrx_word' id='word_1_162' title='bbox 1895 2708 1989 2780; x_wconf 82' lang='lat' dir='ltr'><strong>leo-</strong></span> 
     </span>
     <span class='ocr_line' id='line_1_19' title="bbox 583 2797 1989 2949; baseline -0.001 -47"><span class='ocrx_word' id='word_1_163' title='bbox 583 2830 727 2926; x_wconf 92' lang='lat' dir='ltr'><strong>poldum</strong></span> <span class='ocrx_word' id='word_1_164' title='bbox 747 2830 872 2904; x_wconf 91' lang='lat' dir='ltr'><strong>ducem</strong></span> <span class='ocrx_word' id='word_1_165' title='bbox 892 2831 1030 2905; x_wconf 79' lang='lat' dir='ltr'><strong>Austri&#39;e</strong></span> <span class='ocrx_word' id='word_1_166' title='bbox 1047 2841 1082 2904; x_wconf 92' lang='lat' dir='ltr'><strong>et</strong></span> <span class='ocrx_word' id='word_1_167' title='bbox 1102 2833 1215 2929; x_wconf 85' lang='lat' dir='ltr'><strong>Styrie</strong></span> <span class='ocrx_word' id='word_1_168' title='bbox 1235 2825 1444 2928; x_wconf 82' lang='lat' dir='ltr'><strong>easdemque</strong></span> <span class='ocrx_word' id='word_1_169' title='bbox 1460 2855 1543 2905; x_wconf 89' lang='lat' dir='ltr'><strong>suas</strong></span> <span class='ocrx_word' id='word_1_170' title='bbox 1561 2839 1669 2906; x_wconf 86' lang='lat' dir='ltr'><strong>terras</strong></span> <span class='ocrx_word' id='word_1_171' title='bbox 1688 2829 1936 2949; x_wconf 83' lang='lat' dir='ltr'><strong>sequentibus</strong></span> <span class='ocrx_word' id='word_1_172' title='bbox 1923 2797 1989 2922; x_wconf 82' lang='lat' dir='ltr'><strong>Ju-</strong></span> 
     </span>
    </p>

    <p class='ocr_par' dir='ltr' id='par_1_4' title="bbox 579 2933 1990 4406">
     <span class='ocr_line' id='line_1_20' title="bbox 584 2933 1989 3058; baseline 0 -32"><span class='ocrx_word' id='word_1_173' title='bbox 584 2954 700 3046; x_wconf 91' lang='lat' dir='ltr'><strong>ribus,</strong></span> <span class='ocrx_word' id='word_1_174' title='bbox 727 2955 846 3048; x_wconf 81' lang='lat' dir='ltr'><strong>gratiis</strong></span> <span class='ocrx_word' id='word_1_175' title='bbox 872 2964 906 3028; x_wconf 92' lang='lat' dir='ltr'><strong>et</strong></span> <span class='ocrx_word' id='word_1_176' title='bbox 933 2956 1147 3029; x_wconf 84' lang='lat' dir='ltr'><strong>libertatibus</strong></span> <span class='ocrx_word' id='word_1_177' title='bbox 1170 2958 1332 3030; x_wconf 87' lang='lat' dir='ltr'><strong>volumus</strong></span> <span class='ocrx_word' id='word_1_178' title='bbox 1356 2957 1536 3029; x_wconf 90' lang='lat' dir='ltr'><strong>bonorare.</strong></span> <span class='ocrx_word' id='word_1_179' title='bbox 1560 2955 1674 3028; x_wconf 91' lang='lat' dir='ltr'><strong>Primo</strong></span> <span class='ocrx_word' id='word_1_180' title='bbox 1691 2933 1835 3048; x_wconf 80' lang='lat' dir='ltr'><strong>quod</strong></span> <span class='ocrx_word' id='word_1_181' title='bbox 1807 2976 1837 3026; x_wconf 88' lang='lat' dir='ltr'><strong>er</strong></span> <span class='ocrx_word' id='word_1_182' title='bbox 1863 2949 1989 3058; x_wconf 86' lang='lat' dir='ltr'><strong>aliquis</strong></span> 
     </span>
     <span class='ocr_line' id='line_1_21' title="bbox 585 3076 1988 3176; baseline -0.001 -27"><span class='ocrx_word' id='word_1_183' title='bbox 585 3077 688 3149; x_wconf 92' lang='lat' dir='ltr'><strong>alicui</strong></span> <span class='ocrx_word' id='word_1_184' title='bbox 711 3077 840 3150; x_wconf 92' lang='lat' dir='ltr'><strong>dueum</strong></span> <span class='ocrx_word' id='word_1_185' title='bbox 858 3076 996 3151; x_wconf 81' lang='lat' dir='ltr'><strong>Austrie</strong></span> <span class='ocrx_word' id='word_1_186' title='bbox 1016 3088 1051 3152; x_wconf 91' lang='lat' dir='ltr'><strong>et</strong></span> <span class='ocrx_word' id='word_1_187' title='bbox 1074 3080 1187 3175; x_wconf 74' lang='lat' dir='ltr'><strong>Styrie</strong></span> <span class='ocrx_word' id='word_1_188' title='bbox 1207 3099 1414 3176; x_wconf 87' lang='lat' dir='ltr'><strong>quacunque</strong></span> <span class='ocrx_word' id='word_1_189' title='bbox 1440 3087 1634 3152; x_wconf 88' lang='lat' dir='ltr'><strong>censeretur</strong></span> <span class='ocrx_word' id='word_1_190' title='bbox 1656 3077 1824 3172; x_wconf 77' lang='lat' dir='ltr'><strong>dignitate</strong></span> <span class='ocrx_word' id='word_1_191' title='bbox 1847 3081 1988 3148; x_wconf 89' lang='lat' dir='ltr'><strong>suarum</strong></span> 
     </span>
     <span class='ocr_line' id='line_1_22' title="bbox 584 3183 1989 3296; baseline 0 -24"><span class='ocrx_word' id='word_1_192' title='bbox 584 3209 749 3272; x_wconf 86' lang='lat' dir='ltr'><strong>terrarum</strong></span> <span class='ocrx_word' id='word_1_193' title='bbox 770 3201 964 3294; x_wconf 88' lang='lat' dir='ltr'><strong>provincias</strong></span> <span class='ocrx_word' id='word_1_194' title='bbox 982 3211 1017 3274; x_wconf 89' lang='lat' dir='ltr'><strong>et</strong></span> <span class='ocrx_word' id='word_1_195' title='bbox 1038 3201 1119 3274; x_wconf 87' lang='lat' dir='ltr'><strong>talia</strong></span> <span class='ocrx_word' id='word_1_196' title='bbox 1141 3210 1254 3275; x_wconf 88' lang='lat' dir='ltr'><strong>cetera</strong></span> <span class='ocrx_word' id='word_1_197' title='bbox 1269 3223 1478 3296; x_wconf 90' lang='lat' dir='ltr'><strong>quocunque</strong></span> <span class='ocrx_word' id='word_1_198' title='bbox 1501 3201 1641 3274; x_wconf 93' lang='lat' dir='ltr'><strong>nomine</strong></span> <span class='ocrx_word' id='word_1_199' title='bbox 1663 3183 1989 3295; x_wconf 81' lang='lat' dir='ltr'><strong>nuncupatione&#39;que</strong></span> 
     </span>
     <span class='ocr_line' id='line_1_23' title="bbox 586 3321 1989 3436; baseline -0.001 -41"><span class='ocrx_word' id='word_1_200' title='bbox 586 3331 789 3396; x_wconf 86' lang='lat' dir='ltr'><strong>censeantur</strong></span> <span class='ocrx_word' id='word_1_201' title='bbox 791 3345 885 3417; x_wconf 92' lang='lat' dir='ltr'><strong>,que</strong></span> <span class='ocrx_word' id='word_1_202' title='bbox 900 3333 961 3396; x_wconf 90' lang='lat' dir='ltr'><strong>aut</strong></span> <span class='ocrx_word' id='word_1_203' title='bbox 980 3347 1002 3398; x_wconf 90' lang='lat' dir='ltr'><strong>a</strong></span> <span class='ocrx_word' id='word_1_204' title='bbox 1017 3325 1125 3419; x_wconf 76' lang='lat' dir='ltr'><strong>regali</strong></span> <span class='ocrx_word' id='word_1_205' title='bbox 1143 3323 1397 3420; x_wconf 80' lang='lat' dir='ltr'><strong>magnificentia</strong></span> <span class='ocrx_word' id='word_1_206' title='bbox 1410 3347 1473 3398; x_wconf 90' lang='lat' dir='ltr'><strong>seu</strong></span> <span class='ocrx_word' id='word_1_207' title='bbox 1487 3346 1509 3397; x_wconf 89' lang='lat' dir='ltr'><strong>a</strong></span> <span class='ocrx_word' id='word_1_208' title='bbox 1523 3324 1737 3420; x_wconf 89' lang='lat' dir='ltr'><strong>principibus</strong></span> <span class='ocrx_word' id='word_1_209' title='bbox 1753 3321 1989 3436; x_wconf 83' lang='lat' dir='ltr'><strong>spiritualibus</strong></span> 
     </span>
     <span class='ocr_line' id='line_1_24' title="bbox 585 3429 1989 3546; baseline -0.001 -28"><span class='ocrx_word' id='word_1_210' title='bbox 585 3445 816 3518; x_wconf 89' lang='lat' dir='ltr'><strong>concessionis</strong></span> <span class='ocrx_word' id='word_1_211' title='bbox 837 3447 1073 3520; x_wconf 88' lang='lat' dir='ltr'><strong>collationisve</strong></span> <span class='ocrx_word' id='word_1_212' title='bbox 1096 3448 1209 3521; x_wconf 90' lang='lat' dir='ltr'><strong>officio</strong></span> <span class='ocrx_word' id='word_1_213' title='bbox 1227 3447 1442 3522; x_wconf 82' lang='lat' dir='ltr'><strong>derivaretur</strong></span> <span class='ocrx_word' id='word_1_214' title='bbox 1455 3446 1562 3543; x_wconf 78' lang='lat' dir='ltr'><strong>(ric),</strong></span> <span class='ocrx_word' id='word_1_215' title='bbox 1568 3449 1679 3543; x_wconf 78' lang='lat' dir='ltr'><strong>legare</strong></span> <span class='ocrx_word' id='word_1_216' title='bbox 1695 3447 1760 3546; x_wconf 79' lang='lat' dir='ltr'><strong>(t),</strong></span> <span class='ocrx_word' id='word_1_217' title='bbox 1773 3429 1880 3537; x_wconf 86' lang='lat' dir='ltr'><strong>dare,</strong></span> <span class='ocrx_word' id='word_1_218' title='bbox 1902 3443 1989 3518; x_wconf 88' lang='lat' dir='ltr'><strong>obli·</strong></span> 
     </span>
     <span class='ocr_line' id='line_1_25' title="bbox 585 3551 1989 3666; baseline 0 -27"><span class='ocrx_word' id='word_1_219' title='bbox 585 3589 684 3661; x_wconf 77' lang='lat' dir='ltr'><strong>gare,</strong></span> <span class='ocrx_word' id='word_1_220' title='bbox 705 3569 868 3642; x_wconf 89' lang='lat' dir='ltr'><strong>vendere·</strong></span> <span class='ocrx_word' id='word_1_221' title='bbox 881 3570 1111 3664; x_wconf 78' lang='lat' dir='ltr'><strong>contingeret,</strong></span> <span class='ocrx_word' id='word_1_222' title='bbox 1138 3571 1348 3666; x_wconf 89' lang='lat' dir='ltr'><strong>eosdemque</strong></span> <span class='ocrx_word' id='word_1_223' title='bbox 1368 3571 1567 3644; x_wconf 88' lang='lat' dir='ltr'><strong>venditores</strong></span> <span class='ocrx_word' id='word_1_224' title='bbox 1592 3571 1667 3642; x_wconf 91' lang='lat' dir='ltr'><strong>sive</strong></span> <span class='ocrx_word' id='word_1_225' title='bbox 1690 3551 1897 3662; x_wconf 77' lang='lat' dir='ltr'><strong>obligatores</strong></span> <span class='ocrx_word' id='word_1_226' title='bbox 1921 3566 1989 3640; x_wconf 90' lang='lat' dir='ltr'><strong>hu·</strong></span> 
     </span>
     <span class='ocr_line' id='line_1_26' title="bbox 580 3691 1990 3795; baseline -0.001 -33"><span class='ocrx_word' id='word_1_227' title='bbox 580 3691 733 3782; x_wconf 89' lang='lat' dir='ltr'><strong>jusmodi</strong></span> <span class='ocrx_word' id='word_1_228' title='bbox 757 3691 882 3786; x_wconf 78' lang='lat' dir='ltr'><strong>regalis</strong></span> <span class='ocrx_word' id='word_1_229' title='bbox 903 3701 1019 3766; x_wconf 87' lang='lat' dir='ltr'><strong>nostra</strong></span> <span class='ocrx_word' id='word_1_230' title='bbox 1040 3695 1206 3795; x_wconf 81' lang='lat' dir='ltr'><strong>majestas</strong></span> <span class='ocrx_word' id='word_1_231' title='bbox 1226 3715 1291 3767; x_wconf 89' lang='lat' dir='ltr'><strong>neo</strong></span> <span class='ocrx_word' id='word_1_232' title='bbox 1312 3695 1438 3789; x_wconf 87' lang='lat' dir='ltr'><strong>aliquis</strong></span> <span class='ocrx_word' id='word_1_233' title='bbox 1459 3693 1637 3766; x_wconf 93' lang='lat' dir='ltr'><strong>hominum</strong></span> <span class='ocrx_word' id='word_1_234' title='bbox 1662 3691 1856 3788; x_wconf 85' lang='lat' dir='ltr'><strong>aliqualiter</strong></span> <span class='ocrx_word' id='word_1_235' title='bbox 1877 3691 1990 3764; x_wconf 90' lang='lat' dir='ltr'><strong>valeat</strong></span> 
     </span>
     <span class='ocr_line' id='line_1_27' title="bbox 584 3814 1989 3912; baseline 0.001 -29"><span class='ocrx_word' id='word_1_236' title='bbox 584 3814 762 3910; x_wconf 90' lang='lat' dir='ltr'><strong>impedire.</strong></span> <span class='ocrx_word' id='word_1_237' title='bbox 781 3815 817 3887; x_wconf 93' lang='lat' dir='ltr'><strong>Si</strong></span> <span class='ocrx_word' id='word_1_238' title='bbox 832 3815 1085 3908; x_wconf 80' lang='lat' dir='ltr'><strong>autemeadem</strong></span> <span class='ocrx_word' id='word_1_239' title='bbox 1101 3817 1271 3911; x_wconf 84' lang='lat' dir='ltr'><strong>venditio,</strong></span> <span class='ocrx_word' id='word_1_240' title='bbox 1287 3818 1465 3912; x_wconf 83' lang='lat' dir='ltr'><strong>obligatio,</strong></span> <span class='ocrx_word' id='word_1_241' title='bbox 1486 3817 1593 3906; x_wconf 87' lang='lat' dir='ltr'><strong>datio,</strong></span> <span class='ocrx_word' id='word_1_242' title='bbox 1613 3817 1737 3911; x_wconf 78' lang='lat' dir='ltr'><strong>legatio</strong></span> <span class='ocrx_word' id='word_1_243' title='bbox 1750 3815 1890 3888; x_wconf 89' lang='lat' dir='ltr'><strong>evenire</strong></span> <span class='ocrx_word' id='word_1_244' title='bbox 1902 3834 1989 3886; x_wconf 91' lang='lat' dir='ltr'><strong>con·</strong></span> 
     </span>
     <span class='ocr_line' id='line_1_28' title="bbox 583 3915 1989 4034; baseline 0 -26"><span class='ocrx_word' id='word_1_245' title='bbox 583 3935 729 4031; x_wconf 81' lang='lat' dir='ltr'><strong>tingeret</strong></span> <span class='ocrx_word' id='word_1_246' title='bbox 745 3947 815 4010; x_wconf 92' lang='lat' dir='ltr'><strong>tam</strong></span> <span class='ocrx_word' id='word_1_247' title='bbox 832 3915 974 4034; x_wconf 84' lang='lat' dir='ltr'><strong>repente</strong></span> <span class='ocrx_word' id='word_1_248' title='bbox 990 3939 1085 4034; x_wconf 88' lang='lat' dir='ltr'><strong>quod</strong></span> <span class='ocrx_word' id='word_1_249' title='bbox 1102 3961 1167 4013; x_wconf 93' lang='lat' dir='ltr'><strong>nec</strong></span> <span class='ocrx_word' id='word_1_250' title='bbox 1186 3941 1282 4034; x_wconf 79' lang='lat' dir='ltr'><strong>regia</strong></span> <span class='ocrx_word' id='word_1_251' title='bbox 1302 3940 1494 4014; x_wconf 83' lang='lat' dir='ltr'><strong>sublimitas</strong></span> <span class='ocrx_word' id='word_1_252' title='bbox 1512 3961 1577 4012; x_wconf 92' lang='lat' dir='ltr'><strong>nec</strong></span> <span class='ocrx_word' id='word_1_253' title='bbox 1595 3938 1793 4032; x_wconf 88' lang='lat' dir='ltr'><strong>hujusmodi</strong></span> <span class='ocrx_word' id='word_1_254' title='bbox 1812 3937 1989 4010; x_wconf 85' lang='lat' dir='ltr'><strong>collatores</strong></span> 
     </span>
     <span class='ocr_line' id='line_1_29' title="bbox 582 4060 1988 4159; baseline 0.001 -29"><span class='ocrx_word' id='word_1_255' title='bbox 582 4069 722 4154; x_wconf 87' lang='lat' dir='ltr'><strong>possent</strong></span> <span class='ocrx_word' id='word_1_256' title='bbox 734 4060 951 4154; x_wconf 83' lang='lat' dir='ltr'><strong>aliquatenus</strong></span> <span class='ocrx_word' id='word_1_257' title='bbox 966 4061 1116 4156; x_wconf 91' lang='lat' dir='ltr'><strong>requiri,</strong></span> <span class='ocrx_word' id='word_1_258' title='bbox 1135 4063 1286 4136; x_wconf 90' lang='lat' dir='ltr'><strong>ducibus</strong></span> <span class='ocrx_word' id='word_1_259' title='bbox 1304 4062 1442 4136; x_wconf 83' lang='lat' dir='ltr'><strong>Austris</strong></span> <span class='ocrx_word' id='word_1_260' title='bbox 1457 4071 1493 4136; x_wconf 90' lang='lat' dir='ltr'><strong>et</strong></span> <span class='ocrx_word' id='word_1_261' title='bbox 1506 4062 1618 4159; x_wconf 73' lang='lat' dir='ltr'><strong>styrie</strong></span> <span class='ocrx_word' id='word_1_262' title='bbox 1634 4061 1828 4157; x_wconf 82' lang='lat' dir='ltr'><strong>predictis</strong></span> <span class='ocrx_word' id='word_1_263' title='bbox 1818 4081 1855 4132; x_wconf 93' lang='lat' dir='ltr'><strong>m</strong></span> <span class='ocrx_word' id='word_1_264' title='bbox 1869 4080 1988 4134; x_wconf 92' lang='lat' dir='ltr'><strong>eorum</strong></span> 
     </span>
     <span class='ocr_line' id='line_1_30' title="bbox 579 4181 1988 4282; baseline 0.002 -29"><span class='ocrx_word' id='word_1_265' title='bbox 579 4182 718 4274; x_wconf 84' lang='lat' dir='ltr'><strong>juribus</strong></span> <span class='ocrx_word' id='word_1_266' title='bbox 737 4183 784 4255; x_wconf 94' lang='lat' dir='ltr'><strong>ob</strong></span> <span class='ocrx_word' id='word_1_267' title='bbox 802 4181 869 4256; x_wconf 91' lang='lat' dir='ltr'><strong>boc</strong></span> <span class='ocrx_word' id='word_1_268' title='bbox 886 4185 1020 4256; x_wconf 85' lang='lat' dir='ltr'><strong>nullum</strong></span> <span class='ocrx_word' id='word_1_269' title='bbox 1042 4185 1181 4259; x_wconf 86' lang='lat' dir='ltr'><strong>eveniat</strong></span> <span class='ocrx_word' id='word_1_270' title='bbox 1204 4186 1343 4282; x_wconf 87' lang='lat' dir='ltr'><strong>penitus</strong></span> <span class='ocrx_word' id='word_1_271' title='bbox 1368 4185 1622 4260; x_wconf 90' lang='lat' dir='ltr'><strong>detrimentum.</strong></span> <span class='ocrx_word' id='word_1_272' title='bbox 1642 4184 1756 4258; x_wconf 79' lang='lat' dir='ltr'><strong>litium</strong></span> <span class='ocrx_word' id='word_1_273' title='bbox 1773 4183 1867 4257; x_wconf 89' lang='lat' dir='ltr'><strong>idem</strong></span> <span class='ocrx_word' id='word_1_274' title='bbox 1884 4203 1988 4278; x_wconf 78' lang='lat' dir='ltr'><strong>geue·</strong></span> 
     </span>
     <span class='ocr_line' id='line_1_31' title="bbox 583 4304 1988 4436; baseline 0.001 -57"><span class='ocrx_word' id='word_1_275' title='bbox 583 4327 682 4379; x_wconf 84' lang='lat' dir='ltr'><strong>rosus</strong></span> <span class='ocrx_word' id='word_1_276' title='bbox 696 4304 742 4404; x_wconf 92' lang='lat' dir='ltr'><strong>(o)</strong></span> <span class='ocrx_word' id='word_1_277' title='bbox 763 4306 922 4403; x_wconf 91' lang='lat' dir='ltr'><strong>princeps</strong></span> <span class='ocrx_word' id='word_1_278' title='bbox 943 4307 1136 4404; x_wconf 85' lang='lat' dir='ltr'><strong>leopoldus</strong></span> <span class='ocrx_word' id='word_1_279' title='bbox 1158 4307 1234 4386; x_wconf 87' lang='lat' dir='ltr'><strong>dux</strong></span> <span class='ocrx_word' id='word_1_280' title='bbox 1254 4309 1392 4436; x_wconf 79' lang='lat' dir='ltr'><strong>Austrie</strong></span> <span class='ocrx_word' id='word_1_281' title='bbox 1408 4317 1442 4382; x_wconf 90' lang='lat' dir='ltr'><strong>et</strong></span> <span class='ocrx_word' id='word_1_282' title='bbox 1462 4309 1574 4406; x_wconf 83' lang='lat' dir='ltr'><strong>Styrie</strong></span> <span class='ocrx_word' id='word_1_283' title='bbox 1590 4323 1705 4382; x_wconf 82' lang='lat' dir='ltr'><strong>corum</strong></span> <span class='ocrx_word' id='word_1_284' title='bbox 1724 4317 1838 4380; x_wconf 88' lang='lat' dir='ltr'><strong>nostre</strong></span> <span class='ocrx_word' id='word_1_285' title='bbox 1856 4307 1988 4400; x_wconf 85' lang='lat' dir='ltr'><strong>majes-</strong></span> 
     </span>
    </p>
   </div>
   <div class='ocr_carea' id='block_1_3' title="bbox 626 4431 1906 4774">
    <p class='ocr_par' dir='ltr' id='par_1_5' title="bbox 626 4431 1906 4774">
     <span class='ocr_line' id='line_1_32' title="bbox 626 4431 1806 4564; baseline 0.001 -23"><span class='ocrx_word' id='word_1_286' title='bbox 626 4478 667 4561; x_wconf 83' lang='grc' dir='ltr'><strong>(ιι)</strong></span> <span class='ocrx_word' id='word_1_287' title='bbox 686 4481 900 4560; x_wconf 85' lang='lat' dir='ltr'><strong>Deeatullquld</strong></span> <span class='ocrx_word' id='word_1_288' title='bbox 913 4482 1085 4552; x_wconf 76' lang='lat' dir='ltr'><strong>adsensum</strong></span> <span class='ocrx_word' id='word_1_289' title='bbox 1098 4431 1329 4561; x_wconf 86' lang='lat' dir='ltr'><strong>complendum.</strong></span> <span class='ocrx_word' id='word_1_290' title='bbox 1342 4481 1545 4564; x_wconf 57' lang='lat' dir='ltr'><strong>matrem</strong></span> <span class='ocrx_word' id='word_1_291' title='bbox 1557 4489 1611 4546; x_wconf 87' lang='lat' dir='ltr'><strong>aut</strong></span> <span class='ocrx_word' id='word_1_292' title='bbox 1627 4481 1806 4561; x_wconf 75' lang='lat' dir='ltr'><strong>hujusmodl.</strong></span> 
     </span>
     <span class='ocr_line' id='line_1_33' title="bbox 627 4583 1174 4670; baseline 0.005 -23"><span class='ocrx_word' id='word_1_293' title='bbox 627 4583 665 4666; x_wconf 82' lang='lat' dir='ltr'><strong>(i)</strong></span> <span class='ocrx_word' id='word_1_294' title='bbox 685 4588 721 4648; x_wconf 89' lang='lat' dir='ltr'><strong>lu</strong></span> <span class='ocrx_word' id='word_1_295' title='bbox 734 4586 782 4648; x_wconf 79' lang='lat' dir='ltr'><strong>iac</strong></span> <span class='ocrx_word' id='word_1_296' title='bbox 795 4589 889 4649; x_wconf 87' lang='lat' dir='ltr'><strong>slmlle</strong></span> <span class='ocrx_word' id='word_1_297' title='bbox 903 4584 1000 4669; x_wconf 74' lang='lat' dir='ltr'><strong>lepore</strong></span> <span class='ocrx_word' id='word_1_298' title='bbox 1017 4585 1174 4670; x_wconf 69' lang='lat' dir='ltr'><strong>(borrei).</strong></span> 
     </span>
     <span class='ocr_line' id='line_1_34' title="bbox 626 4689 1906 4774; baseline 0 -22"><span class='ocrx_word' id='word_1_299' title='bbox 626 4689 659 4771; x_wconf 81' lang='grc' dir='ltr'><strong>(ι)</strong></span> <span class='ocrx_word' id='word_1_300' title='bbox 681 4692 777 4754; x_wconf 81' lang='lat' dir='ltr'><strong>Etiam</strong></span> <span class='ocrx_word' id='word_1_301' title='bbox 788 4693 868 4754; x_wconf 88' lang='lat' dir='ltr'><strong>ldem</strong></span> <span class='ocrx_word' id='word_1_302' title='bbox 881 4693 983 4773; x_wconf 78' lang='lat' dir='ltr'><strong>gensJ.</strong></span> <span class='ocrx_word' id='word_1_303' title='bbox 998 4694 1065 4756; x_wconf 86' lang='lat' dir='ltr'><strong>lluc</strong></span> <span class='ocrx_word' id='word_1_304' title='bbox 1077 4711 1172 4774; x_wconf 81' lang='lat' dir='ltr'><strong>usque</strong></span> <span class='ocrx_word' id='word_1_305' title='bbox 1184 4694 1232 4758; x_wconf 79' lang='lat' dir='ltr'><strong>luc</strong></span> <span class='ocrx_word' id='word_1_306' title='bbox 1245 4695 1441 4772; x_wconf 73' lang='lat' dir='ltr'><strong>nutamus</strong></span> <span class='ocrx_word' id='word_1_307' title='bbox 1453 4701 1554 4758; x_wconf 85' lang='lat' dir='ltr'><strong>tamen</strong></span> <span class='ocrx_word' id='word_1_308' title='bbox 1565 4693 1777 4773; x_wconf 72' lang='lat' dir='ltr'><strong>chronologice</strong></span> <span class='ocrx_word' id='word_1_309' title='bbox 1787 4691 1906 4754; x_wconf 75' lang='lat' dir='ltr'><strong>additia</strong></span> 
     </span>
    </p>
   </div>
   <div class='ocr_carea' id='block_1_4' title="bbox 0 0 2363 6068">
    <p class='ocr_par' dir='ltr' id='par_1_6' title="bbox 0 0 2363 6068">
     <span class='ocr_line' id='line_1_35' title="bbox 0 0 2363 6068; baseline 0 0"><span class='ocrx_word' id='word_1_310' title='bbox 0 0 2363 6068; x_wconf 95' lang='lat' dir='ltr'><strong> </strong></span> 
     </span>
    </p>
   </div>
  </div>
 </body>
</html>
