4642 6106
508 667 567 730 196
1006 669 1216 732 nnlnntuct
1244 669 1418 734 securta!
1727 671 1809 750 [llus.
1830 672 1916 734 12³0.

508 801 649 876 domino
668 801 821 896 genitore
844 812 959 876 nostro
983 803 1066 877 dive
1088 805 1252 879 memorie
1274 806 1379 877 rebus
1399 825 1440 877 ac
1463 803 1679 878 libertatibus
1700 807 1916 902 premunita;

507 925 724 999 attendentes
745 925 850 997 etiam
865 927 1031 999 celebrem
1048 928 1155 1000 vitam
1175 938 1211 1001 et
1223 929 1354 1001 cultum
1373 927 1548 1022 religionis
1566 927 1710 1002 honeste
1722 930 1853 1024 quibus
1866 929 1920 1004 di·

508 1049 617 1120 lectus
633 1049 1096 1139 nosterlraterllermennus,
1108 1051 1271 1144 magister
1286 1051 1410 1125 domus
1426 1051 1604 1148 hospitalis
1617 1054 1787 1146 ejusdem,
1804 1063 1840 1126 et
1853 1053 1920 1127 lra-

506 1180 575 1244 tres
590 1173 644 1244 sui
666 1173 795 1244 clarere
818 1183 1025 1278 poscuntur,
1042 1195 1103 1268 pro
1118 1175 1272 1248 remedio
1295 1176 1490 1248 animarum
1508 1175 1766 1270 progenitorum
1789 1185 1921 1249 nostro·

506 1317 597 1383 rum,
610 1295 656 1368 ad
665 1317 784 1390 preces
796 1297 941 1392 predicti
951 1299 1215 1392 magistri‚inter
1224 1298 1309 1372 alias
1318 1307 1450 1372 nostras
1460 1300 1699 1372 concessiones
1708 1301 1921 1374 etlibertates

506 1420 634 1513 prefate
660 1420 779 1492 domui
801 1421 978 1516 hospitalis
997 1423 1120 1494 Sancte
1141 1423 1247 1496 Mario
1269 1423 1554 1496 'theotonicorum
1577 1423 1744 1496 hactenus
1766 1433 1921 1498 anostra

506 1544 683 1634 majestate
697 1543 848 1618 indultas
863 1554 902 1616 ut
916 1546 1086 1618 bonorum
1101 1547 1340 1642 temporalium
1354 1547 1497 1642 recipiat
1509 1547 1731 1636 incrementa,
1750 1547 1921 1620 donamus

506 1667 552 1739 ad
571 1689 711 1762 presens
731 1677 835 1762 atquc
849 1669 1073 1741 concedimus
1088 1671 1215 1766 prefate
1230 1670 1349 1742 domui
1362 1670 1542 1766 hospitalis
1554 1673 1677 1743 Sancte
1691 1669 1798 1742 Man'e
1811 1669 1921 1741 Theo·

507 1790 697 1862 ionicorum
713 1801 748 1863 et
760 1803 926 1887 perpetuo
939 1792 1182 1866 confirmamus
1203 1793 1318 1865 omnia
1331 1794 1516 1866 tenimenta
1530 1791 1696 1866 terrarum
1711 1815 1780 1888 qne
1795 1794 1921 1868 domus

506 1913 684 2009 hospitalis
701 1914 838 2001 babuit,
856 1917 966 1988 tenuit
984 1925 1018 1988 et
1029 1917 1182 2011 possedit
1196 1938 1243 1989 ex
1262 1916 1354 1989 dono
1372 1926 1407 1988 et
1423 1917 1596 1990 oblatione
1611 1917 1770 1991 llacionis
1785 1916 1830 1989 de
1847 1917 1922 1990 Bel-

508 2037 599 2110 bano
611 2037 744 2110 comitis
759 2037 908 2130 Constie,
924 2040 1260 2130 taminbominibus,
1275 2041 1429 2114 vineiset
1441 2041 1651 2135 terrisquam
1664 2041 1800 2136 ineque
1811 2040 1920 2114 ductu

509 2181 571 2254 pro
588 2161 786 2238 molendino
800 2163 960 2236 faciendo
972 2173 1058 2258 aput
1070 2164 1307 2254 Castillonem,
1324 2165 1517 2238 secundum
1532 2165 1629 2258 quod
1641 2165 1678 2236 in
1694 2165 1921 2238 instrumento

510 2285 640 2379 pretate
659 2283 802 2358 ecclesie
822 2285 952 2360 lactea
979 2289 1111 2383 prelato
1133 2289 1257 2360 comite
1280 2288 1429 2362 Racione
1449 2287 1494 2362 de
1520 2289 1674 2362 Balbano
1700 2289 1860 2361 distincte
1887 2297 1921 2360 et

509 2409 707 2501 expressius
721 2409 926 2482 continetur.
944 2411 1085 2485 Necnon
1101 2411 1324 2486 concedimus
1341 2413 1471 2507 prelato
1490 2410 1610 2485 domui
1624 2412 1783 2506 hospitali
1798 2413 1922 2483 Sancte

509 2529 616 2603 llario
628 2533 913 2606 lbectonioorum
929 2544 965 2606 et
978 2545 1144 2630 perpetuo
1165 2535 1409 2608 confirmamus
1422 2535 1538 2608 omnia
1553 2535 1739 2608 tenimenta
1753 2543 1920 2606 terrerum
1940 2631 1945 2642 ⁸

509 2675 579 2746 que
595 2653 726 2728 dictum
744 2657 912 2752 hospitale
928 2659 1069 2748 babuit,
1090 2659 1200 2732 tenuit
1218 2669 1253 2732 et
1273 2659 1428 2755 possedit
1445 2669 1514 2732 tarn
1534 2659 1570 2730 in
1586 2657 1777 2754 Capitinata
1794 2657 1831 2728 in
1845 2657 1922 2730 loco

509 2776 571 2870 qui
588 2777 953 2855 diciturBelluvedere
974 2782 1040 2854 sito
1057 2783 1147 2855 inter
1160 2783 1336 2856 Precinam
1353 2791 1389 2856 et
1408 2784 1571 2855 Sanctum
1591 2782 1822 2872 Nicandrum,
1840 2803 1921 2852 oum

509 2900 671 2974 omnibus
688 2901 827 2995 juribus
847 2913 881 2976 ct
901 2905 1116 2998 pertinentiis
1137 2905 1229 2995 suis,
1252 2928 1357 2999 quam
1371 2927 1441 3000 que
1457 2905 1580 2978 babuit
1594 2905 1703 2978 tenuit
1716 2915 1751 2976 et
1769 2901 1922 2998 possedit

510 3031 581 3096 tam
604 3024 641 3096 iu
667 3026 862 3100 tenimentis
875 3039 910 3100 et
927 3029 1141 3123 pertinentiis
1161 3030 1263 3103 llorie
1283 3031 1319 3102 in
1345 3031 1486 3126 pheudo
1509 3030 1602 3102 dicto
1618 3030 1733 3103 blonte
1751 3029 1918 3117 Fusoulo,

510 3167 615 3240 quam
629 3149 665 3220 in
677 3150 871 3222 tenimentis
880 3161 916 3224 et
925 3151 1138 3246 pertinentiis
1147 3153 1317 3226 Neritonis
1328 3154 1365 3224 in
1377 3153 1642 3243 terraYdmnti3
1662 3173 1799 3226 necnon
1807 3161 1842 3224 et
1852 3173 1922 3245 que

511 3272 621 3342 tonuit
632 3282 667 3344 et
680 3273 834 3368 possedit
851 3275 887 3347 in
909 3276 1123 3371 pertinentiis
1138 3279 1296 3350 Hostunii
1316 3279 1351 3349 in
1371 3279 1446 3350 loco
1460 3281 1583 3352 Sancte
1597 3277 1723 3350 Sabine
1737 3298 1817 3348 cum
1835 3297 1922 3370 per-

512 3395 663 3470 tinentiis
676 3399 763 3490 suis,
779 3399 973 3474 secundum
988 3401 1084 3494 quod
1101 3401 1136 3472 in
1151 3401 1420 3474 instrumentisa
1435 3403 1571 3474 Matheo
1583 3400 1709 3474 comite
1723 3399 1862 3472 Alesine
1876 3397 1922 3486 de

511 3519 674 3614 predictis
694 3521 797 3596 rebus
819 3523 921 3596 Horis
934 3533 969 3596 et
986 3524 1157 3598 Neritonis
1180 3536 1215 3598 et
1236 3526 1281 3598 de
1303 3525 1528 3598 Belluredere
1543 3526 1578 3596 in
1593 3523 1784 3620 Capitinata
1806 3521 1920 3595 eidem

512 3641 671 3736 hospitali
683 3642 1564 3742 dudumlactisdistineteetexpressiusccntinetnr‚
1576 3643 1921 3740 etsecundumquod

511 3767 548 3838 in
574 3765 811 3839 instrumentis
832 3769 968 3841 comitis
991 3770 1128 3842 lloberti
1150 3770 1195 3844 de
1213 3771 1305 3842 Licin
1326 3770 1371 3842 de
1396 3771 1494 3844 terris
1511 3772 1634 3844 Sancte
1660 3769 1788 3842 Sabine
1807 3767 1921 3841 eidem

513 3885 632 3962 domui
658 3891 756 3994 lactis
778 3892 978 3988 expressius
1000 3893 1206 3966 continetur.
1229 3893 1431 3966 Mandantes
1455 3902 1490 3965 et
1516 3891 1669 3966 districte
1693 3891 1922 3986 precipientes

512 4013 579 4084 sub
601 4013 744 4084 obtentu
764 4015 880 4108 gracie
898 4025 1013 4088 nostre
1030 4025 1069 4088 ut
1086 4017 1203 4088 nullus
1225 4039 1313 4090 ausu
1342 4015 1521 4089 temerario
1546 4013 1592 4090 de
1618 4023 1730 4088 cetero
1755 4013 1921 4108 prelatum

512 4136 653 4208 domurn
669 4137 848 4232 hospitalis
866 4139 911 4211 de
924 4140 1024 4212 terris
1037 4140 1122 4234 ipsis
1143 4149 1179 4212 et
1203 4140 1399 4214 tenimentis
1421 4138 1568 4233 singulis
1585 4138 1702 4232 aliqua
1717 4137 1849 4210 ratione
1865 4135 1922 4209 vel

512 4280 617 4332 causa
631 4270 807 4354 presumat
817 4261 1034 4354 aliquatenus
1046 4263 1237 4336 molestare.
1256 4261 1310 4336 Ad
1327 4264 1426 4354 cujus
1445 4261 1495 4334 rei
1510 4270 1637 4335 certam
1658 4257 1869 4332 evidentium
1887 4266 1923 4329 et

512 4393 712 4478 perpetuam
726 4383 920 4457 firmitatem
943 4407 1085 4480 presens
1106 4385 1326 4479 privilegium
1342 4405 1542 4479 parmenus
1560 4382 1725 4458 lobannis
1743 4381 1789 4453 de
1811 4382 1922 4452 Lauro

513 4506 635 4578 notarii
653 4516 688 4578 et
704 4505 816 4578 fidelis
829 4508 940 4580 nostri
955 4508 1058 4580 scribi
1072 4517 1108 4580 et
1120 4507 1232 4602 sigillo
1249 4507 1436 4600 majestatis
1452 4516 1567 4580 nostre
1578 4505 1745 4599 jussimus
1766 4523 1922 4577 commu·

514 4628 599 4718 niri,
616 4650 725 4720 anno,
747 4651 866 4702 mense
880 4640 915 4703 et
931 4630 1120 4704 indictione
1134 4631 1349 4724 subscriptis.

562 4752 687 4824 Datum
703 4753 823 4848 logie,
842 4775 934 4828 anno
950 4755 1121 4830 dominice
1136 4753 1381 4829 incarnationis
1402 4755 1583 4830 millesimo
1604 4751 1838 4826 ducentesimo
1860 4748 1922 4822 tri·
