4642 6106
405 1057 516 1102 Incutrh

445 1123 468 1153 rc

387 1123 536 1218 celadum.

409 1223 511 1272 aum.

1073 611 1284 674 rnrnnnrcr
1309 613 1483 677 saeuum
1799 619 1878 704 [aaa
1898 623 1983 687 raso.

1247 855 1308 926 lx.

623 1055 816 1130 Fridericus
831 1057 895 1131 Dei
918 1059 1049 1151 gratia,
1070 1067 1138 1133 etc.
1161 1061 1225 1132 Per
1245 1083 1388 1156 presens
1407 1061 1574 1158 scriptum
1597 1070 1717 1134 nolum
1734 1061 1808 1136 lieri
1825 1064 1989 1140 uolumus

574 1181 748 1255 universis
761 1190 831 1254 tam
845 1183 1064 1280 presentibus
1079 1206 1184 1278 quam
1200 1185 1325 1258 suturis
1340 1185 1436 1280 qnod
1451 1207 1514 1258 nos
1524 1185 1670 1259 fecimus
1680 1187 1850 1282 assignari
1864 1187 1901 1260 in
1913 1209 1987 1262 rna·

574 1307 679 1380 nibus
701 1308 740 1380 L.
766 1309 974 1382 uenerabilis
998 1309 1120 1402 Regini
1143 1309 1392 1407 archiepiscopi
1416 1311 1531 1384 dilecti
1555 1310 1732 1384 familiaris
1753 1313 1861 1388 nostri
1882 1322 1918 1386 et

574 1432 696 1528 Regini
712 1431 882 1530 episcopi,
904 1443 1097 1506 nostmrum
1113 1431 1288 1524 fidelium,
1304 1433 1497 1530 subscripta
1515 1444 1645 1518 castra,
1665 1433 1827 1508 videlicet
1841 1437 1985 1526 Suesse,

575 1556 723 1648 Caiacie,
743 1557 960 1651 blagdalonis
981 1565 1016 1629 et
1033 1557 1179 1630 Roccam
1198 1556 1315 1652 Capue
1334 1579 1404 1652 que
1420 1557 1565 1653 predicti
1586 1557 1706 1633 fideles
1725 1559 1831 1632 nostri
1847 1559 1989 1632 arehie-

576 1681 738 1778 pisccpns
754 1690 789 1754 et
804 1681 989 1777 episcopus
1005 1681 1172 1754 tenebunt
1192 1681 1330 1754 nomine
1348 1681 1493 1754 ecclesie
1506 1682 1659 1756 Romane
1675 1683 1712 1754 in
1728 1683 1893 1778 expensis
1907 1703 1987 1756 nos·

576 1805 655 1896 tris,
676 1807 712 1878 in
729 1805 924 1878 cantionem
938 1805 1069 1878 scilieet
1082 1815 1116 1878 et
1128 1807 1346 1880 securitatem
1362 1827 1548 1901 quousque
1562 1807 1785 1880 restituantur
1796 1805 1911 1880 eidem
1921 1807 1987 1881 Ro-

575 1953 678 2004 mane
695 1930 848 2004 Ecclesia
865 1951 907 2003 ea
924 1951 995 2024 que
1016 1949 1081 2003 nos
1102 1939 1259 2003 tenemus
1274 1930 1310 2002 in
1327 1929 1479 2004 llurcbia
1496 1939 1532 2003 et
1549 1931 1684 2004 Ducatn
1698 1939 1733 2004 et
1751 1931 1989 2026 compleantur

576 2077 696 2128 omnes
720 2054 955 2128 restitutiones
973 2075 1043 2148 qne
1060 2055 1254 2130 secundum
1275 2055 1418 2127 formam
1436 2061 1601 2128 tractatus
1619 2054 1793 2129 debebant
1809 2053 1885 2128 fieri
1908 2063 1989 2129 ante

575 2179 824 2253 absolutionem
842 2186 1010 2270 nostram,
1030 2177 1191 2252 videlicet
1215 2178 1261 2252 de
1283 2178 1560 2274 possessionibus
1576 2189 1611 2250 et
1631 2178 1818 2252 mobilibus
1838 2179 1990 2254 extanti·

575 2305 656 2376 bus.
675 2303 812 2390 Quibus
825 2302 1098 2376 restitutionibus
1113 2301 1323 2400 adimpletis,
1338 2303 1445 2378 iidem
1460 2301 1740 2400 archiepiscopus
1755 2313 1791 2377 ot
1804 2303 1990 2401 episcopus

576 2427 802 2524 resignabunt
815 2427 918 2500 nobis
938 2437 1049 2500 castra
1066 2425 1222 2522 predicta
1237 2427 1293 2500 vel
1311 2427 1368 2500 cui
1386 2447 1451 2500 nos
1464 2427 1730 2524 preceperimus.
1752 2426 1808 2500 Ad
1821 2429 1922 2522 cnjus
1938 2429 1988 2502 rei

576 2552 778 2627 memoriam
808 2573 950 2649 presens
978 2551 1144 2648 scriplum
1172 2549 1247 2624 lieri
1272 2559 1309 2623 et
1331 2549 1445 2646 sigillo
1474 2552 1661 2646 majestatis
1686 2560 1801 2626 nostre
1822 2551 1990 2646 jussimus

577 2677 794 2752 communiri.

627 2805 752 2876 Datum
784 2799 970 2873 incastris
1003 2821 1111 2896 prope
1142 2800 1376 2896 Ceperanum,
1411 2821 1504 2874 anno
1539 2799 1712 2874 dominice
1745 2799 1991 2874 incarnationis

578 2926 781 3017 llCCXXX,
802 2945 920 2998 mense
933 2933 1099 3019 augusto,
1116 2925 1213 2998 tertie
1232 2923 1444 2999 indictionis.

626 3159 753 3232 Notum
774 3156 820 3230 sil
835 3155 1008 3228 universis
1025 3164 1200 3251 presentes
1219 3154 1348 3228 litteras
1363 3155 1569 3252 inspecturis
1585 3155 1682 3251 quod
1703 3177 1766 3228 nos
1780 3156 1883 3228 irater
1900 3157 1991 3230 ller-

579 3306 740 3374 mannus,
755 3281 934 3378 hospitalis
945 3283 1069 3354 Sancte
1082 3281 1189 3354 Marie
1200 3280 1489 3354 Theutonicorum
1504 3279 1540 3351 in
1554 3281 1742 3354 Jerusalem
1756 3279 1930 3374 magister,
1944 3279 1990 3353 de

579 3411 757 3484 voluntate
795 3405 1002 3481 venerabilis
1032 3405 1280 3502 archiepiscopi
1306 3406 1428 3500 Regini
1454 3405 1645 3500 recepimus
1670 3405 1817 3478 Roccam
1844 3393 1988 3499 'Capue,

577 3533 792 3630 Magdalonis
801 3530 977 3604 etCaiacie
989 3539 1022 3604 et
1037 3539 1186 3603 castrum
1197 3533 1334 3622 Suesse,
1345 3552 1415 3624 que
1430 3529 1598 3604 debemus
1612 3527 1785 3603 custodire
1797 3527 1990 3602 secundum

578 3661 722 3732 formam
739 3657 893 3729 habitam
908 3655 996 3728 inter
1007 3655 1196 3728 Ecclesiam
1212 3664 1247 3726 et
1262 3655 1514 3749 imperatorem.
1531 3654 1629 3728 Unde
1640 3653 1686 3727 ad
1698 3655 1847 3726 suturam
1859 3671 1991 3725 memo·

578 3783 665 3856 riam
678 3781 742 3854 bas
756 3781 885 3853 litteras
900 3777 973 3850 fieri
989 3778 1133 3854 lecimus
1147 3787 1263 3851 nostro
1277 3777 1391 3872 sigillo
1406 3777 1567 3851 munitas.

1260 4029 1305 4098 X.

410 4318 423 4348 θ
452 4264 490 4349 ὦ
629 4236 698 4307 Nos
722 4233 946 4307 Eberhardus
967 4233 1029 4306 Dei
1054 4234 1165 4328 gratia
1188 4232 1447 4326 salzburgensis
1473 4230 1752 4326 archiepiscopus
1782 4237 1818 4301 et
1842 4224 1991 4299 Sifridus

424 4319 463 4403 pfl
534 4335 541 4359 ’
580 4357 837 4455 Ratisponensis
854 4357 1055 4453 episcopus,
1082 4357 1238 4451 requisiti
1260 4379 1282 4429 a
1303 4354 1560 4429 venerabilibus
1581 4355 1736 4450 patribus
1754 4352 1909 4426 Iohanne
1926 4348 1989 4422 Dei

581 4483 690 4579 gratia
713 4482 877 4578 episcopo
894 4481 1075 4553 Sabinsnsi
1094 4491 1129 4554 et
1146 4481 1276 4554 Thcma
1293 4480 1383 4552 tituli
1402 4481 1527 4552 Sancte
1542 4477 1668 4550 Sabine
1686 4476 1888 4572 presbytero
1907 4493 1991 4546 car-

581 4606 709 4699 dinali,
725 4605 912 4701 apostolice
927 4603 1026 4678 Sedis
1042 4606 1180 4699 legatis,
1198 4615 1237 4676 ut
1255 4604 1440 4700 superbiis
1454 4623 1524 4697 quc
1542 4601 1587 4676 de
1602 4623 1765 4698 processu
1780 4599 1934 4694 ipsorum
1952 4596 1989 4667 in

581 4731 719 4827 negotio
735 4728 962 4805 absolutionis
978 4729 1108 4803 domini
1126 4728 1341 4834 imperatoris
1362 4727 1563 4801 audivimus
1586 4735 1620 4799 et
1640 4724 1811 4816 vidimus,
1832 4723 1991 4796 testimo-
