4710 6076
575 629 637 695 346
1101 629 1275 694 assaret
1302 631 1474 694 sarum
1804 631 1885 712 [bre.
1903 633 1989 696 122⁷.

576 767 661 842 bent
672 766 895 857 incessanter,
916 766 1011 863 ipsos
1027 766 1061 838 iu
1078 767 1235 862 personis
1251 777 1286 843 ot
1299 769 1405 844 rebus
1417 769 1573 866 ipsorum
1591 769 1628 842 in
1642 777 1795 844 nostram
1808 769 1992 866 specialem

576 891 771 988 recepimus
790 891 1059 988 protectionem,
1078 893 1281 966 auctoritate
1301 893 1397 988 regie
1413 891 1608 968 firmissime
1627 891 1823 967 inhibentes
1841 915 1888 967 ue
1912 893 1993 990 quis

575 1039 666 1093 ausu
680 1017 807 1091 ductus
826 1017 1007 1091 temerario
1032 1017 1118 1114 ipsis
1133 1018 1170 1090 in
1186 1018 1341 1114 personis
1355 1027 1418 1093 eut
1429 1019 1535 1093 rebus
1551 1037 1740 1114 gravamen
1758 1019 1816 1093 vei
1829 1017 1992 1112 iniuriam

574 1141 701 1216 inferre
721 1149 920 1238 presumat,
938 1140 1035 1238 quod
1051 1143 1114 1238 qui
1131 1142 1402 1240 attemptaverit,
1421 1163 1564 1238 gravem
1577 1142 1744 1218 offensam
1759 1151 1875 1218 nostre
1891 1143 1993 1218 celsi·

576 1265 710 1340 tudinis
724 1287 763 1341 se
780 1265 916 1341 noverit
930 1266 1129 1340 incurrisse.
1156 1269 1314 1342 Preterea
1328 1277 1519 1344 memorato
1541 1267 1659 1343 ebbeti
1672 1279 1707 1342 et
1719 1288 1784 1342 ruo
1805 1269 1991 1343 conventui

573 1391 728 1467 districte
740 1399 776 1466 et
787 1389 989 1465 auctoritate
1005 1391 1217 1487 presentium
1230 1390 1429 1466 inhibemus
1445 1413 1490 1466 no
1501 1392 1625 1480 elicui,
1644 1391 1721 1465 sive
1737 1389 1783 1464 sit
1797 1390 1843 1466 de
1859 1391 1990 1466 familia

573 1525 689 1590 nosue
699 1515 795 1590 curie
807 1515 882 1588 sive
893 1536 978 1608 uon,
993 1513 1160 1589 deferenti
1171 1525 1305 1590 nostres
1319 1517 1448 1592 iitteras
1455 1525 1491 1591 et
1499 1517 1695 1614 impetranti
1707 1537 1755 1591 ex
1767 1525 1865 1613 parte
1874 1523 1990 1592 nostru

573 1661 704 1736 equum
728 1639 896 1714 exhibere
923 1639 980 1714 vel
1004 1641 1160 1715 conferre
1182 1650 1383 1738 presumant
1399 1642 1538 1733 eidem,
1562 1643 1631 1715 nisi
1649 1642 1686 1714 in
1708 1641 1849 1738 speciali
1871 1649 1988 1718 nostm

574 1764 797 1862 expeditione
809 1787 871 1861 per
885 1765 1149 1860 buttigulerium
1169 1776 1325 1841 nostrum
1347 1767 1393 1842 de
1407 1767 1601 1842 Nuriuberc
1618 1767 1664 1840 ab
1682 1767 1768 1864 ipsis
1783 1765 1990 1842 duxerimus

572 1891 843 1986 requirendum
859 1897 895 1964 et
911 1911 957 1964 ue
970 1911 1075 1986 super
1091 1891 1268 1988 premissis
1282 1891 1328 1965 ab
1341 1891 1460 1988 aliquo
1478 1891 1690 1988 inposterum
1708 1899 1849 1988 possent
1865 1891 1989 1966 vexari

574 2025 769 2113 presentem
789 2014 953 2112 peginam
972 2015 1077 2110 sigilii
1096 2015 1203 2089 ausui
1220 2015 1412 2112 patrocinio
1432 2016 1680 2092 communitam
1699 2016 1868 2110 jussimus
1884 2017 1990 2114 preli-

574 2139 656 2214 bato
669 2137 787 2212 abbati
803 2147 838 2212 et
848 2158 913 2213 suc
930 2139 1118 2212 conventui
1131 2139 1303 2213 exbiberi.

622 2264 749 2336 Datum
784 2261 880 2358 opud
910 2263 1174 2358 Oucluesbabc,
1204 2285 1295 2338 anno
1326 2263 1500 2340 dominice
1527 2263 1773 2339 incarnationis
1806 2263 1989 2338 millesimo

572 2385 801 2482 ccxwi,
817 2387 1076 2484 quartodecimo
1100 2387 1268 2464 kalendas
1285 2387 1453 2484 octobris,
1478 2388 1667 2464 indictione
1689 2388 1814 2486 prime.

504 3063 512 3088 ‚
537 3117 543 3131 Ι
622 3007 808 3094 Henrious
824 3009 1087 3096 Romanorum
1100 3034 1167 3096 rex
1180 3009 1414 3096 abbatissam
1427 3012 1685 3124 deliitzingen
1703 3023 1742 3100 et
1758 3024 1986 3102 conventum

569 3165 660 3226 cum
688 3141 869 3227 omnibus
891 3142 973 3254 ejus
1000 3143 1111 3228 bonis
1139 3143 1212 3228 sub
1230 3170 1302 3229 sue
1322 3146 1554 3256 protectione
1571 3147 1721 3257 recipit,
1753 3149 1986 3260 praecipiens

569 3273 782 3386 Butigluric
798 3275 847 3358 de
860 3273 1063 3387 Nurnberg
1080 3285 1125 3360 ut
1142 3276 1191 3362 eb
1213 3277 1319 3362 omni
1334 3279 1506 3392 pignoris
1530 3287 1597 3364 eut
1618 3279 1729 3390 spolii
1753 3281 1987 3394 impetitione

569 3406 673 3493 idem
687 3407 900 3494 claustrum
917 3409 1110 3495 defendet.

494 3747 498 3758 ι
653 3647 1007 3730 (murmurarem.
1021 3651 1147 3730 inem,
1165 3649 1664 3736 submurmurantem
1676 3655 1737 3733 111,
1750 3655 1835 3738 Beyi.
1850 3673 1883 3738 p.
1900 3656 1983 3738 toa.)

617 3867 660 3941 Η.
672 3866 736 3942 Dei
749 3867 860 3964 gretie
873 3867 1106 3942 Romanorum
1124 3888 1189 3942 rex
1206 3877 1242 3944 et
1255 3889 1391 3968 semper
1402 3879 1586 3966 augustus,
1603 3871 1775 3948 universis
1792 3871 1929 3970 imperii
1945 3871 1986 3950 fi·

568 3989 706 4067 delibus
722 3992 851 4088 quibus
872 3993 938 4067 hee
957 3993 1068 4066 littere
1081 4001 1217 4066 ostense
1233 3993 1362 4068 fuerim
1379 3995 1525 4094 gratim
1543 4018 1643 4070 suam
1660 4005 1695 4070 et
1715 3997 1980 4072 omnebonum.

565 4116 734 4192 Noverint
758 4125 829 4191 tem
847 4126 1025 4214 presentes
1041 4140 1148 4214 quem
1174 4118 1282 4192 futuri
1306 4119 1403 4216 quod
1427 4141 1491 4194 nos
1514 4119 1675 4196 dilectum
1693 4135 1845 4196 ncsuum
1866 4123 1983 4196 abba-

566 4241 686 4317 tissem
704 4242 750 4316 de
766 4241 952 4338 Kimingen
970 4264 1051 4316 cum
1066 4243 1229 4317 universo
1241 4251 1412 4318 conventu
1429 4267 1495 4319 suc
1507 4267 1549 4320 ac
1563 4245 1679 4344 ipsum
1695 4246 1882 4320 claustrum
1901 4267 1982 4320 cum

568 4365 732 4440 omnibus
745 4365 847 4440 bonis
862 4367 936 4440 suis
949 4367 1163 4464 ubicumque
1180 4369 1334 4443 locorum
1350 4370 1425 4444 sitis
1443 4371 1509 4444 sub
1523 4379 1674 4446 nostram
1692 4379 1728 4445 et
1750 4371 1887 4468 imperii
1904 4392 1982 4468 spe

567 4491 690 4568 ciaiem
702 4493 897 4592 recepimus
905 4494 1163 4590 protectionem,
1176 4495 1331 4568 uolentes
1346 4502 1385 4566 ut
1396 4492 1834 4570 occasione‘udvocatorum
1845 4517 1907 4570 seu
1922 4515 1982 4570 cc·

567 4619 727 4693 lcuorum
741 4639 883 4692 suorum
898 4618 945 4693 eb
958 4619 1075 4716 atiquo
1088 4617 1238 4693 debeant
1249 4617 1437 4715 pignorari.
1453 4617 1660 4695 Mandemus
1673 4620 1781 4716 igitur
1796 4621 1864 4694 sub
1875 4619 1981 4695 iuter·

567 4743 755 4820 minutione
767 4743 877 4840 gretie
888 4751 1005 4819 nosue
1020 4743 1175 4820 districte
1187 4743 1417 4841 precipientes
1434 4752 1475 4818 ut
1486 4743 1602 4819 nullus
1618 4743 1664 4818 sit
1675 4744 1739 4842 qui
1750 4765 1840 4820 ausu
1853 4743 1980 4819 ductus
