4702 6110
402 679 500 740 buter.
516 673 559 758 3.]
850 663 1047 728 HISTORIA
1070 659 1366 724 bratonnrtcn.
1754 655 1811 717 tlt

403 809 582 886 conradus
604 808 768 906 pincerna
791 803 837 877 de
866 801 1118 897 Cliugenburg,
1142 798 1339 872 Waltherus
1364 793 1529 891 pincerna
1558 790 1604 865 de
1629 789 1810 886 Limpurg,

402 932 644 1030 Engelhardus
665 931 710 1005 de
722 927 897 1018 Nidelren,
912 925 1108 1000 Ludevicus
1131 923 1177 997 de
1195 920 1372 1018 Scbypbc,
1397 917 1592 992 Fridericus
1610 915 1656 989 da
1679 915 1815 988 Kassel·

402 1059 507 1144 bach,
535 1055 714 1130 conradus
738 1053 784 1126 de
805 1053 1006 1147 Winsperg,
1037 1046 1241 1142 Ludclpbus
1271 1043 1317 1118 de
1342 1042 1530 1137 Frideberg
1556 1041 1809 1136 burggravius‚

403 1183 600 1258 liertwicus
616 1179 780 1274 magister
796 1176 945 1273 coquina
965 1175 1010 1249 de
1022 1171 1234 1261 Rodinburc,
1254 1169 1363 1244 etalii
1380 1169 1603 1263 quamplures
1623 1165 1752 1240 idonei.

451 1307 537 1380 Acta
551 1313 632 1377 sunt
645 1305 710 1376 bec
727 1323 819 1375 anno
836 1301 946 1396 gratie
960 1299 1008 1374 bl.
1027 1297 1089 1370 CC.
1106 1295 1215 1389 XXX,
1234 1293 1359 1369 Vidua
1377 1291 1508 1390 aprilis.

450 1434 536 1506 Data
549 1429 645 1527 apud
659 1427 881 1501 Geilnhusen.

613 1766 1597 1788 *Mum-.-

455 2073 640 2157 lienricus
661 2071 922 2157 Romanorum
940 2096 1007 2154 rex
1024 2069 1170 2154 dilectis
1188 2069 1365 2154 fidelibus
1384 2069 1462 2152 suis
1476 2069 1620 2154 civibus
1634 2068 1816 2154 leodien-
1852 2091 2005 2200 offis.

405 2207 509 2291 sibus
522 2205 758 2316 recognoscit
770 2215 809 2287 et
822 2203 1022 2287 confirmat
1034 2203 1226 2288 libertates
1239 2214 1277 2286 et
1285 2203 1375 2314 jura
1390 2204 1567 2288 universa
1579 2201 1721 2300 ibidem
1739 2228 1814 2284 ex-

403 2366 554 2450 pressa,
575 2365 674 2450 quae
693 2337 872 2422 Albertus
890 2339 1087 2448 quondam
1106 2338 1322 2423 Lecdiensis
1338 2337 1537 2448 episcopus
1560 2337 1702 2420 eisdem
1725 2335 1826 2418 ciri--

404 2473 477 2558 bus
499 2472 724 2558 contulerat.

483 2713 579 2798 (aaa.
594 2715 759 2796 Founnon,
773 2715 884 2776 trecor.
901 2712 999 2788 trud,
1013 2721 1083 2777 tom.
1098 2716 1139 2792 11,
1154 2733 1183 2794 p.
1202 2723 1259 2778 aaa
1273 2723 1304 2777 at
1319 2725 1433 2796 aaa,ex
1446 2715 1582 2794 originali
1595 2714 1674 2776 uude
1687 2714 1815 2794 stgttlum

522 2825 599 2903 regis
614 2829 678 2884 arat
690 2821 874 2902 appensum.)

452 3037 490 3107 ln
513 3035 652 3109 nomine
669 3045 785 3109 sancte
803 3044 839 3109 et
859 3037 1045 3112 individue
1062 3037 1249 3110 Trinitatis.
1266 3036 1448 3110 Heinricus
1462 3035 1522 3109 Vll
1544 3034 1664 3109 divina
1678 3036 1816 3110 favente

403 3159 583 3234 clementia
596 3161 829 3234 Romanorum
843 3181 908 3233 rex
920 3169 955 3233 et
968 3181 1104 3256 semper
1117 3169 1297 3250 augustus.
1316 3159 1484 3234 Convenit
1502 3160 1682 3234 clementie
1700 3170 1816 3234 nostre

403 3283 617 3358 celsitudinis
629 3284 697 3380 piis
715 3294 749 3358 et
757 3284 860 3379 justis
875 3284 1100 3380 petitionibus
1113 3291 1148 3357 et
1160 3284 1312 3357 maxime
1333 3283 1377 3356 iis
1392 3283 1522 3380 quibus
1536 3281 1684 3358 fidelitas
1699 3293 1734 3356 et
1751 3286 1815 3358 hc·

402 3415 518 3480 nestas
542 3405 749 3503 suffragatur
770 3409 962 3504 benignum
981 3417 1016 3482 et
1036 3409 1258 3483 favorabilem
1277 3407 1422 3504 prebere
1443 3430 1623 3482 assensum
1639 3417 1675 3482 et
1694 3430 1814 3483 acrum

402 3530 481 3626 paci
504 3541 539 3604 et
561 3533 798 3627 tranquillitati
823 3554 962 3630 operam
988 3533 1188 3631 impendere
1206 3533 1419 3627 diligentem.
1442 3533 1530 3606 Hinc
1554 3531 1724 3628 estquod
1750 3555 1814 3608 nos

402 3653 449 3727 ad
462 3653 687 3728 imitationem
703 3657 985 3752 predecessorum
1000 3667 1197 3730 nostrerum
1214 3655 1349 3731 dilectis
1362 3655 1524 3731 fidelibus
1535 3655 1661 3730 nostris
1678 3655 1814 3730 civibus

402 3777 651 3853 leodiensibus
676 3795 816 3878 propter
842 3780 968 3857 devota
991 3791 1026 3854 et
1052 3781 1206 3878 preclara
1234 3781 1402 3877 obsequia
1432 3805 1502 3878 que
1530 3781 1676 3879 imperio
1703 3781 1812 3855 exbi-

401 3899 554 3976 buerunt
578 3910 614 3977 ct
637 3904 738 3978 uobis
766 3914 927 4000 poterunt
949 3907 1132 4000 exhibere,
1162 3906 1448 3998 consuetudines,
1475 3907 1650 3983 libertates
1675 3917 1710 3982 et
1734 3909 1814 4002 jura

402 4027 567 4102 universa
593 4049 663 4123 que
688 4028 746 4124 pie
770 4031 934 4104 memoria
955 4029 1116 4106 Albertus
1141 4031 1341 4106 leodiensis
1363 4031 1547 4128 episcopus
1567 4033 1653 4129 ipsis
1677 4033 1813 4106 civibus

401 4151 565 4244 contulit,
585 4152 676 4225 sicut
696 4153 848 4226 interius
860 4163 977 4229 nocta
998 4165 1099 4249 sunt,
1122 4157 1224 4252 plene
1243 4155 1295 4228 eis
1315 4157 1593 4251 recognoscimus
1610 4166 1645 4230 et
1667 4155 1813 4230 inviola-

401 4273 515 4348 biliter
535 4297 671 4374 semper
693 4279 870 4352 observari
892 4288 927 4353 et
949 4279 1115 4354 custodiri
1128 4277 1293 4373 jubemus
1308 4277 1374 4377 (l).
1395 4281 1496 4356 Cives
1511 4279 1719 4356 leodienses
1743 4303 1812 4355 uon

438 4582 475 4658 (t)
494 4583 568 4656 Quae
580 4593 730 4661 sequuntur
740 4603 826 4663 usque
844 4588 879 4648 ad
894 4595 971 4647 natm
982 4587 1183 4663 chronologicas
1195 4589 1230 4648 de
1241 4589 1324 4650 verbo
1336 4590 1372 4648 ad
1385 4589 1499 4650 verbum
1512 4598 1676 4652 renovantur
1688 4608 1722 4650 ex
1732 4591 1814 4668 prin·-

400 4679 469 4754 tado
485 4681 601 4757 Philippi
612 4683 793 4743 Romanorum
807 4685 891 4760 ragis,
906 4685 971 4744 dato
982 4685 1053 4760 apud
1068 4687 1181 4758 Durum,
1195 4701 1258 4744 ann.
1272 4687 1350 4746 bom.
1366 4688 1557 4749 iucarnationis
1572 4693 1655 4764 tace,
1668 4689 1748 4750 tertio
1766 4707 1813 4750 uc·

401 4779 544 4854 uasJ'auli‚
557 4779 702 4842 indictione
718 4783 766 4842 Xt.
784 4781 866 4856 tcta,
879 4801 907 4860 p.
921 4787 984 4858 888,
995 4789 1023 4844 at
1034 4799 1079 4859 ap.
1091 4785 1239 4858 locvm,
1250 4785 1372 4856 necet,
1388 4787 1411 4860 1,
1426 4789 1463 4846 8.
