4658 6132
437 646 535 705 lunrdr.
551 640 594 725 ³.]
889 636 1085 699 rlrsrouln
1110 638 1401 702 nlrtouerlct.
1795 641 1853 704 185

438 787 539 852 utem
555 777 613 848 hic
627 775 688 870 qni
704 777 798 848 lesus
813 782 866 846 est
880 774 1055 868 appellare
1068 794 1137 845 nou
1150 774 1297 848 differat.
1315 776 1352 848 Si
1367 775 1447 872 quis
1462 775 1737 850 ministerialium
1751 787 1850 852 extra

435 902 493 976 sui
513 899 711 972 monasterii
737 897 920 992 collegium
946 897 1202 970 matrimonium
1227 902 1458 991 contraxerit,
1476 921 1579 974 omne
1605 901 1849 996 patrimonium

436 1046 518 1097 cum
535 1023 636 1098 feodo
649 1023 695 1096 ab
709 1021 832 1094 eadem
849 1020 992 1094 ecclesia
1012 1021 1205 1115 conquisito
1223 1022 1332 1098 libere
1348 1033 1384 1098 et
1402 1025 1476 1096 sine
1491 1025 1760 1100 ocntmdictione
1775 1048 1850 1101 mo·

438 1148 587 1222 nestorio
602 1146 783 1235 succedat,
801 1144 897 1216 nullo
914 1145 1004 1216 malo
1018 1145 1065 1217 ad
1079 1145 1302 1219 alienandum
1317 1148 1539 1241 preveniente
1557 1149 1710 1244 ingenio.
1727 1151 1851 1224 Nullos

434 1273 540 1346 etiarn
557 1271 607 1343 ibi
625 1270 816 1346 advocatus
827 1269 1034 1341 hereditario
1045 1269 1124 1360 jure
1138 1269 1285 1360 existat,
1302 1269 1366 1344 sed
1381 1272 1491 1344 abbas
1508 1273 1760 1346 communicato
1778 1275 1851 1346 lra-

438 1407 529 1468 trum
550 1403 584 1466 et
602 1393 737 1488 collegii
757 1392 900 1465 consilio
921 1393 1054 1483 justum
1075 1399 1111 1464 et
1133 1391 1298 1466 idoneum
1324 1393 1536 1482 defensorem
1562 1395 1704 1467 licenter
1725 1397 1854 1490 eligant

436 1519 498 1612 qui
524 1527 706 1613 postquam
723 1517 775 1590 'de
796 1517 876 1609 jure
898 1525 932 1588 et
956 1517 1060 1588 rebus
1083 1517 1226 1591 ecclesie
1245 1518 1492 1592 conservandis
1515 1541 1577 1614 per
1601 1530 1853 1599 sacramentum
1978 1597 1981 1602 ,

438 1641 680 1716 certitudinem
707 1642 843 1730 lecerit,
864 1643 1018 1714 bannum
1038 1663 1060 1712 a
1082 1662 1165 1734 rege
1188 1643 1244 1713 vel
1268 1643 1473 1738 imperatore
1495 1642 1672 1738 suscipiat.
1693 1644 1796 1729 Quod
1822 1645 1852 1716 si

439 1764 661 1862 postmodum
680 1765 883 1838 sacramenti
897 1765 1026 1838 oblitus
1044 1766 1148 1837 luerit
1163 1774 1199 1838 et
1215 1767 1295 1858 jura
1310 1767 1453 1840 ecclesie
1470 1767 1650 1839 violaverit
1662 1778 1698 1840 et
1713 1778 1783 1841 tam
1801 1758 1854 1864 ip·

438 1911 496 1963 sos
511 1890 697 1963 monachos
711 1911 816 1984 quam
834 1911 954 1962 eorum
970 1889 1127 1962 homines
1141 1898 1177 1962 et
1198 1890 1432 1984 possessiones
1448 1891 1736 1986 hospitationibus
1751 1902 1786 1964 ot
1799 1893 1853 1966 in·

438 2013 565 2086 debitis
588 2013 724 2108 placitis
746 2023 782 2086 et
798 2013 1041 2087 exactionibus
1059 2013 1258 2105 vexaverit,
1277 2014 1387 2087 abbas
1405 2015 1501 2109 regia
1517 2014 1679 2088 suffultus
1697 2018 1854 2090 auctori-

440 2147 508 2210 tate
532 2137 659 2210 habeat
680 2138 817 2232 plenum
843 2145 1045 2232 potestatem
1070 2135 1282 2228 subrogandi
1303 2137 1370 2208 sibi
1391 2138 1567 2210 meliorem
1590 2139 1797 2212 advocatum
1820 2151 1855 2214 et

440 2260 626 2334 utiliorem.
654 2263 705 2332 De
732 2259 893 2354 legitimis
917 2269 953 2332 et
971 2259 1157 2332 annalibus
1181 2260 1334 2355 ipsorum
1360 2260 1608 2334 advocatorum
1630 2262 1780 2358 placitis,
1805 2263 1855 2337 sic

439 2384 636 2480 principum
659 2383 827 2457 sententia
852 2365 1072 2456 decrevimus
1092 2382 1182 2454 sicut
1199 2405 1315 2456 coram
1335 2383 1540 2480 imperatore
1562 2385 1709 2458 ilenrico
1731 2395 1855 2481 quarto

440 2506 627 2580 diffinitum
644 2507 837 2580 babemus:
859 2515 1025 2578 statutum
1046 2506 1216 2579 habemus
1235 2506 1282 2580 ad
1302 2507 1467 2602 placitum
1487 2508 1672 2602 cujuslibet
1694 2509 1855 2583 advocati

354 2620 364 2638 ⁸
440 2632 649 2724 pertinentes
661 2633 769 2704 semel
783 2630 819 2702 in
837 2651 930 2703 anno
952 2629 1095 2724 quando
1116 2640 1317 2726 preceptum
1341 2631 1444 2704 inerit
1459 2652 1580 2704 omnes
1593 2632 1696 2706 certis
1711 2632 1747 2704 in
1772 2634 1857 2706 locis

439 2757 665 2847 conveniant,
677 2756 796 2850 ibique
810 2755 846 2826 in
857 2755 1036 2828 servitium
1047 2777 1151 2828 suum
1164 2757 1243 2850 plus
1254 2777 1324 2828 non
1334 2755 1454 2850 exigat
1464 2756 1531 2826 nisi
1546 2755 1635 2828 duos
1648 2756 1782 2830 modios
1794 2757 1854 2829 tri·

441 2879 499 2952 tici
511 2880 643 2954 etduos
655 2901 790 2976 porcos,
806 2889 874 2952 tres
885 2878 991 2953 cados
1004 2879 1077 2950 vini
1090 2889 1126 2952 et
1137 2879 1308 2968 medonis,
1324 2879 1445 2953 decem
1459 2877 1566 2952 cados
1581 2879 1738 2972 cervisie,
1754 2882 1857 2975 qoin-

436 3025 510 3097 que
522 3003 657 3078 modios
673 3025 785 3078 avone
799 3003 835 3074 in
853 3003 1021 3098 pabulum
1034 3025 1204 3097 equomm
1219 3003 1370 3096 triginta.
1387 3003 1430 3075 Ut
1443 3011 1558 3076 antem
1572 3023 1613 3076 ea
1627 3025 1697 3098 que
1711 3003 1758 3078 ad
1772 3027 1857 3078 usus

440 3128 583 3201 fratrum
597 3127 767 3222 pertinent
778 3127 894 3198 minus
908 3125 1155 3218 distrahantur,
1171 3127 1236 3200 hec
1253 3127 1446 3222 subscripta
1459 3126 1497 3200 in
1511 3149 1597 3200 usus
1610 3127 1856 3202 advocatorum

440 3261 522 3324 sunt
534 3251 710 3346 deputatu,
724 3249 889 3324 videlicet
898 3250 1084 3323 satisfactio
1098 3252 1343 3338 temeritatum,
1358 3251 1405 3322 ita
1416 3260 1530 3324 umen
1544 3251 1621 3323 utsi
1633 3273 1702 3346 qua
1712 3253 1858 3350 dispen-

440 3376 501 3450 dia
515 3377 636 3450 tratres
648 3377 685 3448 in
701 3375 774 3448 suis
787 3375 892 3447 rebus
903 3375 1082 3470 patiuntur
1095 3375 1207 3469 primo
1219 3375 1270 3448 eis
1284 3395 1349 3448 sua
1364 3375 1599 3466 restituantur,
1615 3386 1651 3448 et
1664 3376 1762 3449 tertia
1778 3399 1859 3472 pars

441 3520 637 3594 pannorum
650 3499 695 3572 sit
711 3498 978 3589 advocatorum,
998 3497 1069 3570 due
1083 3507 1199 3592 partes
1218 3498 1288 3570 sint
1303 3498 1439 3570 abbatis
1450 3507 1485 3570 et
1498 3499 1661 3590 fratrum3
1681 3501 1859 3594 wergeldu

442 3623 578 3696 abbatis
590 3632 626 3696 et
641 3624 785 3696 fratrum
799 3623 869 3694 sint
880 3631 915 3694 et
931 3621 1142 3716 mancipium
1157 3643 1220 3716 pro
1232 3621 1418 3716 mancipio.
1441 3623 1596 3694 Preterea
1610 3623 1640 3694 si
1659 3623 1779 3718 prelati
1797 3645 1859 3696 ec-

441 3747 685 3842 clericalique
713 3747 917 3822 necesitate
944 3755 1089 3840 cogente
1112 3747 1302 3841 dompnum
1328 3745 1395 3818 sibi
1420 3746 1475 3818 vel
1499 3746 1603 3818 rebus
1626 3747 1700 3818 suis
1725 3747 1857 3820 illatum

443 3872 540 3946 solvo
551 3869 673 3943 ordine
684 3892 749 3944 suo
762 3891 967 3966 recuperare
978 3889 1047 3942 non
1058 3869 1242 3957 valuerint,
1258 3869 1353 3964 ipsos
1363 3867 1550 3942 advocatos
1561 3870 1596 3940 in
1609 3880 1857 3965 competentem

443 3995 558 4070 locum
576 3995 749 4070 advocent
763 3994 824 4068 ubi
838 4015 962 4068 causas
978 3992 1194 4088 querimonia
1211 3992 1394 4088 diligenter
1409 3993 1506 4066 discu
1512 3991 1612 4077 liant,
1633 3993 1789 4088 nihilque
1808 3996 1857 4070 ibi

441 4115 489 4194 ab
511 4119 561 4192 eis
581 4119 638 4190 rel
659 4118 706 4192 ab
718 4131 841 4192 eorum
857 4117 989 4192 colonis
1009 4117 1110 4213 quasi
1128 4117 1197 4192 sub
1209 4119 1343 4211 justitie
1357 4118 1518 4213 exigant,
1534 4117 1599 4192 sed
1617 4135 1698 4192 curu
1719 4122 1858 4196 mutare

444 4241 511 4314 hoc
523 4239 621 4336 quod
633 4241 685 4314 eis
701 4241 896 4336 impensum
913 4240 1209 4336 lueritaooipiant.
1226 4243 1316 4314 Sane
1334 4242 1495 4314 tratribus
1509 4243 1665 4334 ejusdem
1682 4254 1859 4317 monasoe-

445 4365 487 4436 rii
506 4365 723 4460 presentibus
738 4373 843 4459 atque
863 4364 989 4438 laturis
1010 4365 1199 4438 imitatione
1218 4365 1431 4440 dilectissimi
1445 4367 1552 4462 petris
1571 4367 1677 4440 nostri
1693 4368 1856 4442 Friderioi

444 4489 660 4582 imperatoris
681 4488 897 4582 aliorumque
920 4497 1175 4562 antecessorum
1198 4499 1393 4562 nostrorum
1413 4511 1534 4584 regum
1557 4499 1592 4564 et
1611 4491 1855 4586 imperatorum

445 4611 588 4684 liberam
607 4611 804 4686 facultatem
827 4612 977 4706 eligendi
996 4613 1155 4686 abbatem
1171 4613 1413 4705 concedimus,
1434 4615 1564 4686 clectus
1580 4615 1855 4688 investiturama

445 4755 527 4828 rege
544 4735 660 4809 veleb
677 4735 881 4832 imperatore
905 4758 966 4832 por
984 4746 1155 4832 sceptrum
1174 4737 1336 4833 accipiet,
1359 4738 1445 4812 nihil
1472 4749 1585 4812 tamen
1608 4737 1679 4812 dati
1695 4740 1792 4812 curie
1809 4739 1855 4814 de

545 4860 602 4920 111.
1658 4873 1695 4922 rr
