4658 6132
360 637 457 698 lenton
474 634 518 720 2]
815 637 1012 700 fltsrottta
1035 637 1325 702 olruouartcrt

413 1093 651 1201 Friderious,
679 1093 938 1178 Romanorum
960 1096 1179 1206 imperator,
1205 1095 1404 1180 confirmat
1431 1093 1765 1178 commutationem
1801 1103 1966 1160 *woeffl-

361 1227 501 1310 iactam
529 1227 627 1309 inter
657 1228 815 1310 domum
838 1227 997 1312 Sanctae
1018 1228 1158 1314 Mariae
1180 1228 1499 1312 Theutonicorum
1526 1236 1563 1310 et
1583 1226 1765 1310 Iacobum

361 1363 409 1444 de
432 1361 636 1474 Amigdala
662 1364 710 1445 de
733 1371 812 1446 tota
833 1371 935 1446 terra
958 1389 1076 1473 quarn
1100 1363 1170 1446 iste
1188 1362 1338 1446 tenebat
1359 1362 1400 1444 in
1424 1360 1537 1444 feudo
1561 1359 1765 1442 abeodem

363 1493 478 1576 domo
505 1493 546 1574 in
564 1495 797 1603 pertinentiis
816 1495 976 1578 Acconis
1000 1521 1046 1577 ex
1065 1495 1301 1578 successione
1325 1494 1457 1577 matris
1486 1519 1601 1599 suae,
1627 1491 1766 1574 scilicet

360 1625 538 1733 blebelia,
558 1627 669 1710 Jalim
687 1638 725 1712 et
748 1627 937 1712 casalibus
952 1627 1037 1709 aliis
1055 1627 1197 1710 ibidem
1206 1626 1412 1735 expressiS,
1428 1653 1498 1735 pro
1513 1652 1578 1708 sex
1596 1623 1766 1706 millibus

361 1767 399 1840 et
425 1760 714 1871 quadringentis
741 1761 913 1844 bisantiis
942 1761 1196 1843 Sarracenatis
1222 1761 1263 1841 in
1290 1759 1500 1842 redditibus
1523 1759 1703 1841 cathenae
1730 1767 1768 1838 et

253 1907 255 1910 ’
362 1889 504 1974 fundae
517 1892 677 1976 Acconis
690 1919 788 2004 quos
805 1895 885 2003 ipse
908 1894 1112 2002 imperator
1124 1893 1247 1976 eidem
1265 1893 1397 1976 domui
1415 1903 1663 1974 concesserat.
1720 1901 1723 1906 “

445 2077 562 2157 (laedit.
579 2083 611 2142 ln
623 2081 736 2142 archiv.
751 2081 892 2154 Beroltn.,
907 2081 1004 2142 cltbr.
1020 2083 1125 2160 copiall
1138 2083 1203 2144 ord.
1219 2083 1367 2144 Thcuton.
1386 2081 1494 2143 saeculi
1507 2081 1604 2162 xtn.)

412 2241 627 2330 Fredericus,
642 2241 706 2314 Dei
723 2242 831 2336 gratia
846 2243 1076 2317 Romanorum
1088 2243 1271 2339 imperator
1284 2252 1319 2316 et
1332 2264 1467 2338 semper
1480 2251 1660 2336 augustus,
1680 2245 1768 2318 lero·

362 2364 482 2436 solima
495 2373 530 2438 et
543 2365 656 2438 Sicilia
668 2387 743 2438 rex.
760 2367 866 2438 Justis
876 2366 1031 2440 fidelium
1044 2367 1352 2463 supplicationibus
1363 2375 1457 2440 tanto
1468 2366 1571 2441 debet
1581 2367 1768 2462 imperialis

362 2487 583 2583 benignitatis
607 2490 704 2562 favor
721 2489 859 2580 adesse,
877 2499 1006 2584 quanto
1023 2512 1062 2564 ea
1078 2512 1147 2584 que
1168 2491 1340 2585 postulant
1355 2511 1375 2562 a
1392 2489 1531 2582 justicie
1546 2491 1679 2564 tramite
1695 2513 1765 2564 non

362 2611 572 2684 discordant.
589 2613 715 2684 Notum
735 2613 840 2706 igitur
863 2615 1117 2688 essevolumus
1136 2614 1306 2688 universis
1324 2623 1394 2688 mm
1419 2615 1635 2709 presentibus
1657 2637 1763 2709 quam

363 2735 488 2807 suturis
501 2735 596 2830 quod
614 2736 845 2810 residentibus
858 2737 957 2810 nobis
976 2737 1012 2808 in
1028 2737 1154 2833 palatio
1171 2745 1286 2810 nostro
1296 2735 1507 2826 Acconensi,
1533 2747 1702 2812 venerunt
1726 2739 1763 2808 in

363 2858 494 2931 curiam
508 2869 672 2951 nostram,
690 2861 906 2960 presentibus
925 2861 1123 2934 homiuibus
1139 2861 1237 2954 regni
1250 2862 1356 2934 nostri
1370 2863 1641 2953 lerosclimitani,
1661 2864 1764 2935 irater

362 2983 577 3054 Hermannus
588 2984 796 3057 venerabilis
810 2985 974 3078 magister
986 2983 1110 3058 domus
1120 2987 1243 3057 Sancte
1249 2985 1353 3059 Maria
1368 2986 1654 3060 Theutonicorom
1668 2989 1701 3058 in
1716 2989 1765 3059 Ie-

363 3105 523 3178 rosolima
543 3115 578 3177 at
594 3106 742 3180 lacobus
768 3106 813 3181 de
835 3105 1035 3200 Amigdala,
1052 3105 1171 3180 fideles
1190 3108 1315 3198 nostri,
1336 3119 1548 3204 exponentes
1568 3109 1764 3182 celsitudini

363 3237 477 3302 nostre
489 3229 634 3322 qualiter
656 3229 693 3302 in
707 3230 828 3304 eadem
842 3229 1065 3302 curianostra
1092 3229 1185 3304 idem
1202 3231 1349 3304 Iacobus
1366 3233 1664 3306 commutationem
1686 3234 1766 3306 lecit

363 3374 443 3425 cum
457 3351 578 3425 eodem
592 3353 753 3446 magistro
769 3362 802 3425 et
815 3353 918 3426 domo
936 3375 1012 3446 suo,
1031 3352 1076 3426 dc
1088 3361 1159 3426 tota
1177 3363 1266 3426 terra
1282 3375 1387 3447 quam
1405 3355 1540 3428 tenebat
1551 3355 1588 3426 in
1604 3357 1708 3430 ieodo
1721 3358 1765 3430 ab

363 3473 484 3548 eadam
511 3474 615 3548 domo
641 3476 677 3548 in
699 3477 912 3572 pertinentiis
937 3476 1088 3548 civitatis
1114 3485 1230 3549 nostre
1247 3476 1456 3550 Acconensis
1482 3501 1529 3550 ex
1551 3481 1766 3554 successione

363 3598 481 3670 matris
500 3619 563 3670 sue
577 3597 647 3672 filie
663 3599 839 3692 quondam
863 3600 996 3672 comitis
1016 3600 1198 3691 lozcelini,
1219 3621 1282 3696 pro
1299 3623 1363 3672 sex
1384 3600 1524 3674 mitibus
1546 3611 1581 3674 et
1601 3603 1766 3696 quadrin-

364 3721 475 3814 gentis
488 3721 650 3794 bisanciis
665 3723 915 3814 Scrracenatis;
930 3744 1018 3817 quos
1032 3722 1124 3796 dicto
1137 3723 1301 3816 magistro
1315 3733 1348 3796 et
1361 3725 1492 3819 prelato
1506 3723 1625 3796 domui
1638 3747 1700 3798 sue
1713 3749 1767 3798 se-

365 3843 493 3916 renites
502 3853 617 3917 nostra
626 3854 838 3918 concesserat
847 3846 881 3918 in
891 3846 1059 3919 reditibus
1071 3847 1214 3920 cathena
1226 3855 1341 3920 nostre
1349 3846 1557 3921 aennensis
1566 3851 1621 3922 vol
1631 3851 1666 3920 in
1680 3850 1767 3922 redi·

363 3967 456 4039 tibus
471 3967 590 4059 lunda,
607 3967 637 4040 si
650 3969 695 4042 de
706 3969 873 4042 reditibus
884 3969 1027 4042 cathano
1038 3969 1209 4062 deessent,
1224 3971 1280 4043 vel
1294 3971 1416 4042 inaliis
1427 3972 1594 4044 reditibus
1611 3973 1766 4064 ejusdem

364 4090 512 4164 civitatis
532 4093 656 4165 melios
672 4093 937 4188 apparentibus,
961 4094 992 4166 si
1005 4093 1050 4168 de
1071 4094 1241 4168 reditibus
1269 4092 1413 4166 cathene
1437 4095 1595 4168 attonde
1616 4095 1763 4186 deesset,

362 4223 463 4310 prout
480 4215 515 4286 in
531 4216 598 4288 alio
614 4215 794 4311 privilegio
807 4225 923 4288 nostro
938 4216 1056 4290 domui
1078 4217 1209 4313 pretate
1231 4237 1392 4289 concesso
1407 4217 1542 4312 plenius
1560 4219 1762 4291 continetur.

362 4337 406 4412 Et
424 4346 493 4412 nm
511 4338 624 4413 dictus
643 4341 805 4434 magister
816 4349 851 4413 et
867 4341 989 4414 tratres
1005 4341 1060 4414 sui
1074 4362 1195 4414 omnes
1213 4363 1319 4434 quam
1340 4349 1376 4414 et
1392 4341 1540 4414 lacobus
1558 4353 1766 4416 memoratus

363 4463 571 4536 excellencia
585 4473 700 4536 nostre
717 4464 841 4538 devote
858 4465 942 4538 satis
959 4473 993 4538 et
1006 4464 1180 4538 humiliter
1203 4464 1452 4560 supplicarunt,
1470 4473 1508 4536 ut
1524 4467 1767 4540 commutatio·

363 4606 441 4657 nero
467 4585 665 4678 hujusmodi
689 4595 797 4660 ratam
825 4587 951 4660 habere
975 4596 1009 4660 et
1036 4609 1113 4660 eam
1135 4587 1323 4662 concedere
1353 4596 1388 4660 et
1416 4587 1636 4680 confirmare,
1663 4592 1766 4664 etad

363 4707 664 4807 utriusquepartis
688 4710 903 4784 securitatem
926 4709 1109 4806 privilegio
1134 4719 1263 4806 nostro,
1285 4711 1374 4784 sicut
1390 4711 1478 4786 inter
1495 4734 1554 4786 eos
1574 4723 1650 4787 acta
1663 4723 1714 4787 est
1729 4715 1763 4786 in
