4702 6110
554 629 616 694 tao
1105 611 1417 698 ronrrsanara

557 765 723 841 videlicet
739 765 849 838 sancti
870 765 1038 840 Samuelis
1055 775 1090 842 et
1106 769 1216 842 sancti
1232 769 1393 860 Abacuc,
1413 790 1484 866 que
1506 767 1649 844 fundate
1672 769 1813 843 luerunt
1833 768 1965 845 ibidem

556 899 593 964 et
607 889 783 964 destructe
802 889 1024 986 postmodnm
1048 913 1128 965 cum
1146 902 1265 988 gentes
1284 906 1456 969 venerunt
1476 894 1513 966 in
1531 891 1756 968 hereditatem
1774 894 1914 968 Domini
1930 905 1967 968 et

557 1016 723 1110 templum
737 1023 896 1088 sanctum
909 1037 1013 1089 suum
1027 1038 1073 1091 ex
1088 1017 1262 1114 spurcitiis
1272 1018 1346 1092 suis
1358 1017 1568 1116 polluerunt,
1583 1015 1839 1112 magnificentie
1851 1025 1965 1090 resae

555 1138 782 1214 attentissime
795 1139 832 1211 in
844 1139 992 1215 Domino
1008 1140 1243 1238 supplicamus
1253 1151 1424 1238 quatenus
1441 1141 1569 1215 intuitu
1584 1141 1647 1214 Dei
1661 1151 1698 1215 et
1711 1141 1817 1216 totius
1831 1140 1964 1216 ordinis

554 1263 749 1339 orationum
771 1263 808 1337 in
823 1263 890 1336 hoc
914 1264 1140 1360 pergratiam
1162 1274 1312 1340 vestram
1334 1265 1523 1340 sentiamus
1538 1265 1711 1340 auxilium
1727 1274 1763 1340 et
1782 1265 1964 1340 consilium
2084 1328 2086 1330 .

555 1397 711 1462 vestrum
728 1387 764 1460 in
792 1397 946 1484 tempore
962 1397 1173 1484 opportuno,
1193 1411 1274 1462 cum
1292 1390 1436 1466 dextera
1458 1391 1517 1464 illa
1537 1399 1658 1464 mnan
1678 1391 1817 1488 expulsi
1837 1391 1966 1464 luerint

556 1511 744 1602 chananei,
758 1513 915 1606 gentium
930 1509 1172 1586 incredulitate
1183 1513 1277 1606 lusa,
1294 1513 1406 1609 [qnod
1420 1513 1499 1604 iste]
1511 1535 1659 1609 quarum
1673 1513 1788 1608 alteri,
1802 1511 1965 1588 videlicet

555 1637 1006 1730 eeclesiesanctisamuelis,
1018 1637 1376 1732 proiecimuslatorem
1388 1636 1963 1734 presentiumvirumveuerabilem

556 1763 760 1858 magistrum
771 1761 935 1854 Egidium
948 1761 1164 1857 capellanum
1178 1771 1331 1836 vestmm
1342 1759 1804 1858 (nostrumlJordininostro
1813 1759 1963 1836 reddan-

556 1897 625 1980 tur,
646 1895 687 1958 ut
708 1885 808 1982 quasi
830 1884 980 1959 Iordane
1007 1885 1149 1960 uansito
1175 1887 1296 1960 fratres
1320 1886 1427 1960 nostri
1447 1885 1547 1982 quasi
1565 1883 1750 1962 duodecim
1768 1885 1902 1982 lapides
1926 1884 1963 1957 in

556 2009 792 2085 testimonium
808 2019 844 2084 et
860 2008 1061 2083 memoriam
1080 2009 1191 2108 ipsius
1207 2009 1339 2086 ordinis
1354 2009 1401 2086 de
1419 2031 1498 2086 area
1516 2008 1737 2108 professionis
1754 2018 1965 2106 reponantur

554 2145 588 2209 et
603 2135 811 2208 collocentur
827 2132 971 2207 ibidem.

605 2777 776 2865 lleledon
790 2777 978 2881 francaise
990 2779 1039 2862 de
1053 2777 1092 2862 la
1107 2737 1278 2862 croisade
1291 2777 1340 2862 de
1351 2776 1578 2890 l'empereur
1593 2775 1767 2862 Freddric
1780 2775 1826 2862 ll.

631 3019 809 3100 (Fragment
820 3017 914 3081 lnedlt
926 3019 968 3080 du
980 3017 1067 3082 MSS.
1082 3027 1160 3082 aare
1173 3017 1254 3080 dela
1271 3017 1412 3081 Biblioth.
1430 3019 1544 3080 uadcu.
1558 3015 1597 3080 de
1609 3017 1709 3093 Paris,
1723 3015 1776 3080 iel.
1794 3025 1851 3080 tor
1866 3023 1960 3092 recto,

672 3136 730 3190 toa
747 3131 844 3202 racto;
860 3123 1036 3188 eodadonnd
1053 3141 1126 3188 avec
1144 3123 1268 3186 lerose.
1284 3133 1381 3204 atra,
1397 3133 1427 3199 t,
1442 3123 1525 3188 colb.
1539 3123 1680 3186 L'autcnr
1690 3126 1822 3186 inconuu
1836 3124 1875 3185 da
1887 3131 1964 3186 cette

671 3232 1266 3311 oouttnuadondaiiulllaumadcTyraat
1277 3229 1507 3312 blanrmeignd
1518 3249 1568 3294 sur
1581 3232 1624 3294 lea
1635 3229 1753 3293 allaim
1764 3230 1879 3294 d'ltalla
1889 3247 1963 3309 pen·

669 3341 743 3404 dant
755 3343 797 3404 lea
809 3341 966 3420 premieres
979 3339 1088 3404 emtas
1101 3340 1144 3402 du
1155 3339 1240 3402 xm·
1250 3341 1353 3414 alteim
1364 3357 1398 3402 sa
1407 3341 1531 3402 relation
1541 3356 1560 3402 a
1573 3337 1620 3402 ela
1631 3339 1841 3428 omnimept
1849 3353 1964 3400 eonnue

668 3465 722 3528 par
734 3449 830 3511 Marln
845 3448 939 3510 Sauut
951 3453 982 3508 et
1001 3447 1097 3508 meme
1115 3463 1169 3524 par
1184 3447 1342 3508 Jordanrm.
1359 3447 1432 3510 Volr
1450 3463 1502 3508 sur
1517 3446 1561 3508 lea
1578 3448 1801 3508 continuateurs
1819 3443 1858 3506 de
1876 3443 1963 3506 Gall·
2041 3449 2052 3460 ‘

668 3557 767 3618 laume
780 3554 817 3616 de
831 3555 894 3634 Tyr
907 3555 935 3615 le
948 3553 1053 3615 recueil
1067 3551 1119 3614 des
1130 3553 1287 3614 historlerm
1298 3553 1351 3614 das
1363 3551 1526 3627 croisades,
1547 3551 1647 3632 publii
1664 3568 1717 3632 par
1730 3551 1899 3614 l'aeademle
1911 3551 1964 3612 das

668 3659 1168 3740 monmorenciacensem
1187 3657 1226 3720 de
1239 3657 1283 3720 ll.
1298 3657 1415 3720 daldae
1427 3655 1549 3738 laute)

602 3876 707 3973 caup.
731 3875 860 3950 XXIII.
890 3875 1005 3962 Quaut
1026 3875 1050 3947 li
1077 3883 1203 3947 termes
1224 3875 1262 3946 iu
1291 3893 1405 3946 venus
1427 3895 1497 3969 que
1520 3873 1546 3945 li
1569 3893 1762 3969 empereres
1783 3871 1903 3946 Fedric
1926 3881 1963 3944 ot

550 4003 699 4100 emprise
714 4010 750 4075 et
759 4004 860 4095 jurae
881 4001 915 4074 la
933 3999 1013 4073 voie
1032 3997 1258 4091 d’outremer,
1265 4051 1355 4070 ......
1374 3999 1399 4070 il
1415 3996 1471 4070 list
1491 4007 1653 4071 atoumer
1669 4005 1704 4070 et
1727 4005 1879 4093 aprester
1898 4015 1963 4068 nez

550 4139 586 4202 et
598 4128 707 4224 galiee
727 4147 748 4199 a
769 4122 916 4198 Brundis
940 4133 976 4195 et
989 4121 1117 4196 manda
1138 4144 1183 4196 en
1201 4121 1405 4218 Alemaigne
1426 4131 1462 4196 et
1484 4141 1528 4196 en
1551 4121 1678 4194 Franee
1699 4121 1784 4193 faire
1808 4119 1963 4193 assavoir

551 4273 614 4328 son
628 4271 774 4348 passage
786 4257 821 4322 et
834 4269 873 4322 sa
888 4257 1014 4322 muete.
1037 4249 1128 4320 Dont
1151 4247 1261 4320 moult
1280 4254 1379 4342 grant
1401 4247 1518 4342 plante
1533 4241 1731 4318 d’Alemans
1745 4251 1962 4342 passerentu

551 4376 614 4468 lui,
634 4383 670 4450 et
686 4395 802 4449 aucun
820 4381 997 4468 passerent
1015 4393 1037 4444 a
1052 4369 1237 4444 Mareeille.
1259 4370 1375 4456 Quant
1391 4370 1415 4442 il
1437 4371 1552 4442 iurent
1566 4389 1647 4464 pres
1665 4365 1735 4441 dou
1754 4367 1913 4440 mouvoir
1929 4365 1962 4438 la

550 4493 1203 4586 ouilestoientassambleaBrandis,li
1216 4477 1410 4591 empereres
1423 4489 1709 4586 commendaque
1720 4491 1790 4563 l'en
1804 4489 1962 4584 ehargast

551 4645 589 4698 es
603 4645 666 4696 nez
679 4624 730 4696 les
743 4621 890 4696 viandes
901 4629 937 4694 et
956 4622 1007 4695 les
1020 4619 1158 4694 harnois
1176 4629 1212 4694 et
1227 4621 1277 4693 les
1290 4619 1455 4693 elevans.
1476 4619 1593 4704 Quart
1613 4625 1687 4690 tout
1708 4635 1749 4688 ee
1768 4615 1806 4687 lu
1822 4613 1961 4708 chargie

549 4769 588 4822 es
603 4768 678 4840 nez,
699 4747 782 4820 elles
803 4753 940 4818 murent
964 4753 1000 4818 et
1022 4753 1200 4841 passerent
1217 4765 1262 4818 en
1289 4743 1323 4818 ia
1347 4753 1437 4818 terra
1456 4741 1503 4817 de
1523 4741 1623 4816 Surio
1646 4749 1681 4814 et
1702 4739 1893 4814 arrivereut
1914 4759 1960 4810 au
