4710 6076
1061 635 1235 700 llElllllcl
1260 638 1431 701 stertat
1762 639 1842 717 [bu.
1862 639 1949 704 1227.

341 1199 502 1306 „ffim
588 1193 773 1280 Hem-icus
786 1197 1046 1282 Romanorum
1059 1227 1126 1286 rex
1141 1213 1277 1288 notum
1288 1201 1380 1287 iacit
1391 1203 1581 1288 universis
1600 1228 1641 1288 se
1654 1203 1806 1314 penitus
1823 1228 1953 1288 cassa·

355 1307 385 1354 ¹⁸
398 1308 482 1365 ψ
534 1327 887 1442 risseprivilegium
900 1334 1096 1444 quoddam
1111 1359 1134 1417 a
1147 1333 1293 1420 ciubns
1305 1335 1609 1422 virdunensibus
1621 1345 1755 1422 oontm
1763 1335 1853 1448 jura
1865 1335 1949 1418 im·

535 1461 630 1572 perii
648 1471 686 1545 ct
697 1463 863 1575 episcopi
885 1465 1134 1551 virdunensis
1145 1467 1367 1577 obtentum,
1387 1469 1497 1584 cujus
1517 1469 1705 1582 privilegii
1727 1469 1951 1581 praecipuos

536 1595 715 1682 articulos
728 1609 929 1684 memorat.
945 1599 1036 1686 Jura
1058 1611 1186 1688 autem
1198 1613 1236 1686 et
1252 1602 1446 1688 libertates
1464 1603 1630 1714 episcopi
1643 1601 1815 1716 ejusdem
1832 1603 1951 1688 inno-

534 1733 659 1817 vando
677 1733 890 1818 confirmat.

615 1947 731 2030 llldldlt
753 1949 952 2029 Sunmnoar,
973 1949 1185 2036 lde-boitrdr'pe
1209 1949 1367 2016 llrknndcn
1379 1952 1438 2035 fu'r
1457 1951 1505 2016 cto
1523 1955 1621 2016 bano.
1646 1951 1760 2028 cem,
1789 1957 1861 2015 erat.
1888 1951 1946 2014 Tb.

654 2074 686 2135 p.
702 2065 752 2132 ss,
767 2065 801 2118 n⁰
814 2057 925 2132 XLIX,
941 2075 980 2120 ex
993 2059 1097 2122 mem
1111 2059 1194 2122 tonte
1207 2062 1261 2140 qul
1274 2057 1387 2140 snpra.)

583 2243 751 2320 ilenricns
763 2245 884 2320 divina
896 2247 1035 2320 invente
1046 2246 1225 2322 clementia
1235 2249 1468 2322 Romanorum
1481 2269 1546 2324 rex
1561 2256 1597 2321 et
1612 2267 1749 2345 semper
1762 2253 1947 2340 angustus,

534 2369 707 2444 universis
722 2379 916 2467 presentem
934 2373 1098 2470 paginam
1116 2373 1322 2470 inspecturis
1343 2373 1488 2468 gratiam
1506 2395 1606 2448 snam
1626 2382 1663 2447 et
1678 2393 1781 2447 omne
1801 2371 1945 2446 bonum.

532 2493 589 2571 Ad
607 2496 800 2570 futurorum
818 2505 853 2569 et
869 2496 1082 2594 presentium
1103 2495 1259 2571 notitiam
1276 2497 1460 2594 pervenire
1476 2499 1640 2572 volumus
1653 2497 1751 2593 quod
1764 2517 1828 2570 nos
1840 2494 1949 2593 privi-

532 2619 663 2714 legium
686 2643 708 2694 a
728 2621 865 2696 civibus
879 2621 1157 2696 virdunensibus
1171 2644 1194 2696 a
1210 2621 1312 2696 nobis
1334 2622 1370 2694 in
1392 2621 1489 2697 curia
1502 2622 1648 2698 solemni
1661 2619 1888 2718 aquisgrani,
1911 2619 1948 2692 iu

534 2747 753 2822 coronatione
770 2747 987 2822 serenissime
1003 2755 1039 2822 et
1051 2747 1252 2822 charissime
1272 2747 1431 2844 conjugis
1446 2757 1574 2842 nostre,
1592 2769 1684 2822 anno
1704 2745 1949 2820 incarnationis

534 2869 707 2947 dominice
741 2873 923 2946 millesimo
952 2871 1190 2948 ducentesimo
1214 2873 1384 2968 vigesimo
1404 2873 1552 2969 septimo
1579 2871 1671 2946 circa
1693 2869 1799 2946 linem
1820 2871 1949 2946 mensis

534 2997 648 3070 martii
674 2997 813 3090 habita,
843 3019 905 3094 per
929 2997 1082 3094 ipsorum
1107 2997 1401 3094 importunitatem
1425 3007 1462 3073 et
1500 2995 1762 3093 occupationem
1796 3005 1948 3070 nostram

534 3131 653 3196 contra
663 3123 744 3216 jura
764 3122 881 3196 dilecti
898 3121 1064 3218 principis
1077 3121 1185 3196 nostri
1200 3121 1374 3219 ltndolpbi
1388 3121 1616 3196 virdunensis
1633 3122 1732 3196 electi
1749 3129 1785 3195 et
1803 3143 1949 3198 succes-

533 3269 652 3324 somm
668 3247 780 3344 ipsius
801 3257 837 3320 et
856 3247 893 3320 in
908 3246 1140 3344 prejudicium
1163 3247 1258 3340 regie
1273 3247 1460 3341 majestatis
1482 3247 1723 3344 impetratum,
1740 3245 1786 3320 de
1806 3245 1949 3320 consilio

534 3373 650 3450 dilecti
665 3382 700 3446 et
711 3371 851 3448 disereti
862 3371 1028 3468 principis
1041 3371 1148 3444 nostri
1160 3372 1379 3446 Treverensis
1391 3370 1640 3470 archiepiscopi
1650 3379 1685 3444 et
1697 3369 1843 3444 aliorum
1854 3369 1948 3466 prin·

533 3498 653 3596 cipum
666 3507 880 3590 nostrornm,
894 3519 957 3594 per
969 3496 1176 3572 sententiam
1193 3497 1419 3589 cassavimus,
1433 3507 1468 3571 et
1480 3497 1528 3572 ad
1541 3498 1703 3590 majorem
1717 3496 1873 3570 veritatis
1885 3517 1948 3570 no·

532 3623 642 3698 titiam
660 3622 830 3719 quosdam
856 3621 1019 3696 articulos
1038 3623 1100 3718 qui
1120 3623 1157 3695 in
1178 3621 1302 3697 eodem
1321 3622 1504 3718 privilegio
1530 3621 1793 3696 continebantur
1811 3621 1848 3694 in
1872 3643 1950 3718 pre·

534 3749 625 3824 senti
660 3748 788 3846 scripto
813 3747 983 3823 duximus
1009 3745 1226 3822 adnotandos
1253 3773 1262 3818 ε
1288 3745 1451 3820 videlicet
1475 3746 1572 3844 quod
1596 3745 1803 3822 authoritate
1832 3754 1948 3820 nostra

534 3883 667 3972 septem
682 3875 816 3966 jnratos
833 3871 960 3968 eligere
978 3871 1129 3946 debeant
1147 3871 1210 3967 qni
1231 3871 1363 3946 civitati
1379 3870 1597 3946 verdunensi
1619 3868 1896 3958 dominarentur,
1914 3879 1949 3944 et

534 3997 632 4095 qnod
648 3997 888 4072 subdecanum
903 3996 1047 4088 laicum,
1067 3996 1129 4092 qui
1143 3997 1251 4092 vulgo
1267 3993 1483 4070 submonitor
1496 4003 1652 4087 vocatur,
1669 3997 1779 4090 major
1795 3993 1949 4068 decanus

536 4121 687 4196 civitatis
701 4122 810 4196 laicus
825 4121 1004 4196 annuatim
1022 4120 1164 4217 eligeret
1175 4130 1211 4195 et
1223 4143 1305 4195 enm
1322 4119 1486 4217 episcopo
1505 4119 1721 4194 verdunensi
1739 4127 1950 4215 presentaret

536 4247 808 4322 investiendum.
834 4247 871 4320 Si
895 4267 979 4321 vero
1000 4245 1057 4320 vet
1084 4245 1375 4321 demasonus
1398 4243 1679 4320 civitatislaicus
1709 4242 1949 4318 subdecanum

536 4373 665 4448 laicum
681 4395 751 4448 non
766 4373 920 4468 eligeret,
940 4371 997 4447 vel
1014 4372 1199 4469 episcopus
1215 4393 1297 4446 eum
1312 4371 1460 4446 electum
1477 4369 1611 4444 etiamsi
1627 4377 1862 4465 presentatum
1877 4389 1950 4440 non

536 4499 717 4595 reciperat,
730 4498 797 4594 ipsi
814 4497 1040 4572 nibilominus
1051 4517 1133 4570 cnm
1146 4497 1312 4591 eligerent
1328 4506 1364 4570 et
1380 4493 1456 4592 ipse
1470 4493 1622 4568 officinm
1639 4514 1744 4568 sunm
1756 4501 1945 4566 exercent.

535 4623 716 4700 Debebunt
732 4623 836 4696 etiem
852 4621 1115 4717 quatuordecim
1131 4619 1290 4694 scabinos
1304 4620 1448 4716 eligere,
1467 4627 1599 4716 septem
1612 4617 1659 4692 de
1671 4617 1799 4716 palatio
1819 4624 1856 4690 et
1871 4636 1950 4713 sep

537 4759 607 4824 tem
629 4747 675 4824 de
700 4745 965 4838 vicecomitatu,
991 4746 1054 4843 qni
1080 4745 1181 4820 electi
1208 4745 1372 4844 episcopo
1400 4753 1698 4843 presentarentur,
1724 4750 1760 4818 et
1784 4742 1816 4817 si
1844 4741 1951 4818 nollet
