4710 6076
518 512 579 576 aso
1043 515 1213 578 anuurur
1237 515 1403 579 srrrrnr
1737 521 1816 608 [tn.
1835 525 1921 590 raas

522 667 665 741 camus,
691 655 726 721 et
751 645 893 722 firmiter
917 657 1147 744 protestamur
1172 651 1269 746 quod
1304 653 1419 725 omnia
1450 653 1488 726 in
1515 653 1714 750 supradicto
1741 659 1924 755 privilegio

523 779 683 846 contenta
705 772 889 846 ohservare
901 773 1063 846 volumus
1081 773 1297 867 inconvulsa,
1311 775 1467 850 homines
1481 779 1678 874 supradicte
1693 782 1839 856 ecclesie
1855 805 1924 856 no-

522 895 631 969 lentes
643 895 747 968 alioui
766 895 811 969 de
826 903 939 968 cetero
958 895 1148 985 infeodare,
1168 899 1224 970 vel
1240 917 1449 994 quocunque
1465 901 1570 974 modo
1591 913 1744 978 anostra
1761 915 1926 1002 potertato

523 1019 685 1092 alienare.
711 1019 755 1092 Et
781 1017 827 1092 ad
852 1019 1017 1112 majorem
1039 1019 1250 1094 evidentiam
1272 1033 1466 1117 presentem
1489 1023 1653 1120 paginam
1673 1028 1785 1122 siffl'llo
1810 1039 1926 1104 nostre

522 1141 736 1218 celsitudinis
749 1143 919 1216 munitam
932 1143 1048 1216 abbati
1067 1143 1225 1218 exhiberi
1238 1145 1406 1236 jussimus
1422 1158 1621 1222 memorato.

569 1265 695 1338 Datum
710 1265 806 1361 apud
820 1265 972 1356 Ulmum,
990 1266 1082 1338 Xllll
1101 1265 1267 1340 luendas
1281 1268 1419 1362 augusti
1435 1268 1498 1365 (l),
1516 1269 1704 1347 indictione
1725 1274 1848 1370 prima.

1631 1623 1711 1634 ..-

337 1939 479 2049 affl..
572 1911 757 1996 Henmcus
770 1911 1029 1996 Romanorum
1043 1938 1111 1995 rex
1128 1913 1179 1996 ad
1191 1913 1433 1998 relevandam
1446 1914 1615 2024 inopiam
1630 1915 1784 2000 claustri
1799 1917 1925 2002 Sancti

343 2049 476 2104 ”W
519 2043 636 2128 Blasii
653 2045 693 2126 in
711 2043 830 2154 Nigra
845 2044 959 2156 Sylva
971 2045 1006 2128 ei
1018 2043 1110 2128 facit
1121 2047 1284 2156 gratiam
1296 2057 1339 2130 ut
1351 2047 1482 2131 nullus
1503 2047 1749 2132 aneorum
1766 2049 1826 2134 vel
1842 2050 1926 2135 offi-

519 2175 704 2260 ciatorum
725 2201 883 2260 suorum
903 2175 953 2260 ab
971 2175 1108 2260 abbate
1123 2177 1183 2262 vel
1201 2179 1424 2288 praepositis
1446 2187 1513 2264 aut
1529 2179 1712 2264 ministris
1734 2181 1824 2264 dicti
1842 2207 1927 2266 mo-

520 2309 674 2392 nasterii
695 2308 838 2418 aliquid
859 2318 1081 2420 extorquere
1097 2309 1156 2392 vel
1175 2311 1225 2392 ad
1246 2309 1517 2396 coniereudum
1531 2337 1596 2396 eos
1609 2323 1927 2423 contemptae-

521 2451 662 2526 sumat.

603 2683 707 2759 (lldld.
721 2683 873 2760 limma,
888 2683 963 2746 lir'ot
974 2683 1085 2766 Nlpm
1098 2681 1215 2764 Saloca,
1229 2683 1302 2746 God-
1317 2684 1453 2763 atpium,
1467 2686 1522 2760 111,
1538 2694 1606 2762 tta,
1620 2703 1655 2748 n·
1667 2684 1730 2766 tt.)

569 2891 612 2961 H.
633 2889 694 2962 Dei
719 2887 829 2982 gratia
850 2889 1079 2962 Romanorum
1102 2911 1166 2961 rex
1184 2897 1220 2962 et
1236 2909 1372 2984 semper
1393 2899 1579 2983 augustus,
1600 2890 1774 2963 universis
1792 2890 1926 2986 imperii

521 3011 684 3086 fidelibus
700 3011 791 3084 hanc
815 3021 966 3085 nostram
986 3009 1060 3108 (n'c)
1080 3011 1228 3084 litteram
1253 3011 1459 3108 inspecturis
1480 3013 1624 3108 gratiam
1650 3035 1750 3086 suam
1771 3021 1807 3086 et
1825 3035 1926 3088 omne

519 3136 663 3210 bonnm.
686 3135 741 3208 Ex
759 3135 877 3209 innata
895 3134 995 3207 nohis
1015 3134 1226 3228 benignitate
1249 3143 1406 3208 tenemur
1425 3137 1656 3232 quorumlibet
1682 3135 1837 3210 lidelinm
1861 3137 1925 3210 im·

523 3259 612 3358 perii
631 3257 869 3355 oppressiones
885 3259 1039 3331 relevare
1063 3266 1099 3330 et
1122 3279 1243 3330 eorum
1260 3258 1376 3354 inopie
1394 3258 1635 3332 subventionis
1654 3257 1822 3332 beneficio
1845 3281 1926 3356 pro·

524 3383 658 3458 videre.
680 3382 768 3455 ilino
779 3389 833 3454 est
846 3381 942 3476 quod
955 3403 1019 3455 nos
1033 3382 1091 3478 pia
1102 3381 1402 3455 animadversione
1419 3381 1673 3456 considerantes
1689 3383 1927 3478 oppressiones

524 3515 561 3580 et
577 3505 729 3600 inopiam
749 3505 888 3589 daustrl
909 3505 1025 3577 Sancti
1044 3503 1148 3576 Blasii
1165 3504 1202 3574 in
1216 3503 1322 3596 Nigra
1338 3505 1459 3600 Sylva,
1476 3505 1688 3580 honestatem
1707 3505 1849 3580 ecclesie
1864 3505 1926 3605 [et]

525 3629 725 3724 religionem
746 3649 989 3724 personarum,
1010 3627 1100 3701 hano
1119 3628 1170 3702 eis
1187 3627 1332 3700 lecimus
1349 3628 1493 3720 gratim
1510 3637 1545 3702 et
1561 3627 1722 3701 dedimus
1738 3627 1927 3702 libertatem

527 3754 573 3829 de
590 3754 732 3828 consilio
745 3761 779 3826 et
795 3751 939 3826 inductu
956 3761 1026 3824 am
1044 3751 1145 3826 ducis
1161 3751 1320 3825 Bawuria
1331 3773 1436 3846 quam
1450 3751 1549 3825 ducis
1562 3750 1699 3824 Austrie
1712 3759 1748 3824 et
1762 3751 1875 3846 Styrie
1889 3761 1928 3824 ut

526 3877 613 3951 nulli
633 3877 853 3950 scultetornm
874 3885 1085 3964 nostorum,
1106 3875 1319 3968 bajulorum,
1337 3874 1588 3948 baioariorum
1606 3875 1664 3947 vel
1683 3873 1846 3946 clientum
1865 3895 1928 3946 seu
1991 3969 1995 3978 ¹

527 4002 630 4076 etiam
647 4000 774 4074 familie
793 3999 933 4074 domine
951 4000 1070 4094 regine
1087 3998 1212 4072 dilecte
1233 3997 1398 4071 consortis
1421 4006 1536 4070 nostro
1558 3997 1603 4070 ab
1624 3997 1750 4069 abbate
1772 3996 1828 4068 vel
1851 4017 1928 4091 pre-

527 4125 648 4224 positis
664 4133 725 4199 aut
738 4123 902 4198 minntris
923 4145 986 4197 seu
1003 4121 1180 4196 advocatis
1197 4121 1280 4196 dieti
1299 4121 1497 4195 monasterii
1518 4127 1652 4208 vestes,
1669 4139 1777 4213 equoe
1794 4119 1851 4192 vel
1874 4139 1929 4194 so·

565 4429 602 4503 (tl
620 4429 687 4488 Cum
704 4430 740 4487 sit
758 4427 947 4486 dommantum
964 4427 1042 4502 plane
1058 4427 1254 4498 authmtcnm,
1273 4425 1322 4484 sed
1343 4441 1391 4484 rex
1413 4425 1486 4501 apud
1511 4425 1653 4498 Niirnberp
1669 4421 1733 4482 x1v
1751 4419 1804 4479 lnl.
1823 4419 1928 4494 engrati

528 4531 687 4594 moraretum
698 4523 828 4598 suspicari
838 4523 900 4581 licet
909 4523 937 4580 in
948 4523 1083 4582 notatione
1092 4522 1144 4580 diei
1154 4521 1281 4582 mondum
1298 4537 1348 4596 per
1361 4520 1491 4578 incuriam
1505 4519 1600 4579 nonrli
1615 4517 1764 4592 irrqraisse.
1777 4515 1878 4574 Forsan
1894 4513 1930 4572 la-

528 4621 645 4697 gendum
656 4617 981 4694 Xll'ltul.oaptcmdr.(tt
992 4619 1120 4694 aupnti).
1433 4619 1437 4630 “
1779 4624 1781 4634 ·
1918 4621 1922 4632 ·
