4602 6084
316 669 415 726 lnnrcr.
434 661 474 748 1.]
758 658 953 722 HISTORIA
980 657 1270 718 nictotttrtch
1673 659 1713 721 29

315 836 349 898 et
364 823 425 895 filii
439 825 519 896 lesu
534 821 656 894 Christi
671 819 798 893 debent
807 820 853 893 ad
862 819 1058 892 subsidium
1072 829 1160 890 terre
1175 825 1291 890 sancte
1305 825 1399 890 tanto
1416 817 1536 890 lortius
1550 818 1705 912 animari,

315 955 444 1040 quanto
462 944 684 1039 ignominiam
698 943 904 1036 geminatum
917 941 1066 1037 amplius
1079 941 1244 1014 resultare
1258 939 1473 1034 conspiciunt
1482 961 1529 1011 ex
1541 941 1711 1036 insperata

317 1069 417 1141 ruina
434 1069 470 1139 in
490 1075 621 1161 patrem
639 1075 673 1138 et
690 1064 797 1156 filios,
821 1066 857 1136 in
870 1065 1131 1160 Redemptorem
1145 1073 1249 1157 atque
1264 1063 1474 1159 redemptos,
1491 1064 1526 1134 in
1542 1062 1711 1138 Christum

316 1201 351 1263 et
369 1191 536 1286 populum
558 1188 792 1260 christianum.
813 1189 881 1260 Nos
899 1189 991 1259 enim
1005 1187 1099 1260 istud
1115 1187 1289 1280 negotium
1307 1193 1401 1258 tanto
1419 1187 1595 1260 ardentius
1613 1210 1711 1261 assu·

316 1335 407 1386 mere
418 1313 629 1399 affectamus,
644 1322 678 1384 et
688 1310 900 1407 profundiori
911 1311 1054 1383 oonsilio
1070 1311 1138 1382 alta
1152 1309 1362 1382 intendimus
1375 1309 1528 1382 remedia
1542 1311 1707 1403 invenire,

317 1445 446 1530 quanto
460 1439 568 1528 major
587 1434 754 1506 incumbit
773 1434 956 1506 necessitas
970 1441 1005 1504 et
1020 1455 1066 1505 ex
1082 1433 1199 1504 multis
1215 1432 1360 1504 conflata
1374 1432 1548 1505 doloribus
1561 1443 1710 1507 nostram

317 1557 457 1652 grandis
476 1557 635 1651 angustia
656 1567 805 1630 mentem
827 1557 961 1653 premit.
984 1557 1053 1628 Etsi
1069 1557 1161 1628 enim
1180 1555 1346 1628 Dominus
1367 1556 1495 1650 populo
1514 1577 1578 1628 suo
1600 1558 1711 1629 modi·

317 1703 397 1752 cnm
410 1681 595 1754 ostenderit
607 1701 644 1752 se
658 1680 802 1770 iratum,
821 1680 866 1752 de
880 1680 971 1751 illius
985 1701 1090 1750 manu
1106 1679 1171 1751 hoc
1185 1687 1336 1772 ternpore
1350 1678 1554 1751 sacrificium
1573 1701 1639 1752 non
1654 1702 1712 1754 ac-

318 1813 457 1898 ceptans
470 1803 532 1898 qui
549 1804 768 1898 prudentiam
786 1825 855 1874 non
873 1811 925 1875 est
940 1803 1093 1874 imitatus
1112 1802 1245 1873 illorum
1270 1823 1331 1896 per
1346 1823 1433 1895 quos
1450 1803 1543 1874 salus
1557 1804 1593 1874 in
1610 1805 1710 1876 lsrael

317 1925 390 1998 lieri
405 1926 598 2018 consuevit,
622 1925 776 1999 nondum
790 1935 904 1998 tamen
918 1924 1150 1997 misericordie
1167 1925 1301 1995 Domini
1317 1933 1398 1995 sunt
1411 1935 1627 2021 consumpte,
1648 1949 1710 2000 nec

316 2051 392 2142 ojus
404 2049 637 2121 miserationes
654 2049 792 2145 penitus
815 2049 1023 2123 deiecerunt.
1047 2049 1231 2142 Speremus
1253 2067 1402 2140 namque
1422 2047 1457 2118 in
1480 2048 1710 2122 misericordia

316 2172 377 2242 llei
394 2171 498 2243 nostri
519 2171 614 2265 qnod
634 2171 727 2244 viem
749 2171 847 2243 nobis
870 2171 1027 2243 ostendet
1046 2193 1108 2266 per
1126 2192 1231 2266 quam
1254 2169 1288 2240 in
1309 2169 1375 2240 hoc
1397 2169 1533 2262 nogotio
1551 2193 1710 2266 prospere

317 2295 527 2386 gradiamur,
543 2305 578 2366 et
592 2296 683 2366 viros
695 2295 886 2367 secundum
902 2315 1074 2366 corsuum
1084 2293 1232 2366 Ecclesie
1247 2291 1440 2385 designabit
1453 2293 1513 2386 qui
1528 2295 1712 2388 precedant

317 2418 352 2489 in
378 2417 490 2490 cordis
513 2417 660 2512 puritate
683 2439 725 2489 ac
749 2440 915 2490 manuum
943 2417 1112 2491 munditia
1138 2417 1327 2489 exercitum
1352 2417 1588 2488 christianum.
1619 2419 1710 2502 Qua·

318 2549 455 2634 propter
473 2542 713 2612 fraternitatem
726 2550 873 2612 vestrum
887 2541 1107 2612 obsecramus
1121 2539 1156 2610 in
1169 2541 1327 2630 Domino,
1341 2561 1402 2634 per
1415 2541 1599 2634 apostolica
1613 2541 1711 2613 vobis

317 2663 443 2758 scripta
467 2663 687 2757 precipiendo
709 2662 912 2735 mandantes
933 2673 1103 2758 quatenus
1120 2663 1184 2734 heo
1202 2663 1292 2734 clero
1309 2671 1342 2733 et
1356 2663 1492 2756 populis
1508 2663 1608 2734 vobis
1624 2685 1713 2736 com·

316 2787 428 2857 missis
447 2783 592 2858 fideliter
615 2795 825 2882 exponentes
846 2809 887 2858 ac
909 2786 1110 2859 inducentes
1133 2787 1271 2858 eosdem
1296 2794 1335 2856 ut
1354 2785 1400 2859 ad
1423 2784 1487 2858 hec
1509 2785 1712 2878 exequenda

317 2908 477 2980 studeant
498 2929 580 2980 suos
602 2909 734 2981 animos
758 2930 956 3005 preparare;
986 2909 1078 3004 ipsos
1103 2908 1149 2981 ad
1173 2907 1419 2981 vindicandam
1448 2909 1608 3002 injuriam
1633 2910 1712 2982 Iesu

316 3029 437 3102 Christi
458 3029 588 3103 sedulis
615 3032 909 3104 exhortationibus
936 3031 1086 3104 invitetis
1116 3040 1155 3102 ut
1178 3053 1257 3104 oum
1284 3033 1378 3127 ipsos
1403 3035 1589 3128 apostolica
1606 3033 1711 3107 Sedes

317 3151 433 3225 habito
459 3153 635 3226 maturiori
661 3163 805 3227 tractatu
834 3153 1065 3227 sollicitandos
1087 3155 1292 3250 providerit,
1314 3164 1489 3250 promptos
1510 3156 1663 3230 inveniat
1676 3165 1711 3231 et

317 3286 464 3370 paratos.
489 3277 655 3349 Pomone
679 3286 842 3373 tanquam
865 3299 967 3350 canes
985 3277 1089 3369 muti,
1114 3299 1183 3350 non
1200 3279 1352 3350 valentes
1370 3279 1508 3371 lauare,
1530 3280 1711 3353 videamur

318 3397 450 3471 deleme
469 3399 599 3471 homini
619 3408 736 3472 contra
754 3401 882 3488 Deum
901 3421 970 3472 non
984 3409 1157 3474 sumentes
1174 3401 1337 3474 ultionem
1353 3402 1397 3474 de
1421 3404 1479 3475 illo
1503 3404 1564 3498 qui
1581 3413 1710 3478 tanum

318 3521 452 3592 ruinam
467 3521 501 3592 in
520 3522 580 3593 Ilei
598 3523 727 3618 populo
740 3525 949 3617 procuravit,
963 3524 1199 3618 imperatorem
1218 3525 1428 3596 Friderioum
1444 3527 1505 3620 qui
1524 3549 1588 3598 nec
1603 3537 1709 3599 hans-

317 3644 452 3716 fretavit
468 3644 504 3714 in
526 3645 682 3736 termino,
705 3667 768 3717 nec
787 3646 869 3716 illuc
887 3645 922 3716 in
947 3647 1071 3719 taxatis
1090 3647 1257 3742 passagiis
1282 3649 1504 3745 prescriptam
1529 3651 1710 3745 pecuniam

317 3766 517 3857 destinavit,
535 3789 599 3840 nec
611 3766 714 3840 duxit
725 3769 818 3840 mille
829 3769 953 3841 milites
964 3791 1026 3864 per
1039 3769 1215 3844 biennium
1230 3771 1395 3848 tenendos
1409 3773 1537 3846 ibidem
1551 3773 1596 3846 ad
1609 3796 1711 3845 suum

316 3911 378 3983 pro
395 3890 550 3964 subsidio
572 3900 661 3962 terre
678 3899 812 3982 sancte,
833 3892 895 3964 sed
915 3891 951 3962 in
976 3892 1030 3963 his
1049 3893 1159 3964 tribus
1180 3893 1331 3966 articulis
1351 3895 1530 3966 manileste
1549 3893 1710 3967 deficiens

316 4013 351 4082 in
367 4013 726 4086 excommunicationis
741 4013 911 4109 descripte
922 4016 1085 4108 laqueum
1099 4017 1275 4088 ultroneus
1287 4037 1324 4088 se
1340 4017 1493 4111 ingessit,
1510 4038 1708 4089 excommu-

316 4136 464 4206 nicatum
476 4157 675 4230 quanquam
686 4135 785 4209 inviti
795 4137 933 4231 publice
947 4137 1182 4211 nuntiavimus
1195 4140 1266 4234 (t),
1282 4148 1317 4212 et
1328 4140 1532 4214 mandamus
1543 4141 1588 4213 ab
1602 4141 1709 4214 omni·

315 4256 381 4328 bns
393 4257 520 4329 arctius
533 4259 671 4350 evitari,
687 4281 749 4355 per
759 4283 822 4334 vos
836 4272 871 4334 et
883 4264 968 4335 alios
980 4263 1199 4352 ecclesiarum
1214 4264 1360 4358 prelatos
1377 4265 1491 4359 ipsum
1507 4285 1708 4338 excommn-

315 4378 465 4451 nicatum
489 4381 713 4477 precipientes
731 4383 868 4479 publice
884 4385 1053 4476 nuntiari,
1080 4394 1197 4458 contm
1215 4387 1329 4482 ipsum
1349 4387 1379 4458 si
1402 4389 1616 4462 contumacia
1632 4391 1706 4482 ejus

349 4775 383 4850 c)
401 4777 507 4838 Scilicet
517 4783 552 4841 ts
566 4783 741 4858 septembris,
756 4789 879 4876 utsupra
891 4787 1015 4845 diximus.
