4642 6106
480 617 538 680 rac
978 617 1192 680 rnruuurcr
1217 613 1391 676 sncvvnr
1704 614 1784 700 [urs.
1802 619 1887 682 rano.

472 733 609 848 justitia
621 751 805 841 exhibeat,
823 773 866 825 eo
882 747 979 846 qnod
996 751 1114 848 predia
1133 761 1168 824 ct
1182 749 1316 826 reditus
1330 747 1442 844 prime
1459 745 1673 823 fundationis
1690 767 1753 847 per
1768 747 1891 829 hunol-

477 875 563 950 dnm
583 875 709 950 ducem
724 876 953 968 Bavurorum,
967 885 1008 960 ut
1019 874 1214 972 predictum
1232 881 1301 964 est,
1317 872 1363 946 ad
1377 872 1476 968 regni
1487 882 1713 966 augmentum
1728 875 1891 951 distracta

475 999 558 1072 sint.
576 999 644 1072 Sed
660 997 749 1093 quid
763 997 908 1072 daturus
922 1008 975 1072 est
991 1021 1055 1094 pro
1071 1020 1136 1072 suo
1147 997 1287 1072 arbitrio
1305 995 1366 1070 fiat
1381 1005 1416 1068 et
1431 1018 1494 1092 pro
1510 997 1602 1070 hone
1616 999 1807 1090 voluntate,
1827 1023 1891 1076 nec

474 1131 641 1216 cogantur
664 1121 714 1196 ire
735 1122 770 1194 in
792 1122 1033 1219 expeditiones
1057 1123 1315 1218 imperatorum.
1333 1121 1476 1216 Insuper
1496 1141 1707 1216 quecunque
1728 1123 1821 1196 bonu
1844 1125 1891 1198 ad

341 1235 342 1239 ’
473 1243 567 1318 idem
582 1245 766 1318 cenobium
783 1246 955 1341 pertinere
976 1245 1139 1319 videntur
1153 1245 1228 1318 sive
1246 1243 1371 1316 suturis
1387 1243 1601 1339 temporibus
1611 1245 1718 1337 justis
1732 1255 1767 1318 et
1785 1249 1890 1322 ratio·

473 1367 650 1442 nobilibus
667 1369 780 1442 modis
795 1369 979 1464 provenire
995 1379 1169 1465 poterunt,
1187 1370 1283 1442 salva
1304 1377 1339 1442 et
1356 1368 1486 1441 illibata
1498 1367 1613 1442 eidem
1633 1379 1800 1465 perpetuo
1811 1373 1891 1465 jure

473 1513 676 1588 permanere
702 1493 941 1584 decrevimus,
962 1501 996 1566 et
1019 1515 1064 1566 ne
1084 1495 1272 1590 quiequam
1290 1492 1469 1565 hominum
1492 1493 1655 1566 universa
1674 1495 1740 1566 heo
1759 1494 1891 1568 nefario

472 1635 562 1690 ausu
578 1625 755 1711 presumat
768 1615 952 1708 invadere,
969 1637 1160 1711 occupare,
1178 1617 1336 1689 minuere
1352 1617 1409 1688 vel
1426 1616 1582 1710 quolth
1599 1617 1703 1691 modo
1719 1619 1887 1707 alienare«,

473 1748 598 1812 cuncta
615 1741 682 1814 snb
702 1750 817 1813 nostre
833 1739 1020 1833 majestatis
1032 1740 1212 1814 tuitionem
1226 1739 1437 1835 suscipimus
1452 1751 1487 1812 et
1502 1741 1670 1836 presentis
1684 1743 1802 1838 scripti
1817 1744 1890 1840 pri·

473 1864 602 1958 vilegio
626 1864 893 1938 communimus.
916 1863 953 1936 Si
969 1865 1050 1960 quis
1069 1874 1186 1938 autem
1200 1875 1319 1938 contra
1334 1865 1424 1938 hauc
1437 1874 1553 1938 nostre
1565 1867 1777 1940 auctoritatis
1791 1867 1890 1963 pagi·

474 2010 554 2062 nam
579 1997 706 2061 temere
732 1987 850 2061 venire
874 1986 1139 2083 presumpserit,
1160 1997 1299 2060 eentum
1320 1988 1426 2061 lihrus
1448 1988 1621 2084 purissimi
1644 1989 1779 2084 argenti
1807 1989 1891 2064 risco

472 2122 590 2186 nostro
619 2111 792 2208 persolvat
816 2121 853 2183 et
873 2112 1015 2186 totidem
1039 2109 1239 2207 supradicto
1263 2113 1469 2184 munasterio
1491 2122 1684 2208 componat.
1707 2113 1751 2186 Ut
1774 2123 1890 2188 antem

473 2238 537 2310 hec
563 2246 679 2310 nostre
704 2236 882 2332 potestatis
905 2235 1089 2310 auctoritas
1114 2235 1213 2309 firma
1236 2237 1361 2309 suturis
1387 2239 1600 2333 temporibus
1625 2245 1660 2310 et
1686 2239 1890 2314 inconvulsa

474 2370 691 2456 permaneat,
712 2361 881 2456 presentis
895 2359 1014 2456 scripti
1030 2368 1065 2432 et
1081 2360 1185 2454 sigilli
1200 2360 1307 2433 nostri
1320 2361 1537 2434 attestatione
1551 2363 1825 2436 corroboramus.
1845 2403 1886 2417 —-

475 2485 587 2578 liujus
603 2485 654 2558 rei
670 2495 773 2558 testes
787 2495 869 2558 sunt
879 2485 1063 2558 Haiun’cns
1075 2483 1374 2578 wirceburgensis
1387 2485 1584 2582 episeopus,
1603 2487 1681 2559 Otto
1696 2487 1891 2582 Frisingen·

474 2609 523 2681 sis
543 2609 745 2706 episeopus,
768 2609 973 2682 Couurndus
996 2610 1106 2683 abhas
1129 2609 1175 2682 de
1197 2607 1357 2701 Salveld,
1380 2608 1551 2682 liutoldus
1570 2609 1680 2682 abhas
1701 2610 1746 2684 de
1766 2614 1890 2685 Saudo

474 2734 674 2808 burchardo
690 2736 726 2806 in
741 2735 1009 2827 wincenburch,
1027 2734 1233 2808 bertholdus
1251 2734 1328 2809 dux
1344 2733 1513 2826 blerauie,
1535 2755 1650 2808 comes
1666 2733 1828 2808 hibertus
1845 2736 1890 2810 de

474 2861 604 2951 Pngen,
622 2881 738 2933 comes
753 2859 947 2932 Fridericus
961 2858 1007 2932 de
1020 2858 1224 2949 hhcnberlr,
1249 2879 1365 2932 comes
1381 2858 1555 2930 Wolricus
1571 2856 1616 2932 de
1629 2859 1751 2952 Berge,
1775 2881 1890 2932 comes

473 2983 679 3058 Bartholdns
692 2984 738 3058 de
749 2983 871 3078 herge,
887 2981 1094 3056 Berthoidus
1105 2982 1334 3076 burcgravius
1351 2980 1396 3056 de
1407 2983 1647 3073 Hennenherc,
1659 3004 1774 3056 comes
1785 2981 1890 3058 Gont-

473 3106 585 3180 lridns
596 3105 1258 3202 deVebingen,WulcounnsdeStaine,
1272 3105 1478 3179 bertholdus
1489 3104 1721 3198 deUffeldorl,
1733 3107 1888 3179 Rouher

473 3241 529 3304 tus
538 3230 615 3324 [de]
625 3233 777 3320 Dourne,
791 3231 908 3304 Ounno
917 3229 962 3303 de
969 3230 1205 3322 Menzenherc,
1219 3229 1367 3303 Siiridus
1379 3229 1666 3304 marschalcusde
1674 3227 1886 3326 Hegenowe

470 3355 693 3430 Everbardus
711 3355 943 3428 marschaleus
963 3353 1009 3428 de
1026 3355 1166 3428 Anebos
1190 3354 1299 3427 etalii
1316 3375 1424 3448 quarn
1447 3355 1576 3450 plnres.
1597 3393 1644 3410 υ-
1663 3355 1808 3449 Signum
1825 3355 1889 3430 do-

471 3479 557 3551 mini
575 3479 712 3553 Henriei
728 3479 818 3552 sexti
835 3479 1066 3552 Romanorum
1080 3479 1297 3574 imperatoris
1318 3477 1549 3552 invictissimi.
1567 3477 1712 3552 -Acta
1726 3489 1809 3552 sunt
1825 3480 1889 3553 hec

471 3625 563 3678 anno
585 3603 830 3678 incarnationis
858 3603 1031 3676 dominice
1051 3601 1231 3694 MCXClll,
1257 3602 1446 3677 indictione
1468 3603 1532 3694 Xl,
1558 3613 1724 3696 regnante
1748 3603 1889 3679 domino

469 3729 631 3803 llainrico
667 3736 766 3802 sextu
791 3728 1023 3801 Romanorum
1048 3727 1254 3824 imperatore
1282 3727 1549 3821 gloriosissimo,
1576 3749 1668 3802 anno
1692 3729 1789 3822 regni
1813 3732 1889 3824 ejus

470 3853 762 3940 vicesimotertio,
779 3852 914 3948 imperii
927 3873 1012 3926 vero
1028 3851 1139 3924 tertio.
1158 3891 1199 3904 -
1219 3852 1344 3924 Datum
1359 3851 1455 3948 apud
1470 3851 1678 3944 Wnroebur,
1693 3853 1755 3924 XV
1772 3853 1888 3926 kalen-

472 3979 537 4054 das
550 3979 655 4072 junii.

518 4105 589 4178 Nus
607 4111 723 4178 autern
741 4102 863 4198 prelati
877 4101 1015 4176 abbatis
1032 4099 1149 4174 dilecti
1167 4099 1336 4195 principis
1351 4099 1457 4172 nostri
1477 4098 1613 4172 devotis
1628 4100 1889 4196 supplicationi·

471 4231 538 4302 hus
556 4227 753 4322 benigniter
771 4225 947 4318 inclinati,
970 4223 1188 4298 ostendentes
1201 4242 1344 4318 quoqne
1361 4221 1582 4296 devotionem
1597 4222 1767 4296 sinceram
1782 4245 1888 4318 quam

470 4351 565 4426 idem
575 4351 684 4425 abhas
698 4350 827 4424 habere
839 4347 1056 4444 dignoscitur
1072 4370 1155 4444 erga
1168 4356 1284 4421 nostre
1300 4345 1540 4419 celsitudinem
1553 4346 1756 4440 majestatis,
1768 4347 1889 4418 consi-

471 4475 632 4550 deruntes
649 4475 755 4548 etiam
773 4473 869 4568 quod
889 4471 1097 4546 exhibemus
1112 4471 1319 4566 obsequium
1336 4470 1407 4542 ileu
1427 4479 1564 4564 gratum
1583 4469 1613 4541 si
1631 4469 1888 4565 progenitorum

470 4608 665 4674 nostrorum
686 4597 849 4672 divorum
870 4607 1096 4692 augustorum
1117 4594 1283 4670 memorie
1307 4593 1490 4668 recolende
1512 4593 1659 4688 vestigia
1677 4614 1888 4691 prosequen-

471 4735 523 4799 tes
540 4723 631 4796 oirca
656 4721 847 4818 proiectum
865 4719 1009 4817 predicti
1030 4718 1227 4794 monasterii
1251 4725 1322 4792 tem
1344 4717 1530 4792 liberaliter
1550 4716 1762 4792 intendimus
1782 4739 1887 4812 quam
