4658 6132
540 633 581 696 92
1037 634 1249 696 rulonnlcl
1274 633 1446 696 secono!
1759 634 1837 720 [Rau.
1856 638 1941 702 1229.

540 769 643 842 lionis
657 768 828 842 civitatem
845 778 998 842 sanctam
1012 769 1198 842 Jerusalem
1212 791 1292 860 cum
1305 769 1379 864 suis
1390 768 1598 860 tenimentis,
1618 779 1763 866 excepto
1780 773 1837 844 illo
1850 771 1945 866 quod

539 892 783 965 monasterium
803 893 891 966 illud
913 893 1009 988 quod
1034 892 1160 966 dicitur
1181 893 1347 988 templum
1369 891 1505 964 Domini
1521 890 1625 964 debet
1643 915 1719 986 esse
1736 894 1773 964 in
1788 895 1945 968 custodia

540 1017 803 1090 sarracenorum
827 1016 911 1110 quia
928 1037 1025 1088 orare
1048 1017 1109 1090 din
1131 1023 1386 1108 consueverunt
1410 1014 1553 1106 ibidem,
1571 1023 1611 1087 ut
1632 1015 1779 1088 liberum
1797 1017 1966 1090 habeant.

538 1139 716 1212 introitum
731 1147 765 1212 et
776 1139 912 1212 exitum
934 1139 1002 1212 illic
1020 1139 1183 1212 orationis
1202 1159 1307 1212 causa
1329 1146 1364 1210 et
1386 1137 1578 1210 christianis
1601 1138 1755 1211 similiter
1774 1140 1823 1210 ibi
1849 1161 1945 1214 oraro

537 1263 734 1336 volentibus
745 1263 790 1334 sit
807 1262 1018 1358 expositum.
1039 1263 1162 1336 l'illam
1177 1261 1281 1334 etiam
1294 1260 1505 1357 quedicaur
1523 1261 1570 1334 ad
1585 1271 1742 1334 sanctum
1760 1262 1943 1358 Georgium

536 1395 571 1458 et
589 1385 715 1460 casalia
725 1405 794 1478 que
809 1394 891 1457 sunt
905 1407 952 1458 ex
967 1393 1115 1481 utraque
1130 1393 1226 1481 parte
1241 1385 1299 1456 vio
1315 1406 1427 1480 usque
1444 1384 1479 1457 in
1497 1385 1684 1457 Jerusalem
1702 1385 1941 1476 reddiderunt,

536 1517 571 1580 et
586 1507 760 1582 Bethleem
777 1529 857 1580 cnm
871 1507 945 1580 suis
967 1507 1162 1580 tenimentis
1176 1516 1211 1580 et
1228 1507 1401 1580 casalibus
1418 1529 1488 1602 que
1502 1515 1583 1578 sunt
1602 1507 1691 1579 inter
1703 1509 1891 1580 Jerusalem
1910 1519 1945 1582 et

535 1630 728 1716 Bethleem
750 1629 898 1718 restituit
910 1630 1015 1703 etiam
1029 1630 1195 1704 Nazareth
1207 1652 1287 1702 cum
1298 1630 1370 1702 suis
1386 1629 1578 1702 tenimentis
1596 1639 1629 1702 et
1642 1631 1768 1703 casalia
1783 1653 1853 1725 que
1863 1642 1944 1704 sunt

535 1753 625 1824 inter
642 1752 758 1825 Accon
779 1763 813 1825 et
827 1753 1005 1824 Nazareth.
1027 1752 1192 1826 Reddidit
1214 1753 1317 1824 etiam
1342 1761 1492 1825 castrum
1509 1754 1653 1848 Tyronis
1678 1775 1759 1824 cum
1783 1754 1943 1850 omnibus

535 1874 749 1968 pertinentiis
761 1885 796 1948 et
812 1876 904 1948 villis
921 1884 956 1948 et
974 1876 1084 1948 terris.
1111 1875 1290 1948 Civitatem
1306 1875 1409 1970 etiam
1429 1875 1578 1972 Sydonis
1595 1899 1675 1950 cum
1691 1877 1789 1978 omni¹
1803 1877 1942 1974 planitie

536 2019 607 2091 qne
622 1997 742 2074 attinet
756 1998 910 2072 similiter
920 1997 1075 2072 reddidit
1090 2007 1125 2070 et
1138 2019 1258 2072 omnes
1272 2007 1377 2072 terras
1392 2022 1479 2094 quas
1494 1999 1668 2074 christiani
1685 2010 1837 2098 tempore
1849 2002 1943 2096 pacis

538 2119 711 2196 habebant
728 2130 763 2192 et
784 2121 821 2192 in
845 2143 929 2215 paee
952 2123 1125 2195 tenebant.
1143 2121 1236 2194 Licet
1258 2122 1361 2194 etiam
1382 2122 1482 2194 nobis
1504 2144 1566 2218 per
1581 2132 1721 2218 pactum
1745 2125 1942 2198 reedificare

538 2246 726 2320 Jerusalem
738 2244 773 2315 in
788 2244 896 2316 muris
908 2253 943 2316 et
954 2244 1106 2316 turribus
1115 2247 1215 2338 juxta
1224 2245 1435 2316 voluntatem
1445 2245 1729 2336 christianorum,
1749 2257 1783 2318 et
1793 2257 1941 2334 castrum

537 2369 682 2463 ioppen,
698 2376 732 2440 et
744 2375 893 2440 castrum
911 2366 1064 2458 Cesarea,
1077 2375 1112 2438 et
1126 2368 1286 2440 Montiort
1300 2377 1449 2440 castrum
1464 2390 1594 2441 novum
1609 2379 1764 2460 noenum
1781 2369 1833 2466 (l)
1845 2370 1940 2465 qnod

536 2491 572 2563 in
591 2490 762 2563 montanis
778 2489 844 2562 hoc
858 2511 950 2564 anno
969 2489 1104 2562 firmare
1123 2491 1502 2588 cepimus.Verisimile
1524 2493 1617 2564 enim
1641 2493 1780 2566 videtur
1802 2494 1939 2588 quodsi

536 2613 697 2708 dominus
724 2613 909 2708 imperator
924 2612 961 2684 in
978 2613 1087 2706 gratia
1103 2622 1137 2684 et
1160 2612 1342 2686 concordia
1359 2614 1510 2686 Ecclesie
1535 2615 1685 2686 Romane
1705 2615 1938 2708 transilisset,

535 2739 638 2832 longe
651 2736 825 2810 efficacius
843 2745 877 2808 et
894 2737 1015 2808 utilius
1029 2743 1264 2832 prosperatum
1283 2736 1404 2808 luisset
1419 2737 1596 2831 negotium
1613 2747 1702 2810 terre
1719 2747 1846 2810 sancte.
1865 2739 1941 2836 Rre7

536 2861 650 2934 dictus
663 2881 744 2932 vero
757 2859 928 2932 Soldanus
939 2858 1114 2930 Rabilonie
1130 2879 1242 2952 usque
1258 2856 1305 2930 ad
1319 2857 1422 2930 finem
1439 2869 1638 2954 treugarum
1647 2883 1716 2954 que
1729 2860 1817 2962 inter
1831 2862 1940 2936 domi·

535 3005 620 3055 num
633 2985 873 3078 imperatorem
893 2991 927 3056 et
951 3005 1031 3056 eum
1056 3003 1117 3078 per
1141 2980 1347 3054 decennium
1371 2991 1496 3082 statute
1514 2971 1595 3056 sunt
1617 2985 1733 3084 aliqua
1747 2994 1864 3082 ¹castra
1882 2995 1941 3057 aut

536 3106 673 3182 edificia
685 3109 797 3179 lacere
815 3105 860 3178 de
876 3127 967 3179 novo
978 3117 1038 3179 aut
1056 3104 1217 3200 edificare
1228 3127 1298 3178 non
1314 3105 1417 3178 debet
1430 3127 1494 3178 nec
1507 3107 1631 3202 aliquis
1642 3128 1796 3179 suorum.
1816 3108 1942 3180 Omnes

537 3229 665 3325 captivi
686 3229 790 3302 etiam
809 3229 871 3322 qui
890 3229 927 3300 in
945 3227 1136 3324 perditione
1155 3229 1309 3326 Damiate
1324 3238 1560 3304 remanserunt
1575 3238 1609 3301 et
1625 3230 1686 3324 qui
1702 3231 1792 3326 capti
1806 3232 1941 3328 suntin

536 3374 661 3447 guerra
688 3352 878 3426 novissima
905 3353 1049 3424 totaliter
1062 3351 1287 3424 redderentur
1303 3373 1349 3424 ox
1367 3362 1511 3448 utraque
1529 3361 1637 3448 parte.
1656 3354 1816 3449 Proponit
1837 3355 1941 3426 etiam

534 3475 719 3572 imperator
732 3497 813 3546 cum
832 3475 925 3548 omni
940 3475 1067 3570 populo
1083 3475 1268 3548 ascendere
1282 3476 1515 3574 ierosolimam
1530 3486 1564 3548 et
1578 3476 1627 3548 ibi
1642 3477 1678 3548 in
1697 3477 1825 3549 honore
1838 3478 1940 3572 Regis

532 3618 655 3692 regum
673 3597 829 3668 omnium
853 3598 942 3670 terre
963 3619 1143 3688 coronam3
1169 3597 1220 3670 sic
1238 3598 1332 3670 enim
1351 3600 1545 3672 consultum
1558 3607 1610 3670 est
1627 3599 1658 3671 ei
1674 3621 1696 3671 a
1714 3600 1884 3694 pluribus,
1907 3610 1941 3673 et

533 3742 613 3794 cum
643 3719 737 3792 omni
764 3719 940 3813 diligentia
967 3719 1146 3794 intendere
1169 3719 1216 3792 ad
1241 3721 1529 3794 modificationem
1561 3721 1710 3794 civitatis
1737 3723 1936 3816 Jerusalem.

533 3843 653 3930 Qualis
675 3843 778 3933 etiam
803 3843 907 3916 fuerit
930 3843 1097 3915 exultatio
1121 3842 1234 3915 omnis
1257 3844 1376 3940 populi
1397 3843 1433 3914 in
1456 3843 1669 3916 restitutione
1693 3843 1848 3940 predicta
1876 3844 1940 3916 vix

533 3975 645 4064 potest
662 3965 826 4038 enarrari.
843 3955 1079 4038 Frater'etiam
1095 3965 1294 4038 Leonardus
1310 3967 1405 4038 venit
1420 3966 1465 4039 ad
1480 3988 1543 4038 nos
1560 3967 1693 4062 Joppen
1707 3967 1767 4038 Vll
1783 3967 1840 4040 die
1853 3989 1941 4062 mar·

532 4089 578 4161 tis
591 4089 742 4162 reserens
763 4087 864 4162 nobis
878 4109 1032 4192 rumores
1051 4087 1096 4160 de
1109 4088 1265 4184 partibus
1281 4089 1485 4181 cismarinis,
1505 4109 1592 4182 qnos
1612 4089 1757 4161 libenter
1767 4090 1941 4190 ¹vellemus¹

533 4233 608 4286 esse
621 4212 779 4285 meliores
792 4223 826 4285 ot
841 4212 886 4285 de
901 4212 967 4284 alia
992 4211 1145 4284 maneria
1170 4234 1276 4306 mam
1299 4211 1380 4284 sint.
1398 4211 1554 4284 Ceterum
1580 4211 1741 4306 dominus
1755 4211 1939 4306 archiepis·

534 4356 642 4430 copus
655 4335 808 4429 Reginus
820 4335 883 4430 qni
896 4334 943 4408 ad
960 4335 1068 4430 pedes
1086 4343 1201 4408 vestre
1223 4335 1432 4432 dignationis
1447 4335 1584 4436 missus
1600 4344 1671 4436 est,
1698 4335 1939 4424 discretionem
2067 4343 2074 4350 “

572 4635 605 4709 (4)
624 4637 663 4694 Ite
674 4635 726 4694 hoc
734 4641 822 4695 oastm
837 4637 899 4695 vide
910 4637 988 4709 intra,
999 4655 1027 4712 p.
1041 4642 1101 4710 448,
1116 4637 1344 4698 confirmationem
1355 4639 1571 4696 commutationis
1580 4653 1642 4728 cum
1652 4637 1751 4696 tacebo
1760 4637 1794 4696 de
1805 4637 1941 4711 Amigdala

535 4730 630 4804 iactae,
643 4733 721 4808 aprili
735 4736 814 4793 t229.
