4602 6084
302 675 401 740 llum.
419 669 483 747 lb]
756 660 953 726 HISTORIA
980 658 1272 722 clancularius.
1703 658 1722 716 'l

303 817 442 886 nostum.
455 799 703 893 oucesignatis
719 819 782 896 per
796 796 1025 872 'theutoniam
1038 794 1232 871 constitutis
1248 793 1302 894 (l)
1316 803 1351 868 et
1365 801 1406 868 ut
1421 801 1606 890 preparant
1620 813 1659 865 se
1674 791 1720 865 ad

305 928 556 1008 nauseantium
585 935 700 1002 mum
727 923 764 998 in
791 921 934 998 instanti
959 921 1119 1020 passagio
1144 920 1290 996 sollicite
1311 918 1488 994 monuisse
1509 940 1551 993 ac
1575 917 1722 992 manda·

305 1058 399 1136 visse
420 1053 559 1152 prelatis
580 1059 620 1125 ut
634 1047 794 1126 subditos
816 1069 900 1122 suos
916 1047 963 1122 ad
984 1047 1094 1145 ipsius
1117 1055 1207 1122 tene
1228 1054 1346 1120 sancte
1371 1065 1575 1118 succursum
1592 1041 1723 1116 sedulis

305 1177 606 1258 exhortationibus
623 1174 786 1250 studeant
801 1173 967 1248 animare.

354 1307 481 1378 Datum
494 1301 667 1395 Laoerani,
684 1299 730 1374 111
748 1297 914 1374 kalendas
931 1297 1064 1395 aprilis,
1079 1293 1300 1395 pontificatus
1316 1293 1425 1370 nostri
1438 1313 1531 1367 anno
1549 1291 1673 1392 primo.

363 1841 567 1954 Gregorius
581 1863 681 1952 papa
698 1837 887 1922 Friderico
906 1835 1167 1920 Romanorum
1180 1833 1414 1944 imperatori,
1429 1843 1474 1918 ut
1488 1834 1539 1917 ad
1551 1833 1728 1918 coelestia
1749 1903 1760 1960 J
1786 1849 1934 1948 *effi

309 1977 482 2062 animum
508 1973 631 2086 erigat
652 1996 777 2082 neque
799 1997 840 2054 se
861 1969 1020 2053 terrenis
1043 1967 1302 2079 voluptatibus
1328 1967 1488 2053 detineri
1514 1967 1725 2079 permittat,
1787 1959 1900 2012 Μ’]

309 2111 480 2225 quinque
501 2108 667 2220 insignia
683 2103 871 2217 imperiali
884 2102 1065 2221 'dignitati
1083 2105 1263 2214 deputata
1280 2127 1371 2186 cum
1387 2127 1522 2186 eorum
1539 2103 1728 2215 mysteriis

310 2245 504 2354 describit,
520 2243 663 2329 scilicet
675 2267 847 2348 crucem,
867 2237 1056 2346 lanceam,
1076 2263 1275 2348 coronam,
1291 2247 1483 2348 sceptrum
1501 2245 1539 2322 et
1551 2263 1724 2348 pomum.

390 2460 484 2542 (mit.
505 2477 555 2540 up.
575 2459 772 2532 Scamnum,
794 2456 892 2540 Prccfi
907 2455 950 2518 ad
969 2458 1064 2538 Epist.
1080 2457 1161 2520 Pctr.
1181 2451 1217 2516 dc
1242 2455 1354 2531 Vincis,
1374 2473 1406 2534 p.
1422 2463 1574 2518 ‘tt-ele
1586 2454 1632 2519 Gi.
1648 2456 1727 2518 Bm·

429 2583 528 2648 monn,
539 2561 725 2628 Belicam.
738 2563 997 2640 Praedicot.,tcm.
1008 2557 1377 2640 1,enmnn.,2lmt
1390 2557 1495 2638 ecte,
1506 2563 1546 2626 ad
1555 2579 1627 2626 ann.
1640 2573 1728 2646 tm,

428 2671 513 2755 520,
525 2689 564 2736 ex
576 2673 695 2754 Regnat.
708 2673 831 2754 tiragor.
843 2689 913 2736 ann.
929 2672 956 2748 1,
968 2673 1054 2750 splst.
1071 2669 1153 2750 tta.)

358 2859 544 2954 Gregorius
566 2861 750 2957 episcopus
772 2881 895 2934 servus
919 2880 1098 2933 servornm
1124 2857 1204 2950 Dei,
1228 2857 1430 2934 charissimo
1448 2859 1485 2932 in
1502 2859 1636 2934 Christo
1658 2859 1730 2937 hlio

310 2983 483 3058 Friderico
503 2984 625 3057 illustri
644 2985 875 3057 Romanorum
893 2983 1108 3079 imperatori,
1127 3003 1265 3078 semper
1281 2994 1449 3078 angusto,
1466 2994 1502 3058 et
1517 2985 1634 3060 Sicilie
1655 2987 1729 3082 regi

311 3111 456 3184 mintem
472 3119 508 3184 et
523 3110 745 3207 apostolicam
765 3108 1052 3184 benedictionem.
1070 3105 1126 3182 Ad
1141 3106 1393 3182 ostendendam
1410 3109 1505 3182 viam
1525 3109 1611 3204 ligni
1638 3111 1730 3186 vitae

312 3235 509 3309 errantibus
531 3235 567 3308 in
593 3235 689 3308 invio
706 3233 830 3308 mnndi
854 3233 977 3328 hujus,
997 3232 1113 3330 posuit
1128 3241 1162 3306 te
1178 3233 1347 3306 Dominus
1368 3235 1469 3330 qnasi
1492 3232 1672 3309 cherubim
1696 3248 1731 3312 et

312 3359 506 3433 versatilem
520 3359 691 3454 gladium.
707 3359 794 3434 Cum
811 3357 905 3433 enim
925 3357 1083 3453 diligenti
1101 3355 1325 3432 meditatione
1342 3371 1507 3454 pensatur
1525 3361 1612 3436 ratio
1639 3361 1677 3434 in
1695 3371 1729 3436 te

312 3483 504 3558 illuminata
513 3485 606 3560 dono
617 3483 841 3580 intelligentie
854 3483 1019 3557 naturalis
1032 3492 1068 3557 et
1079 3481 1282 3579 imaginatio
1295 3482 1444 3557 discreta
1457 3486 1493 3557 in
1508 3486 1558 3559 rei
1572 3506 1729 3583 compre·

311 3607 478 3683 honsione
498 3607 689 3702 sensibilis,
708 3631 779 3704 qne
793 3607 894 3704 quasi
912 3607 1082 3682 versatilis
1102 3629 1174 3682 nna
1190 3607 1279 3682 lucie
1299 3607 1440 3705 respicit
1455 3610 1641 3706 rationem,
1661 3613 1729 3686 alia

313 3743 472 3808 naturam
482 3733 697 3808 sensibilium
710 3733 876 3821 intuetur,
889 3733 925 3804 in
936 3742 970 3806 te
981 3731 1091 3806 virtus
1103 3732 1234 3806 motiva
1248 3733 1429 3808 manifeste
1440 3735 1729 3832 conspiciturque

313 3857 425 3953 possis
439 3857 958 3932 inconveniensaoonveniente
970 3855 1186 3952 distinguere
1200 3865 1235 3930 et
1248 3859 1534 3955 comprehensiva
1546 3883 1617 3954 qua
1629 3860 1729 3933 facile

315 3981 430 4056 valeas
447 3981 659 4056 conveniens
682 3991 716 4057 et
734 3983 868 4056 licitum
886 3982 1053 4056 obtinere.
1076 3983 1214 4056 Donum
1237 4004 1321 4057 sane
1342 3983 1405 4055 tihi
1422 3983 1564 4056 scientie
1581 3984 1730 4080 desuper

314 4105 478 4180 attribute
490 4115 526 4180 et
538 4106 649 4180 virtus
661 4107 812 4203 perfecte
825 4105 1081 4202 imaginationis
1095 4105 1132 4178 in
1147 4127 1254 4179 manu
1268 4105 1403 4202 opificis
1419 4107 1617 4181 resnlhntis
1629 4109 1730 4204 quasi

351 4411 388 4487 (t)
404 4411 510 4472 hibunt
522 4413 624 4472 etenim
636 4413 688 4472 sarh
702 4413 741 4472 n¹⁸
755 4415 801 4486 st,
814 4415 860 4486 ³2,
877 4415 922 4486 ³³,
932 4411 1038 4470 liceum
1051 4409 1150 4470 mmmi
1163 4407 1300 4485 pontilicis
1312 4409 1410 4470 minas
1428 4411 1631 4490 archiepiscopo
1649 4413 1732 4475 Golo-

315 4508 401 4567 uiensi
418 4517 448 4568 et
468 4511 658 4586 urdrnganeis,
673 4511 876 4586 archiepiscopo
893 4509 1050 4583 llagsmtino
1072 4513 1101 4566 et
1123 4507 1312 4582 suffraganeis,
1331 4509 1534 4588 archiepiscopo
1550 4512 1687 4572 &emensi
1704 4523 1733 4572 et

315 4605 497 4681 sodngsneis,
513 4609 714 4683 archiepiscopo
724 4605 885 4668 'treverensi
902 4613 931 4666 et
948 4605 1139 4680 suffraganeis,
1152 4603 1353 4682 archiepiscopo
1366 4605 1590 4684 llagdeburgsnsi
1600 4612 1733 4670 etsnllra·

315 4703 418 4776 ganeis,
432 4721 484 4762 nec
497 4721 552 4764 non
560 4711 590 4764 et
602 4706 748 4780 lantgravio
759 4705 931 4780 Thmingiae,
947 4704 1076 4780 magistro
1089 4703 1327 4778 theutonicorum,
1342 4705 1529 4782 universisque
1540 4709 1734 4784 crucesignatis

315 4799 498 4876 theutoniam
513 4803 542 4862 in
556 4803 662 4864 collect.
676 4801 941 4882 Lopurlsdcl'holl,
956 4820 1000 4880 sp.
1012 4801 1140 4862 Biblioth.
1152 4801 1236 4860 Paris.
