4658 6132
313 658 412 724 lunum.
427 661 471 746 S]
750 667 947 730 HISTORIA
972 668 1262 730 nlunottutlca
1661 673 1718 736 ltu

396 851 524 932 (lnedlt.
547 870 586 915 ex
605 854 719 918 archiv.
740 863 868 920 monast.
889 859 1001 920 Montls
1020 834 1167 938 Vtrglnls,
1185 863 1217 920 lu
1235 859 1354 938 begeat.
1368 861 1505 922 lannurtl
1521 857 1574 923 lol.
1591 871 1628 923 aa
1642 863 1675 924 ν·
1689 870 1722 927 ot

370 977 373 983 “
435 969 493 1022 tuo
508 961 536 1022 r‘
550 977 618 1023 cum
637 961 694 1023 bac
705 970 777 1026 nota
791 983 800 1024 ε
820 965 923 1042 Quarto
930 961 1083 1047 priuilegio
1095 963 1110 1026 d
1123 963 1259 1027 tolmcntc
1273 973 1437 1029 coommuto
1450 985 1467 1027 c
1476 969 1628 1031 ttraoctbto
1640 965 1689 1030 cdo
1703 969 1719 1032 ὲ

432 1085 476 1128 uo
488 1069 631 1148 vituperio
642 1087 663 1130 a
675 1065 970 1133 oederloalndlcatur
979 1051 1098 1152 ¹quoque
1115 1075 1147 1133 ln
1164 1073 1261 1134 ludica
1274 1066 1412 1153 generall,
1427 1080 1453 1135 t.
1467 1077 1493 1150 I,
1508 1074 1561 1138 tol.
1576 1085 1646 1152 tot,
1661 1077 1719 1139 sub

433 1189 558 1238 numero
576 1177 684 1239 aaut
703 1179 762 1240 tata
777 1193 955 1257 pergamena
971 1195 1041 1242 cum
1054 1182 1111 1242 tuto
1127 1195 1252 1242 numero
1272 1196 1352 1243 nuuc
1369 1181 1402 1242 tn
1417 1187 1522 1245 oetam
1538 1183 1717 1246 instrumen-

430 1287 529 1344 torum
542 1282 694 1346 rolumtno
706 1283 915 1364 desideratur.)

359 1469 566 1564 Fridericus,
579 1471 640 1545 Dei
655 1473 764 1568 gratia
777 1473 1008 1545 Romanorum
1022 1475 1219 1570 imperator,
1235 1497 1370 1572 semper
1384 1485 1566 1572 augustus,
1579 1479 1721 1554 Jerusa-'

309 1595 379 1668 lem
397 1604 432 1668 et
446 1596 561 1670 Sicilie
578 1617 654 1668 rex.
678 1597 751 1670 Etsi
775 1597 890 1671 omnia
913 1597 1045 1671 caduca
1063 1598 1133 1670 sint
1153 1598 1332 1672 bominum
1351 1607 1385 1672 et
1405 1609 1557 1697 tempora
1580 1602 1716 1676 diutur-

310 1719 416 1792 nitate
431 1719 602 1809 labantur,
621 1730 704 1794 suut
720 1729 833 1794 tamen
851 1744 897 1795 ex
916 1720 1114 1796 bominibus
1131 1724 1247 1817 aliqua
1264 1733 1426 1820 perpetue
1443 1727 1619 1800 stabilitati
1633 1749 1717 1801 oon·

309 1863 401 1916 nexa
418 1865 488 1938 que
491 1897 862 1920 ..........
891 1845 1083 1918 funiculum
1103 1845 1191 1918 inter
1210 1845 1367 1919 homiues
1388 1849 1608 1944 ampliantur,
1634 1860 1718 1924 tune¹

308 1967 472 2062 precipue
494 1989 574 2040 cum
595 1967 670 2040 loca
688 1968 901 2042 venerabilia
924 1968 962 2040 in
977 1969 1106 2063 quibus
1124 1970 1263 2064 placens
1286 1968 1426 2044 domino
1443 1973 1563 2067 religio
1592 1975 1716 2048 militat

308 2091 495 2186 imperialis
508 2091 729 2188 protectionis
748 2092 925 2165 favoribus
944 2091 1160 2166 muniuntur.
1179 2095 1284 2166 Juxta
1298 2115 1374 2166 eam
1393 2094 1499 2189 igitur
1511 2118 1628 2190 quum.
1661 2151 1670 2168 .
1701 2152 1709 2170 .

310 2269 561 2290 .......
589 2238 708 2312 gerere
736 2226 894 2290 tenemur
919 2216 1204 2310 sollicitudinem,
1232 2239 1295 2314 per
1322 2239 1463 2314 presens
1491 2220 1716 2316 privilegium

307 2348 426 2414 uotum
448 2339 594 2415 lauimus
617 2341 787 2414 universis
811 2339 973 2414 fidelibus
991 2342 1116 2415 nostris
1133 2350 1203 2415 mm
1225 2344 1443 2440 presentibus
1460 2367 1565 2438 quam
1588 2347 1712 2420 lutrrris

305 2465 401 2560 quod
421 2465 593 2539 lohannes
614 2465 820 2540 venerabilis
844 2466 952 2540 abbas
976 2476 1011 2539 et
1031 2475 1222 2540 conventus
1244 2467 1441 2541 monasterii
1463 2471 1585 2542 Sancte
1604 2471 1711 2544 Maria

304 2589 430 2662 Montis
448 2590 615 2685 Virginis,
634 2589 754 2664 fideles
770 2591 898 2680 nostri,
917 2591 1031 2662 missis
1045 2590 1182 2663 duobus
1198 2591 1242 2664 de
1257 2592 1419 2664 iratribus
1431 2593 1503 2665 suis
1517 2593 1563 2666 ad
1578 2595 1709 2667 curiam

304 2723 471 2802 nostram,
489 2713 661 2788 altitudini
679 2723 794 2787 nostre
811 2715 987 2787 humiliter
1004 2713 1206 2787 intimarunt
1219 2715 1367 2810 qualiter
1380 2717 1554 2811 quondam
1569 2718 1709 2791 Rieoar-

304 2839 371 2913 dus
388 2837 550 2912 dominus
569 2849 658 2912 terre
670 2839 746 2912 Vici
762 2847 796 2913 et
809 2839 950 2912 Sebaste
965 2861 1054 2911 uxor
1067 2862 1131 2913 sua
1153 2861 1233 2912 cum
1252 2841 1404 2934 Rogerio.
1416 2853 1450 2913 et
1468 2841 1614 2914 lloberto
1628 2841 1707 2914 liliis

303 2964 376 3035 suis
393 2963 603 3054 obtuleruut,
626 2963 859 3052 donaverunt,
879 2969 1120 3036 concesseruut
1138 2972 1173 3036 et
1191 2963 1406 3038 tradiderunt
1420 2965 1484 3060 ipsi
1504 2967 1707 3039 monasterio

302 3089 425 3160 Sancte
440 3087 546 3160 Maria
559 3088 684 3160 Montis
700 3087 852 3180 Virginis
867 3087 1046 3160 ecclesiam
1062 3109 1167 3159 unam
1181 3110 1279 3160 suam
1293 3089 1463 3161 vocabulo
1477 3090 1591 3162 Sancti
1605 3089 1706 3164 Ioan-

302 3212 356 3283 nis
374 3211 419 3286 de
437 3211 590 3307 Aquaria
606 3211 809 3284 existentem
829 3211 864 3282 in
880 3211 1046 3284 territorio
1065 3211 1221 3304 ejusdem
1238 3220 1326 3285 terre
1341 3213 1416 3284 Vici
1432 3222 1466 3286 et
1480 3215 1592 3286 casale
1611 3216 1707 3308 quod

302 3335 430 3410 dicitur
452 3336 497 3409 de
511 3335 664 3433 Aquam
687 3343 919 3409 constructum
941 3337 1045 3429 juxta
1065 3333 1223 3408 eamdem
1247 3336 1427 3409 ecclesiam
1446 3359 1525 3408 eum
1546 3337 1707 3410 omnibus

300 3459 498 3534 bominibus
508 3461 637 3534 ibidem
647 3459 928 3558 permanentibus
939 3459 1018 3533 etin
1031 3460 1185 3531 buturum
1201 3459 1445 3555 undecumque
1457 3461 1707 3556 congregandis

300 3587 449 3678 ibidem,
464 3609 506 3660 ac
520 3585 700 3659 universas
713 3585 964 3682 possessiones,
978 3583 1193 3676 molendina,
1206 3585 1391 3658 valeatoria
1401 3639 1411 3675 ,
1421 3588 1518 3680 jura,
1534 3585 1704 3676 redditus,

299 3711 517 3804 lraucbisias,
533 3710 707 3784 libertates
734 3718 768 3783 et
793 3709 1013 3805 pertinentias
1038 3709 1194 3800 ejusdem
1198 3761 1569 3782 ..........
1595 3709 1707 3783 bomi-

300 3859 383 3909 num
401 3846 437 3910 et
452 3835 590 3927 casalia,
612 3841 714 3932 prout
731 3835 768 3906 iu
784 3833 1020 3906 instrumentis
1039 3832 1185 3928 publicis
1201 3833 1268 3928 ipsi
1287 3833 1492 3906 monasterio
1509 3833 1554 3906 ab
1574 3834 1705 3907 eisdem

298 3961 459 4035 conlectis
481 3959 610 4032 exinde
627 3958 763 4054 plenius
780 3957 999 4031 continetur:
1020 3978 1090 4051 que
1108 3956 1198 4028 bona
1218 3957 1334 4028 omnia
1348 3958 1591 4030 monasterium
1614 3963 1708 4030 tenet

297 4096 331 4159 et
359 4083 512 4182 possidet
534 4083 570 4156 in
600 4083 769 4180 presenti,
797 4081 900 4155 unde
917 4079 1086 4175 maiestati
1113 4088 1228 4153 nostre
1256 4077 1381 4152 devote
1403 4081 1640 4176 supplicarunt
1667 4093 1706 4154 ut

296 4210 486 4306 predictam
514 4208 739 4298 oblationem,
767 4205 1011 4298 donationem,
1047 4203 1301 4276 concessionem
1330 4213 1365 4277 et
1394 4205 1610 4278 traditionem
1642 4229 1704 4279 ra-

296 4343 364 4407 tam
382 4342 417 4407 et
435 4341 567 4429 gratam
584 4331 712 4405 habere
732 4339 766 4404 et
786 4351 828 4403 ea
850 4329 985 4420 omnia,
1008 4337 1110 4424 prout
1132 4328 1291 4426 superius
1312 4338 1393 4401 suut
1413 4351 1596 4426 expressa,
1617 4352 1705 4402 con-

295 4458 416 4532 cedere
436 4467 471 4530 et
488 4455 690 4530 confirmare
706 4455 819 4530 eidem
843 4454 1048 4527 monasterio
1071 4452 1117 4526 de
1135 4462 1249 4526 nostra
1268 4453 1377 4550 gratia
1397 4462 1561 4550 perpetuo
1582 4454 1704 4549 digna·

294 4603 420 4656 remur.
451 4583 521 4655 Nos
553 4582 671 4676 itaque
698 4576 913 4653 attendentes
943 4577 1121 4652 honestam
1149 4577 1256 4650 vitam
1286 4587 1461 4651 eteorum
1493 4578 1702 4653 laudabilem

295 4707 586 4780 conversationem
615 4725 777 4778 necnon
782 4755 1355 4776 ...............
1383 4703 1512 4799 quibus
1543 4704 1579 4775 in
1611 4725 1701 4810 conf
