4658 6132
547 615 604 677 1⁴6
1042 623 1259 688 Fllllllllilcl
1284 625 1457 688 stertunt
1762 625 1840 712 [An.
1860 627 1946 692 1229.

543 751 738 826 voluntaria
759 775 804 828 ne
821 755 992 830 malitiosa
1011 757 1204 832 dixerimus
1226 759 1431 834 lentitudine
1451 758 1499 856 (a)
1522 758 1684 834 retardati
1701 761 1790 835 udeo
1813 783 1948 838 morose
2031 818 2033 821 ψ

543 883 714 948 venemnt
726 877 823 971 quod
841 901 886 952 ne
899 888 1035 976 tempus
1048 881 1214 956 veniendi
1231 891 1266 954 et
1278 882 1449 958 redeundi
1462 883 1618 956 volentes
1635 883 1836 958 continuum
1853 906 1946 959 ccm-

541 1004 665 1090 putaro
679 997 766 1071 nibil
778 1010 840 1073 aut
852 1003 1027 1078 modicum
1039 1004 1191 1078 Ecclesia
1206 1006 1418 1097 servierunt;
1435 1015 1470 1080 et
1483 1009 1601 1098 [cnm]
1618 1028 1710 1080 nuuc
1721 1029 1784 1104 per
1798 1009 1944 1102 gratiam

541 1138 642 1191 suam
655 1120 822 1196 Domrnus
837 1123 989 1198 Ecclesie
1003 1147 1067 1200 sue
1081 1127 1345 1202 misericorditer
1364 1138 1582 1226 prosperetur
1596 1128 1645 1202 ita
1657 1129 1753 1225 quod
1768 1134 1841 1224 jum
1859 1132 1944 1204 civi·
2054 1141 2064 1146 ’

542 1242 671 1316 tatibus
694 1253 729 1316 et
749 1245 870 1319 castris
883 1250 1150 1345 quampluribus
1163 1250 1209 1324 ud
1223 1273 1364 1324 menum
1380 1251 1531 1324 Ecclesie
1543 1253 1730 1344 revocetis,
1748 1253 1945 1328 carissimus

542 1365 580 1438 iu
596 1365 728 1440 Christo
745 1368 837 1443 filius
855 1380 971 1445 noster
983 1375 1014 1446 J.
1036 1396 1101 1446 rex
1121 1375 1408 1448 lerosclimitanus
1427 1375 1569 1448 illustris
1588 1383 1623 1448 et
1642 1375 1787 1450 dilectus
1804 1375 1895 1450 filius
1908 1377 1940 1450 J.

542 1489 633 1562 tituli
650 1503 769 1566 sancte
783 1493 952 1568 Praxedis
971 1495 1138 1592 presbiter
1152 1497 1348 1590 cardinalis,
1365 1497 1484 1572 andito
1495 1497 1558 1572 scd
1574 1498 1729 1572 nondum
1746 1499 1848 1595 plene
1858 1499 1944 1572 scito

543 1615 638 1710 quod
653 1614 766 1688 dictus
776 1617 980 1692 Fredericus
993 1620 1131 1694 redierit
1145 1619 1190 1693 de
1203 1621 1360 1717 partibus
1372 1621 1619 1714 transmarinis,
1639 1631 1757 1696 contra
1770 1643 1850 1694 eum
1863 1644 1943 1718 prc-

541 1747 675 1834 ponunt
693 1739 878 1835 procedere
895 1741 1090 1838 innomine
1104 1745 1183 1817 Iesu
1202 1743 1325 1817 Christi
1341 1753 1381 1816 ut
1394 1753 1562 1818 arctantes
1580 1744 1741 1818 eumdem
1755 1765 1892 1818 omnem
1908 1745 1942 1818 ei

541 1862 689 1936 nocendi
702 1865 890 1958 potentiam
906 1864 1134 1958 interdicant,
1155 1867 1239 1940 dicti
1253 1868 1380 1942 milltes
1396 1869 1500 1942 vestri
1522 1867 1675 1942 dicentes
1694 1889 1733 1942 se
1748 1889 1818 1942 non
1833 1869 1942 1942 teneri

542 1986 632 2060 ultra
647 1987 778 2060 servire
793 1986 896 2059 nimis
912 1986 1223 2083 reprehensibiliter
1241 1989 1433 2064 exercitum
1457 1989 1615 2064 deserere
1634 1989 1885 2064 comminantur
1905 1999 1943 2060 ut

542 2119 627 2181 tunc
644 2117 733 2181 retro
757 2109 940 2204 respiciunt
956 2131 1036 2182 cum
1059 2111 1244 2206 procedere
1268 2135 1309 2186 ec
1325 2111 1490 2208 prolicere
1507 2123 1741 2210 sperarentur3
1764 2114 1800 2186 in
1815 2133 1887 2208 quo
1907 2121 1944 2188 et

543 2253 607 2305 nos
622 2241 658 2304 et
671 2253 736 2304 vos
749 2231 933 2326 proderent
946 2235 1138 2308 manifeste.
1155 2237 1230 2320 Que
1243 2257 1394 2330 namque
1407 2237 1552 2332 nequior
1563 2245 1678 2332 posset
1689 2259 1766 2310 esse
1780 2235 1939 2332 perfidia,

541 2376 679 2450 queque
693 2355 842 2451 proditio
858 2357 969 2429 notior
983 2379 1088 2452 quum
1101 2359 1308 2454 promissum
1325 2361 1496 2434 auxilium
1514 2361 1550 2434 in
1568 2361 1644 2456 ipso
1659 2360 1870 2434 necessitatis
1885 2380 1941 2432 er·

539 2477 646 2550 ticulc
668 2479 823 2552 subtrahi
846 2478 1052 2572 confidenti,
1073 2483 1250 2577 presertim
1273 2483 1432 2578 inquom
1455 2483 1690 2579 promissionis
1713 2483 1841 2558 fiducia
1858 2503 1941 2556 eum

539 2603 691 2676 noscitur
708 2603 911 2676 induxisse?
938 2613 974 2678 et
996 2604 1138 2700 quidem
1160 2608 1280 2700 gravia
1303 2608 1432 2682 exinde
1447 2608 1662 2682 universitati
1679 2615 1794 2681 vestre
1812 2605 1941 2680 discri-

538 2725 632 2797 mina
645 2725 887 2798 inevitabiliter
900 2725 1136 2819 imminerent,
1158 2730 1221 2804 sed
1234 2731 1375 2804 inlamie
1391 2731 1526 2804 muculu
1539 2741 1574 2802 et
1589 2729 1799 2802 confusionis
1814 2727 1941 2823 oppro-

537 2847 652 2920 brium
669 2869 731 2920 vos
753 2859 788 2922 et
803 2848 893 2922 lilios
913 2848 1062 2923 liliorum
1086 2861 1278 2926 vestrorum
1299 2863 1465 2950 perpetuo
1486 2863 1722 2948 sequerentur,
1749 2860 1851 2948 prout
1870 2851 1937 2946 ipsi

538 2971 663 3044 melius
684 2971 808 3044 intueri
833 2973 973 3066 potestis
990 2995 1095 3066 quam
1114 2975 1228 3069 ⁴possit
1252 2997 1313 3070 per
1342 2977 1492 3071 aliquem
1515 2977 1560 3052 de
1579 2975 1671 3049 lucili
1693 2973 1858 3048 enarrari.
1887 2973 1938 3046 Ne

537 3092 643 3187 igitur
666 3115 791 3168 munus
808 3104 940 3168 vestras
962 3094 1152 3168 videamini
1174 3097 1308 3171 mittere
1326 3099 1393 3170 sub
1415 3099 1557 3172 ascellas
1574 3119 1663 3192 quus
1684 3117 1779 3168 nunc
1804 3095 1938 3167 mittere

537 3215 671 3290 debetis
684 3216 730 3290 ad
743 3217 855 3304 fortia,
873 3226 1038 3312 tunquam
1051 3220 1189 3314 propria
1201 3221 1314 3316 capitu
1332 3221 1477 3294 viriliter
1494 3220 1737 3310 defendentes,
1759 3218 1937 3292 universi-

536 3349 640 3416 tatem
652 3349 802 3412 vestram
813 3361 988 3434 rogemus,
1001 3361 1180 3414 monemus
1192 3351 1227 3416 et
1237 3343 1414 3416 hortamur
1427 3352 1554 3416 attente
1565 3365 1627 3438 per
1638 3341 1823 3438 apostolica
1837 3340 1936 3414 vobis

536 3464 663 3559 scripta
678 3463 745 3536 sub
760 3463 877 3537 debito
886 3465 1081 3556 juramento
1095 3463 1236 3538 firmiter
1249 3466 1471 3563 precipiendo
1487 3465 1689 3539 mandantes
1702 3473 1872 3559 quatenus
1886 3465 1936 3535 lu·

536 3587 634 3661 ciatis
651 3588 792 3660 omnino
811 3595 849 3659 ut
865 3587 1011 3682 predicti
1030 3587 1155 3660 milites
1168 3589 1204 3659 in
1223 3589 1374 3662 Ecclesie
1392 3589 1532 3662 servitio
1551 3598 1585 3661 et
1603 3596 1719 3662 vestro
1736 3609 1798 3684 per
1817 3607 1937 3660 conse·

534 3733 646 3808 quens
668 3711 815 3784 fideliter
844 3720 1090 3806 perseverent,
1119 3711 1349 3785 ministrantes
1374 3712 1425 3786 eis
1451 3710 1593 3786 abunde
1615 3710 1788 3806 stipendia
1810 3718 1845 3782 et
1870 3709 1937 3781 elia

534 3847 717 3931 oportuna,
734 3855 878 3908 necros
897 3833 944 3907 ad
967 3855 1107 3928 presens
1122 3835 1244 3906 talium
1259 3835 1373 3907 tedeut
1391 3855 1620 3930 expensarum
1639 3855 1710 3928 que
1731 3855 1752 3904 a
1769 3831 1887 3903 multis
1904 3840 1938 3903 et

534 3958 700 4050 gravibus
715 3957 853 4031 damnis
866 3964 901 4028 et
912 3955 1048 4048 injuriis
1060 3976 1124 4028 vos
1139 3965 1350 4050 preservant,
1359 3978 1439 4028 cum
1450 3956 1578 4028 utiliter
1589 3954 1753 4028 denarius
1759 3953 1938 4048 expendu-

534 4087 593 4152 tur
605 4101 675 4174 quo
691 4081 778 4152 libre
795 4079 947 4175 parcitur
961 4079 1036 4150 sine
1049 4086 1141 4151 nota.
1159 4079 1247 4150 Ecce
1266 4086 1381 4151 eutem
1400 4077 1640 4173 transcriptum
1663 4077 1849 4150 litterarum
1865 4097 1941 4171 pre·

537 4201 707 4275 dictorum
722 4203 857 4295 regiset
870 4201 1052 4274 cardinalis
1065 4201 1164 4273 vobis
1175 4201 1242 4272 sub
1253 4201 1348 4274 bulla
1357 4210 1471 4274 nostra
1483 4201 1650 4272 mittimus
1664 4199 1888 4271 interclusum
1903 4208 1942 4270 ut

536 4324 665 4398 exinde
674 4326 827 4419 urgentis
833 4324 1043 4397 necessitatis
1050 4323 1193 4396 articulo
1203 4324 1371 4396 intellecto
1382 4323 1551 4418 impleatis
1559 4332 1594 4396 et
1603 4323 1748 4395 celerius
1757 4331 1791 4394 et
1799 4321 1943 4393 liberius

536 4447 634 4541 quod
647 4448 866 4538 mundamus,
883 4445 1078 4539 adjiciendo
1091 4455 1246 4541 pmmpto
1262 4445 1384 4518 affectu
1399 4455 1433 4518 et
1444 4446 1565 4518 effectu
1576 4443 1774 4518 omnimode
1790 4445 1943 4518 subven-

582 4702 623 4782 (ιι)
646 4704 681 4764 In
694 4700 929 4775 duobuscodtc„
944 4697 1117 4762 lenitudine
1129 4701 1217 4762 mule.
1247 4765 1252 4772 ,
