4652 6092
1103 617 1413 680 ΑΒΒΙΤΑΙΕΝΤΑ.

779 907 1720 922 mmo-munuum·—

351 1201 528 1305 „ffimffl
611 1181 816 1296 Gregorius
833 1208 933 1294 papa
951 1181 1103 1294 Hugoni
1125 1181 1301 1292 episcopo
1323 1181 1549 1266 Veroellensi
1567 1191 1605 1266 et
1623 1179 1765 1266 Gualae
1781 1179 1966 1266 Brixiensi

557 1317 732 1426 episcopo
749 1317 908 1400 mandat
924 1323 968 1400 ut
985 1316 1035 1398 ad
1052 1314 1336 1426 requisitionem
1350 1313 1491 1425 judicis
1508 1313 1672 1399 Taddaei
1690 1315 1739 1398 de
1760 1315 1899 1398 Suessa
1916 1313 1967 1398 ab

558 1450 783 1560 imperatore
801 1451 841 1530 in
859 1447 1128 1534 Lombardiam
1147 1447 1359 1532 transmissi
1373 1447 1484 1560 juxta
1496 1447 1661 1532 formam
1680 1447 1866 1532 cautionis
1882 1448 1964 1532 ho-

558 1583 681 1666 mines
698 1581 949 1666 Lomhardiae
962 1581 1092 1691 jurare
1109 1579 1263 1664 iaciant.

640 1797 734 1878 (Edit.
758 1814 808 1876 ap.
830 1797 974 1896 Sanoua,
989 1792 1100 1858 Amal.
1116 1791 1248 1877 Bolopvt,
1268 1801 1293 1857 t.
1314 1796 1376 1872 111,
1398 1795 1525 1876 appnd.
1543 1813 1576 1875 p.
1597 1804 1718 1872 romu·
1731 1797 1964 1870 illdifflm

676 1905 795 1984 Regeat.
810 1905 943 1984 Gragor,
959 1920 1030 1964 ann.
1046 1913 1081 1978 c,
1096 1905 1179 1982 epist
1196 1905 1240 1978 2.)

608 2092 833 2186 [Gregorius,
858 2085 949 2186 etc]
980 2143 1960 2166 .........................

606 2215 692 2288 Cum
713 2216 856 2289 tonnam
877 2213 1047 2287 cautionis
1068 2214 1261 2287 secundnm
1282 2237 1387 2310 qnam
1405 2216 1523 2308 jurare
1545 2213 1672 2288 debent
1690 2213 1847 2288 homines
1862 2217 1966 2288 lorn-

557 2339 679 2415 bardie
700 2339 800 2412 vobis
824 2337 1030 2412 duxerimus
1052 2337 1348 2412 transmittendam
1369 2347 1403 2412 et
1426 2339 1647 2412 charissimus
1666 2339 1700 2411 in
1720 2339 1853 2413 Chrimo
1876 2337 1968 2413 fllins

558 2474 673 2537 noster
686 2461 882 2536 liridoricns
902 2464 1132 2536 Romanorum
1148 2463 1345 2560 imperator,
1365 2483 1502 2560 semper
1524 2473 1694 2558 angustus
1714 2473 1750 2536 et
1773 2485 1836 2538 rax
1853 2464 1968 2538 Sicilie

557 2589 721 2663 dilectum
743 2587 854 2662 lilium
871 2587 1070 2662 Taddaeum
1086 2587 1241 2682 jndicem
1263 2591 1472 2662 Suessanum
1493 2585 1694 2662 familiarem
1708 2609 1830 2677 suum,
1852 2589 1965 2664 virum

557 2713 743 2812 providum
767 2723 801 2786 at
825 2713 1029 2803 discretum,
1056 2720 1193 2809 propter
1216 2713 1282 2786 hoc
1297 2711 1344 2786 ad
1371 2723 1484 2810 partas
1510 2711 1713 2786 lombardia
1742 2713 1961 2807 transmittet,

556 2837 755 2920 fraternitati
782 2847 896 2911 vestre
922 2861 985 2934 per
1009 2838 1195 2935 apostolica
1226 2838 1353 2934 scripta
1378 2838 1413 2910 in
1442 2837 1571 2912 virtute
1595 2837 1790 2912 obedientie
1815 2837 1967 2912 districte

556 2961 779 3060 precipiendo
792 2961 998 3036 mandamus
1013 2973 1184 3057 qnatenus
1204 2985 1284 3037 cum
1303 2985 1324 3036 a
1344 2963 1438 3036 dioto
1447 2961 1568 3056 judice
1585 2963 1716 3036 fueritis
1734 2963 1903 3060 requisiti,
1919 2963 1967 3038 ad

557 3087 733 3182 nogotium
756 3085 855 3160 vobis
882 3087 1076 3182 injunctum
1100 3086 1246 3162 fideliler
1270 3085 1517 3182 exequendum
1540 3088 1732 3184 procedatis
1753 3089 1849 3162 omni
1870 3111 1966 3164 mora

557 3211 763 3310 postposita,
783 3233 863 3284 cum
881 3212 1004 3286 eodem
1030 3212 1235 3286 adhibentes
1257 3211 1523 3285 sollicitudinem
1543 3221 1579 3285 et
1598 3231 1738 3308 operam
1766 3213 1966 3310 diligentem

557 3347 597 3409 nt
620 3337 722 3430 juxta
751 3336 910 3411 eamdem
938 3337 1083 3411 formam
1115 3345 1309 3434 prestantur
1333 3335 1533 3429 hujusmodi
1558 3338 1771 3432 juramenta,
1803 3339 1967 3412 attentius

557 3460 728 3558 provisuri
747 3470 787 3533 nt
803 3461 854 3534 sic
872 3471 973 3535 cante
986 3469 1022 3536 et
1038 3461 1285 3558 circumspecta
1302 3461 1338 3532 in
1355 3461 1537 3534 commisso
1556 3461 1658 3536 vobis
1677 3463 1816 3556 negotio
1840 3485 1969 3560 proee-

557 3587 647 3661 datis
663 3585 759 3682 qnod
775 3585 824 3658 nil
839 3586 884 3662 de
902 3587 1182 3682 contingentibus
1198 3587 1375 3660 omittatur
1391 3595 1426 3660 et
1447 3607 1512 3660 nos
1528 3585 1682 3661 studium
1699 3595 1734 3662 ct
1751 3586 1967 3684 diligentiam

556 3721 706 3785 vestram
723 3711 896 3808 possimus
911 3714 1032 3786 merito
1046 3711 1300 3786 commendare.

605 3839 731 3911 Datum
748 3837 924 3928 Laterani,
945 3837 992 3910 lx
1009 3837 1175 3912 kalendas
1191 3835 1328 3932 aprilis,
1349 3831 1566 3932 pontificatus
1589 3835 1695 3909 nostri
1716 3857 1808 3910 anno
1829 3837 1965 3932 quinto.

1566 4143 1741 4154 ι--ι-

367 4462 524 4572 „illm
615 4432 819 4545 Gregorius
844 4455 943 4544 papa
973 4425 1145 4514 animum
1172 4429 1350 4514 Friderici
1377 4431 1636 4518 Romanorum
1660 4433 1895 4544 imperatoris
1921 4461 1969 4519 ex

560 4563 871 4680 praecedentibus
885 4563 965 4648 auis
978 4562 1112 4648 litteris
1126 4573 1359 4648 commotum
1372 4566 1969 4688 demulcereeonatur,rogetque

560 4711 604 4786 ut
620 4699 787 4786 confidat
803 4700 844 4784 id
862 4725 939 4784 non
954 4697 1181 4810 processisse
1199 4698 1273 4780 nisi
1290 4699 1338 4782 de
1356 4699 1490 4810 spiritu
1508 4725 1636 4788 merae
1650 4701 1857 4788 chemmin.
