4652 6092
904 643 1213 707 tnnllollultle.
1706 642 1767 704 eo‘t

406 837 579 860 .....
601 835 621 858 ,.
652 833 662 852 .
692 831 702 851 .
733 831 742 851 .
773 832 784 852 .
814 833 822 852 .
851 779 980 852 Verum
1004 777 1084 852 licet
1107 777 1222 852 melem
1243 776 1459 852 sanctissimo
1481 776 1572 850 Petri
1597 776 1766 873 spirituali

354 911 474 988 omniu
495 927 617 1006 perere
635 903 785 978 debeam
805 901 842 974 in
865 923 931 976 suo
950 901 1030 994 jure
1051 910 1087 975 et
1110 923 1173 976 nos
1194 902 1362 998 obsequio
1383 911 1501 976 nostra
1525 900 1715 974 debeamus
1733 907 1768 973 et

355 1035 507 1112 velimus
522 1031 636 1106 eidem
654 1027 837 1118 exhibere,
854 1025 901 1100 ud
918 1047 981 1098 nos
999 1033 1113 1099 temen
1128 1027 1339 1125 specialiter,
1360 1026 1458 1100 solva
1473 1024 1665 1100 reverentie
1681 1046 1762 1117 sue,

357 1159 528 1258 pertinere
554 1155 783 1230 dinoscuntur
811 1149 1010 1244 hujusmodi
1040 1151 1236 1246 questiones
1265 1173 1285 1224 u
1310 1149 1438 1248 quibus
1467 1148 1572 1224 leude
1598 1149 1768 1244 regalium

357 1288 609 1380 processerunt.
630 1275 731 1350 Unde
752 1274 983 1372 presumimus
1004 1275 1226 1350 vehementer
1240 1275 1337 1372 quod
1358 1283 1497 1371 propter
1513 1274 1655 1348 nimiam
1668 1295 1768 1348 suom

357 1405 618 1504 occupationem
636 1403 715 1495 jure
736 1407 852 1474 nostru
874 1400 1031 1495 neglecto
1055 1398 1182 1474 dictem
1198 1400 1414 1496 questionem
1436 1397 1625 1494 susceperit
1649 1397 1770 1472 termi-

358 1531 512 1606 nandam
530 1527 631 1626 qussi
648 1525 696 1600 ud
716 1547 755 1599 se
776 1523 945 1598 remorer
961 1525 1206 1621 pertinentem,
1228 1525 1284 1598 vel
1298 1525 1386 1598 lorte
1405 1545 1485 1620 pers
1507 1523 1660 1620 episcopi
1681 1521 1770 1596 Gur·

359 1657 473 1730 censis
498 1652 594 1750 qnod
619 1651 765 1726 lendum
794 1659 884 1724 esset
908 1669 979 1722 non
1004 1651 1122 1724 lecerit
1146 1651 1367 1725 mentionem.
1395 1649 1439 1722 Et
1462 1647 1627 1744 quonium
1649 1665 1771 1720 sumus

360 1780 491 1874 ubique
501 1777 590 1872 juris
609 1775 784 1874 apostolici
803 1775 1019 1864 defensores,
1043 1785 1161 1850 oontm
1179 1795 1243 1848 nos
1269 1775 1415 1868 injurias
1434 1771 1574 1870 prodire
1600 1772 1684 1846 inde
1701 1792 1770 1846 nou

359 1903 536 2000 potuimus
559 1899 727 1996 suspicari
753 1899 849 1974 unde
866 1900 946 1992 jure
964 1898 1224 1973 evidentissimo
1240 1920 1382 1972 menore
1403 1897 1553 1971 debeant
1557 1949 1767 1970 ......

363 2075 1431 2100 ...........................
1464 2023 1689 2098 blemorutnm
1710 2022 1769 2115 jue

360 2150 527 2244 regalium
545 2169 622 2222 esse
638 2147 795 2221 lendum.
827 2203 836 2220 .
866 2203 876 2220 .
908 2203 916 2220 .
944 2149 1283 2246 upredeccssoribus
1300 2149 1424 2223 nostrie
1442 2147 1645 2244 proiectum.
1675 2200 1685 2219 .
1717 2201 1725 2220 .
1756 2199 1767 2220 .

360 2283 395 2347 et
408 2271 546 2368 (teipso
564 2269 669 2344 leudo
686 2271 969 2366 salzburgensem
986 2272 1283 2370 archiepiscopum
1296 2281 1332 2346 et
1344 2293 1444 2345 suam
1461 2271 1640 2346 ecclesiam
1656 2293 1773 2367 apre-

361 2395 599 2470 dcoessotibns
612 2395 738 2468 nostris
748 2393 955 2488 jamdudum
969 2398 1246 2491 recognoscimus
1258 2396 1470 2470 inleodetnm
1474 2447 1769 2469 ........

408 2521 526 2594 Testes
541 2519 646 2614 hujus
661 2519 711 2592 rei
729 2528 810 2592 sunt
828 2520 873 2590 H.
897 2521 1105 2594 venerabilis
1123 2521 1378 2618 llerbipolensis
1395 2521 1597 2618 episcopus,
1617 2521 1656 2592 L.
1675 2529 1711 2594 et
1727 2521 1767 2593 L.

361 2643 497 2717 Austris
514 2654 550 2717 et
571 2643 729 2718 Bowurie
744 2644 894 2718 illustres
908 2644 1036 2735 duces,
1059 2667 1173 2719 comcs
1195 2647 1238 2718 Η.
1264 2646 1309 2720 de
1329 2645 1508 2739 Dilingen,
1534 2666 1649 2718 comes
1663 2645 1704 2716 E.
1726 2645 1771 2720 dc

361 2768 471 2861 Uroh,
490 2769 656 2842 comesll.
676 2767 721 2842 de
736 2768 883 2861 Costele,
898 2769 1108 2864 bnrpruvius
1124 2770 1160 2843 C.
1182 2769 1228 2843 de
1243 2771 1437 2862 Nurnberc,
1458 2769 1498 2842 G.
1519 2769 1564 2844 de
1577 2769 1768 2864 Bntingcn,

361 2893 401 2966 F.
420 2893 466 2967 de
482 2892 770 2987 Trubendingen,
801 2947 810 2964 .
841 2947 851 2964 .
883 2947 892 2965 .
920 2895 1060 2967 comites
1076 2893 1121 2968 de
1135 2893 1350 2968 Hellinstein.

412 3017 537 3091 lictum
555 3017 649 3114 opud
663 3017 915 3111 Nordelingen,
932 3041 1023 3092 enno
1036 3019 1172 3092 Domini
1191 3021 1238 3092 bl⁰
1252 3019 1316 3092 CC‘
1335 3020 1413 3092 1111ο
1429 3027 1571 3108 octavo,
1588 3018 1677 3091 11111ο
1691 3017 1772 3092 idus

363 3142 585 3240 septembris,
606 3141 793 3216 indictione
806 3143 930 3239 primu.

589 3451 762 3464 nauum—un·-

418 3733 603 3818 Henrieus
625 3735 885 3821 Romanorum
910 3763 977 3820 rex
998 3740 1228 3823 monasterio
1250 3741 1387 3824 Montis
1408 3743 1642 3854 Angelorum
1661 3743 1774 3857 (En-

366 3865 548 3977 gelberg)
567 3867 787 3952 collationes
804 3868 1005 3953 confirmet
1022 3897 1119 3981 ques
1136 3872 1311 3957 homines
1329 3874 1498 3986 imperii,
1519 3878 1679 3962 ducatus
1698 3880 1775 3963 sive

366 4000 584 4109 patrimonii
598 4001 657 4086 sui
670 4001 719 4085 de
734 4001 845 4086 bonis
858 4028 991 4086 eorum
1009 4005 1058 4086 ad
1076 4031 1117 4088 se
1135 4006 1391 4117 spectantibus
1407 4008 1530 4094 eidem
1548 4013 1777 4096 monasterio

366 4133 534 4218 iecerint.

448 4349 549 4424 (nott.
574 4367 623 4430 up.
653 4350 776 4413 Verruci
798 4352 878 4414 obser
898 4349 1085 4436 omcttonq
1106 4351 1155 4416 der
1172 4353 1244 4436 rlyt
1260 4353 1623 4441 Ecqelbcrp,p11²,ex
1644 4359 1779 4438 (οι-13111111

488 4458 568 4518 unde
590 4459 720 4538 slglllum
738 4459 865 4522 oerum
882 4461 990 4538 pondu
1011 4459 1070 4522 lllls
1092 4463 1193 4524 uncte
1213 4464 1316 4525 vindis
1338 4465 1478 4544 rubrique
1500 4467 1613 4528 oclcrls.
1628 4467 1781 4547 integrum

488 4562 606 4638 murus,
622 4565 697 4626 libro
710 4566 763 4628 dtu
775 4569 915 4645 requisito
928 4573 957 4628 et
970 4569 1116 4630 mcentlus
1129 4569 1269 4650 reperto.)

420 4749 458 4818 ln
473 4749 611 4823 nomine
621 4761 739 4826 sancte
750 4763 786 4826 ot
797 4751 980 4829 individue
990 4754 1174 4830 Trinitatis.
1189 4757 1258 4830 Nos
1270 4757 1449 4831 Heinrious
1462 4756 1642 4853 Doigretie
1653 4756 1782 4830 Roma-
