4702 6110
392 637 490 698 lanrcr.
505 627 549 712 4.]
831 619 1028 682 lllsvoltla
1053 615 1345 680 birbouavlcd.
1743 619 1805 684 459

394 775 480 840 tetes
502 773 536 838 et
554 759 656 836 leoda
670 781 733 856 per
748 757 906 830 civitates
921 763 1055 828 nostras
1072 753 1123 852 (o)
1139 763 1307 850 occupata
1320 753 1559 848 restituantur,
1577 776 1642 830 nec
1659 755 1805 830 ulterius

393 895 617 985 occupentur.
651 885 736 957 item
769 879 979 954 conductum
1009 879 1205 975 principum
1233 900 1295 976 per
1322 887 1446 953 terram
1471 901 1592 954 eorum
1621 902 1727 976 qumn
1760 881 1807 956 de

394 1035 501 1088 manu
523 1020 640 1084 nostra
665 1013 782 1080 tenent
800 1005 837 1078 in
859 1003 980 1087 feodo,
999 1023 1062 1099 per
1076 1023 1141 1076 nos
1160 1003 1217 1076 vel
1241 1011 1375 1076 nostros
1399 1023 1470 1076 non
1494 1003 1725 1100 impediemus
1748 1004 1806 1079 vel

394 1135 536 1230 infringi
553 1133 742 1230 paciemur.
761 1130 846 1202 item
862 1145 932 1201 nm
951 1127 1200 1223 compellantur
1219 1127 1327 1222 aliqui
1348 1150 1410 1224 per
1429 1130 1591 1202 scultetos
1607 1138 1742 1202 nostros
1761 1127 1808 1203 ad

394 1258 651 1334 restitucionem
665 1275 805 1344 eorum,
822 1270 892 1346 qus
906 1272 926 1323 a
940 1251 1130 1346 longinquo
1144 1259 1298 1346 tempore
1312 1251 1358 1323 ab
1372 1251 1585 1342 bominibus,
1605 1251 1809 1348 priusquam

394 1384 485 1459 sein
504 1381 631 1456 nostris
648 1377 846 1454 civilatibus
865 1375 1087 1466 collocarent,
1111 1385 1323 1472 receperant.
1342 1377 1428 1450 item
1445 1377 1483 1450 in
1501 1375 1701 1450 civitatibus
1720 1399 1809 1451 nos-

395 1508 457 1580 tris
485 1507 601 1579 nullus
625 1513 713 1576 terre
739 1499 964 1596 dampnosus,
988 1500 1046 1572 vel
1069 1499 1224 1592 ajudice
1242 1500 1470 1596 dampnatus,
1494 1501 1550 1574 vel
1572 1501 1806 1598 proscriptus,

395 1633 544 1705 scienter
563 1627 765 1723 recipiatur3
789 1623 918 1720 recepti
937 1623 1087 1697 convicti
1107 1624 1301 1718 ejiciantur.
1322 1625 1406 1697 ltem
1425 1625 1556 1698 nullam
1575 1647 1703 1700 novam
1727 1647 1810 1700 ωο-

397 1765 512 1830 netem
533 1755 570 1825 in
592 1761 683 1826 terra
700 1749 847 1843 alicujus
863 1747 1029 1844 principis
1048 1748 1131 1821 cudi
1149 1749 1336 1838 iaciemus,
1355 1771 1418 1845 per
1431 1769 1537 1844 quam
1555 1759 1694 1823 moneta
1709 1751 1810 1846 priu-

398 1879 485 1975 cipis
509 1876 745 1950 deterioretur.
770 1875 856 1946 ltem
877 1871 1033 1945 civitates
1060 1881 1176 1945 nostre
1195 1871 1470 1966 jurisdictionem
1493 1895 1593 1946 suam
1620 1883 1720 1948 extra
1746 1897 1810 1950 sue

397 2001 547 2076 civitatis
572 1999 741 2073 ambitum
761 2019 830 2071 non
848 1996 1059 2088 extendant,
1079 1997 1146 2069 nisi
1167 1997 1213 2070 ad
1237 2017 1300 2071 nos
1316 1997 1486 2094 pertineat
1506 1997 1703 2091 jurisdictio
1722 2021 1808 2097 spc-

396 2127 505 2200 cialis.
531 2127 615 2199 Item
637 2124 674 2196 iu
693 2123 893 2197 civitatibus
914 2121 1038 2195 nostris
1053 2129 1148 2195 actor
1166 2123 1277 2195 iorum
1295 2123 1345 2194 rei
1365 2133 1541 2216 sequatur,
1562 2123 1629 2195 nisi
1653 2145 1734 2197 reus
1752 2125 1809 2199 vel

396 2249 531 2326 debitor
561 2247 759 2345 principalis
798 2245 930 2320 ibidem
961 2245 1065 2318 luerit
1090 2244 1271 2338 inventus,
1296 2265 1367 2340 quo
1399 2267 1483 2318 casu
1509 2246 1717 2343 respondeat
1742 2248 1809 2322 ibi·

398 2375 491 2451 dem.
515 2375 600 2447 item
622 2393 723 2446 nemo
749 2371 893 2468 recipiat
917 2371 954 2442 in
977 2371 1124 2468 pignore
1146 2371 1238 2444 bona
1261 2369 1392 2466 quibus
1412 2371 1493 2466 quis
1516 2371 1712 2446 inlcodutus
1732 2383 1804 2460 est,

398 2499 474 2572 sine
487 2517 657 2571 consensu
671 2505 707 2569 et
720 2517 827 2570 manu
845 2493 977 2568 domini
991 2494 1202 2590 principalis.
1218 2496 1302 2568 item
1317 2494 1364 2568 ad
1381 2515 1486 2590 opera
1498 2495 1678 2570 civitatum
1693 2497 1809 2570 nullus

397 2631 552 2717 cogetur,
577 2621 643 2694 nisi
661 2618 798 2712 dejure
813 2625 981 2692 teneatur.
1006 2618 1091 2691 ltem
1112 2617 1270 2692 homines
1287 2617 1494 2692 advoceticii
1516 2619 1553 2692 in
1570 2622 1695 2695 nostris
1713 2621 1808 2696 civi-

398 2747 526 2820 latibus
549 2743 739 2817 residentes
769 2743 912 2838 antiqua
935 2752 970 2815 et
992 2741 1109 2816 debita
1141 2741 1328 2816 advocacie
1348 2744 1428 2836 jura
1454 2745 1669 2839 persolvant,
1695 2767 1811 2843 neque

397 2869 562 2946 indebitis
588 2867 830 2940 exactionibus
858 2867 1092 2940 molestentur.
1112 2867 1196 2939 item
1220 2867 1377 2940 homines
1401 2868 1553 2964 proprii,
1580 2866 1806 2963 advocaticii,

398 2991 563 3084 feodales,
578 2990 640 3086 qui
657 2989 704 3063 ad
722 2989 882 3064 dominos
901 3009 983 3061 suos
995 2988 1139 3062 transire
1158 2987 1343 3078 voluerint,
1361 2987 1406 3062 ad
1421 2989 1632 3064 manendum
1647 3013 1668 3065 a
1683 2993 1810 3066 nostris
1914 2991 1919 3004 ’

397 3116 554 3192 officiatis
572 3137 642 3188 non
663 3123 849 3188 arctentur.
870 3111 1011 3186 Talibus
1034 3122 1150 3185 aulem
1174 3111 1352 3186 beneficiis
1370 3113 1514 3188 dilectos
1531 3115 1632 3188 nobis
1655 3115 1810 3192 bonora-

398 3243 485 3316 biles
507 3242 683 3337 principes
710 3241 870 3333 majestas
898 3237 1053 3312 decrevit
1079 3238 1174 3332 regia
1202 3239 1404 3334 prevenire,
1437 3239 1544 3314 salvis
1569 3239 1810 3336 privilegiisa

398 3375 515 3439 nostro
529 3364 684 3459 genitore
698 3363 848 3460 optentis
865 3371 900 3435 el
918 3363 964 3435 eb
982 3383 1024 3436 eo
1042 3363 1099 3434 vel
1114 3383 1135 3435 a
1148 3361 1249 3434 nobis
1266 3361 1302 3433 in
1322 3370 1496 3458 posterum
1513 3362 1733 3458 optinendis;
1750 3387 1810 3440 eo·

399 3487 479 3562 dem
501 3509 641 3584 quoque
656 3489 736 3581 jure
757 3486 911 3582 gaudere
929 3486 1093 3560 volumus
1111 3483 1294 3577 vassallos,
1317 3485 1575 3579 ministeriales,
1600 3485 1758 3563 homines
1775 3497 1811 3564 et

399 3612 567 3698 civitates,
587 3611 688 3685 nobis
709 3620 744 3686 el
759 3610 905 3708 imperio
920 3611 1116 3684 attinentes.

447 3737 564 3808 Testes
581 3745 663 3807 sunt
678 3735 728 3807 bii
747 3735 895 3808 Silridus
911 3735 1134 3830 Mogontinus
1152 3733 1297 3826 electus,
1313 3735 1377 3806 Tb.
1397 3733 1625 3830 Trevirensis,
1646 3737 1688 3809 A.
1714 3737 1811 3832 Mag·

400 3860 645 3954 babergensis,
664 3861 707 3932 li.
725 3859 937 3933 Coloniensis
950 3859 1217 3955 archiepiscopi,
1238 3861 1280 3933 Η.
1306 3859 1625 3954 wirceburgensis,
1651 3863 1694 3934 Η.
1711 3861 1812 3936 Wor-

399 3984 599 4072 maciensis,
619 4037 628 4054 .
647 4037 655 4054 .
675 4037 684 4055 .
701 3981 982 4078 Argentinensis,
1007 4039 1016 4056 .
1038 4039 1047 4058 .
1067 4037 1075 4056 .
1098 3983 1286 4079 Spirensis,
1304 4037 1314 4055 .
1334 4037 1343 4056 .
1362 4037 1370 4055 .
1388 3983 1662 4080 Augustensis„
1685 4040 1692 4058 .
1713 4041 1721 4058 .
1743 3987 1811 4060 Cu·
1948 3973 1952 3982 ’

399 4107 522 4180 riensis
530 4105 696 4203 episcopi,
712 4159 720 4177 .
739 4159 748 4178 .
770 4105 906 4179 .Sencti
917 4105 1041 4199 Galli„
1063 4159 1072 4178 .
1094 4105 1455 4201 ,wizenburgensis,.
1477 4163 1486 4180 .
1506 4109 1741 4182 ‚Bromiensis
1753 4109 1812 4184 ab·

398 4231 509 4322 hales,
525 4285 533 4302 .
555 4285 564 4302 .
582 4230 773 4320 bleranie,.
793 4283 803 4301 .
819 4229 1052 4326 lothoringie,
1068 4285 1077 4302 .
1099 4231 1310 4305 ‚Bravancie
1320 4231 1486 4323 duces,et
1499 4233 1558 4305 alii
1572 4235 1807 4330 quamplures.

446 4355 532 4426 Data
555 4353 651 4450 apud
672 4355 904 4430 wormaciam
927 4355 962 4426 in
986 4355 1083 4429 curia
1108 4355 1298 4454 solempni,
1326 4377 1417 4430 anno
1440 4355 1576 4430 Domini
1597 4357 1646 4431 Μ0
1663 4357 1809 4433 CCXXX

397 4477 522 4573 primo,
544 4477 710 4552 kalendas
723 4478 818 4571 maii,
835 4479 1023 4554 indictione
1037 4489 1172 4575 quarta.

439 4727 482 4810 (a)
503 4733 539 4796 ln
549 4734 642 4796 altaro
652 4733 771 4798 addltur
782 4731 916 4798 Melite
