4602 6084
557 622 599 686 58
1058 625 1272 687 tstnsstct
1297 624 1471 688 secedet
1784 625 1864 710 [Ass.
1883 627 1970 692 tm

557 757 777 855 congaudere
792 778 834 830 ac
844 758 1002 832 adversis
1017 760 1274 854 emergentibus
1289 760 1444 834 debeatis
1459 761 1686 836 communiter
1701 762 1856 837 obviare.
1871 765 1974 838 Novit

556 883 649 957 enim
663 883 831 956 Dominus
844 882 890 956 de
906 886 1006 978 cujus
1022 884 1182 982 provenit
1201 885 1381 958 clementia
1393 894 1433 958 ut
1442 885 1575 958 romani
1591 887 1827 980 gubernacula
1837 887 1973 984 imperii

556 1007 795 1096 moderemur,
818 1029 882 1080 nos
904 1006 950 1080 ad
971 1017 1060 1082 terre
1085 1017 1204 1082 sancte
1225 1009 1403 1104 negotium
1426 1009 1708 1106 prosequendum
1731 1011 1817 1082 nibil
1841 1033 1888 1083 en
1906 1011 1974 1084 hiis

556 1131 836 1225 contingentibus
856 1131 1013 1206 omisisse
1035 1155 1105 1228 que
1128 1131 1176 1204 ad
1202 1133 1452 1228 promotionem
1476 1133 1585 1230 ipsius
1608 1133 1763 1207 vidimus
1784 1133 1968 1230 expedire;

555 1257 646 1330 sicut
661 1277 721 1352 per
741 1257 857 1354 plures
875 1257 1004 1330 litteras
1026 1267 1063 1330 et
1082 1257 1229 1330 nuncios
1246 1259 1366 1354 previa
1387 1259 1532 1330 veritate
1548 1257 1782 1332 innocentiam
1799 1267 1834 1331 et
1850 1259 1974 1332 sollici·

555 1379 710 1454 tudinem
735 1390 885 1454 nostram
909 1381 1086 1455 devotioni
1113 1391 1227 1455 vestre
1252 1381 1473 1455 meminimus
1500 1381 1688 1455 intimasse.
1714 1383 1831 1477 Nuper
1857 1391 1972 1454 autem

554 1505 774 1578 venientibus
794 1505 839 1578 de
857 1505 1049 1579 Theutonia
1066 1507 1312 1601 crucesignatis
1329 1515 1489 1603 paratum
1509 1527 1573 1602 pro
1587 1527 1707 1578 eorum
1729 1505 1874 1578 transitu
1893 1528 1972 1602 pas·

554 1629 690 1724 sagium
713 1631 858 1704 fecimus
877 1629 1057 1720 exhiberi,
1078 1629 1286 1703 habentibus
1308 1651 1416 1725 equos
1438 1629 1555 1703 minus
1577 1628 1732 1726 ydoneos
1749 1629 1871 1704 dantes
1889 1631 1973 1704 alios

556 1763 806 1850 competentes,
828 1753 1067 1847 indigentibus
1085 1775 1225 1848 quoque
1245 1755 1490 1827 subvenientes
1511 1754 1545 1825 in
1568 1753 1668 1849 equis
1682 1763 1717 1826 et
1731 1755 1835 1826 armis
1851 1775 1974 1828 neces·

556 1877 656 1950 sariis
674 1901 715 1952 ac
730 1878 952 1974 providentes
968 1877 1114 1971 singulis
1130 1878 1165 1948 in
1180 1877 1391 1952 victualibus
1411 1887 1446 1952 et
1463 1879 1584 1952 cebris
1598 1879 1794 1974 oportunis,
1813 1877 1863 1951 sic
1877 1877 1973 1974 quod

557 2001 594 2073 in
607 2003 719 2097 prima
735 2002 926 2098 septimana
943 2001 1111 2097 presentis
1128 2001 1257 2074 mensis
1275 2001 1394 2097 aprilis
1410 2003 1632 2076 marescallus
1648 2011 1765 2074 noster
1777 2021 1858 2072 cum
1873 2003 1924 2075 eis
1939 2011 1974 2076 el

556 2127 679 2220 ingens
691 2126 736 2199 de
746 2146 855 2220 regno
865 2134 982 2198 nostro
993 2125 1139 2196 militum
1150 2125 1312 2198 comitiva
1327 2126 1394 2198 sub
1408 2125 1539 2198 ducatu
1547 2125 1684 2199 Domini
1697 2126 1970 2199 transfretarunt.

557 2249 684 2323 Ceteris
696 2251 800 2324 etiam
811 2249 873 2346 qui
884 2249 1055 2324 arrtedunt
1068 2250 1210 2344 navigia
1223 2250 1260 2322 in
1273 2259 1374 2346 portu
1385 2249 1573 2324 brundusii
1586 2258 1668 2322 sunt
1680 2249 1717 2322 in
1730 2250 1974 2343 eaquantitate

557 2381 693 2470 parata,
711 2374 747 2446 in
769 2396 840 2469 qua
857 2374 991 2446 utinam
1011 2374 1262 2446 transeuntium
1284 2373 1510 2446 sufficientem
1529 2373 1720 2446 habeamus
1739 2372 1874 2468 copiam
1893 2395 1971 2469 per-

557 2518 731 2571 sonarum.
748 2499 818 2572 Nos
835 2496 997 2571 etiamad
1011 2495 1222 2593 iterincepte
1236 2497 1520 2570 transfretationis
1536 2497 1727 2570 insistimus
1740 2496 1832 2570 circa
1844 2495 1971 2570 medie·

558 2629 662 2695 tatem
676 2623 825 2719 proximi
838 2621 967 2695 mensis
980 2619 1062 2694 maii
1075 2619 1217 2694 feliciter
1229 2621 1418 2713 transituri,
1432 2621 1584 2694 maxime
1594 2619 1689 2715 quod
1701 2619 1745 2693 dc
1756 2619 1975 2716 processibus

558 2747 733 2819 exercitus
747 2745 923 2818 christiani
940 2765 1105 2841 prospera
1117 2752 1152 2816 et
1165 2743 1321 2838 jocunda
1338 2767 1430 2818 nova
1444 2767 1507 2841 per
1520 2743 1704 2841 specialem
1717 2743 1976 2816 nuntiumsunt

559 2867 686 2961 delata,
699 2871 758 2964 qui
770 2890 947 2942 accessum
957 2877 1112 2940 nostrum
1123 2875 1218 2940 tanto
1227 2869 1371 2964 requirit
1382 2870 1544 2942 attentius
1555 2867 1973 2964 quantoadobtinendam

559 2991 734 3066 civitatem
753 3002 907 3066 sanctam
925 2993 1113 3065 Jerusalem
1131 2991 1178 3065 ad
1196 2993 1441 3066 exterminium
1456 2991 1589 3090 perfide
1607 2992 1755 3066 nationis
1772 2992 1975 3088 oportunior

560 3115 618 3188 via
639 3126 750 3210 patet,
777 3116 971 3190 Conradino
998 3115 1148 3190 Soldano
1169 3117 1348 3210 Damasci,
1364 3105 1445 3190 ¹snb
1472 3121 1572 3212 cujus
1598 3117 1760 3190 manibus
1785 3117 1973 3190 Jerusalem

561 3240 742 3314 tenebatur
756 3242 910 3338 captiva,
930 3241 1065 3314 noviter
1078 3242 1227 3314 obeunte
1242 3241 1308 3338 (l).
1330 3241 1538 3337 Dispositum
1554 3242 1695 3338 insuper
1711 3251 1764 3314 est
1780 3261 1801 3313 a
1817 3241 1918 3312 nobis
1934 3250 1974 3312 ut

560 3373 638 3459 post
654 3365 787 3438 felicem
800 3364 1108 3437 transfretationem
1122 3375 1273 3437 nostram
1286 3366 1447 3438 omnibus
1458 3367 1703 3462 crucesignatis
1715 3374 1785 3438 tam
1798 3364 1973 3459 equitibus

560 3511 666 3583 quam
686 3489 863 3584 peditibus
878 3489 914 3559 in
933 3499 1088 3560 nostrum
1108 3489 1302 3562 subsidium
1324 3490 1515 3562 transituris
1529 3489 1760 3563 necessarium
1778 3488 1973 3584 passagium

558 3611 745 3704 tribuatur;
767 3613 830 3686 sed
845 3611 930 3686 dum
947 3633 1162 3706 speraremus
1175 3636 1197 3686 a
1210 3634 1352 3686 romano
1370 3611 1530 3708 pontifice
1547 3613 1593 3686 ad
1614 3611 1892 3709 prosequendum
1910 3611 1972 3682 iter

558 3737 735 3832 inceptum
746 3736 853 3810 verbo
867 3745 903 3808 et
917 3736 1081 3832 operibus
1098 3737 1273 3830 adjuvari,
1293 3736 1378 3810 dum
1392 3737 1668 3812 benedictionem
1681 3736 1832 3810 Ecclesia
1846 3745 1974 3831 presto-

595 4149 632 4224 (i)
651 4149 836 4226 Sobarfeddyn
849 4151 947 4226 (ilalelr
959 4153 984 4210 el
997 4151 1156 4225 lloadbaml
1168 4167 1262 4209 mense
1273 4149 1412 4208 novembri
1426 4165 1490 4208 ann.
1501 4153 1571 4209 tati
1584 4155 1706 4206 mortuus
1719 4145 1974 4218 erat—‹lmpera-

561 4269 575 4304 a
592 4255 635 4306 tor
645 4249 717 4324 apud
728 4250 853 4308 barolum
867 4251 970 4309 Pascha
981 4250 1082 4308 domini
1095 4251 1141 4324 (te
1163 4249 1265 4321 martiii
1282 4245 1423 4322 magnifice
1435 4247 1553 4306 celebrat
1573 4247 1600 4304 iu
1619 4247 1692 4304 omni
1708 4244 1804 4318 modio
1825 4249 1854 4300 et
1871 4241 1972 4320 exulta

562 4365 575 4397 ι
588 4347 668 4416 done,
683 4347 747 4420 quia
758 4347 870 4406 sioutex
879 4348 974 4406 litteris
987 4355 1050 4404 tunc
1062 4347 1191 4404 didicerat
1202 4347 1320 4404 Thomas
1330 4345 1479 4419 deliquino
1491 4345 1651 4402 boemorum
1665 4341 1770 4402 comitis
1781 4341 1815 4398 ad
1826 4355 1906 4398 suurn
1915 4353 1974 4395 ser·

561 4463 575 4498 ι
589 4443 685 4502 vitium
694 4443 807 4516 insyria
819 4444 969 4511 existentis,
980 4443 1030 4501 illis
1041 4443 1425 4501 diebochradinusSoldanus
1434 4441 1682 4499 Damuscimortuus
1690 4437 1971 4509 fueratouamobrem

562 4559 577 4594 r
593 4540 621 4596 in
632 4539 781 4598 subsidium
795 4545 882 4598 terrae
896 4547 1004 4599 sanctae
1022 4541 1112 4614 dirigit
1125 4541 1283 4598 liicoardunr
1297 4541 1335 4598 de
1347 4542 1500 4615 l’n'ncipatu
1513 4525 1705 4597 marescalcum
1723 4551 1801 4596 suunt
1816 4551 1881 4592 cour
1897 4535 1975 4607 quin·

563 4657 577 4690 a
591 4636 678 4709 gentis
691 4636 821 4695 militibus
835 4639 881 4710 qui
893 4655 908 4696 a
921 4637 1071 4696 Brundusio
1083 4637 1154 4695 felici
1167 4637 1256 4696 omine
1269 4637 1475 4696 transfretavit.»
1491 4637 1564 4695 ltrcc.
1582 4651 1618 4694 ns
1633 4633 1662 4694 S.
1675 4633 1780 4703 cras..
1795 4631 1921 4692 Cironic.
1936 4627 1974 4686 ud

560 4752 627 4793 una.
643 4737 723 4792 ⁴228.
767 4775 773 4792 .
