4702 6110
543 579 604 639 ΗΟ
1068 579 1240 642 llllNlllCl
1265 581 1432 644 suurltit
1770 587 1847 673 [Aac.
1866 590 1952 654 1230.

544 713 717 788 universis
737 723 913 808 presentes
933 715 1063 789 litteras
1085 715 1292 812 inspecturis
1311 717 1456 792 salutem
1475 725 1510 792 et
1529 737 1633 792 omne
1656 721 1799 796 bonum.
1815 725 1957 800 Noverit

545 837 754 913 universitas
775 847 889 912 vestra
914 839 1010 934 quod
1031 859 1095 913 nos
1119 839 1214 936 apud
1236 839 1457 916 Neureuberc
1474 851 1649 938 presentes
1670 845 1800 922 luimus
1818 849 1855 922 iu
1874 850 1956 924 aula

543 963 652 1058 regali
667 963 728 1036 ubi
747 963 987 1036 serenissimus
1005 963 1168 1037 dominus
1185 972 1299 1037 noster
1313 963 1355 1038 ll.
1371 965 1602 1040 Romanorum
1616 989 1680 1042 rex
1693 979 1728 1044 et
1740 993 1877 1069 semper
1891 997 1956 1048 au·

543 1096 667 1181 gustus
702 1107 765 1184 per
786 1085 960 1179 judicium
985 1085 1137 1183 episcopi
1161 1088 1446 1162 Babenberiensis
1469 1098 1504 1162 et
1525 1099 1680 1165 nostrum
1702 1093 1733 1167 ei
1756 1095 1845 1190 quid
1872 1097 1955 1170 alie·

543 1219 663 1284 natum
678 1209 782 1284 luerit
796 1220 936 1308 perante
949 1231 1102 1284 cessores
1115 1215 1226 1302 [suos]
1242 1212 1430 1284 venerabili
1443 1213 1584 1288 domine
1599 1215 1641 1288 0.
1656 1217 1719 1290 Dei
1731 1219 1842 1313 gratia
1852 1219 1956 1293 abba·

541 1334 624 1408 tiese
636 1335 835 1431 Nyvellensi
848 1335 945 1430 quod
955 1343 1086 1432 spectet
1100 1334 1146 1409 ad
1168 1336 1347 1409 ecclesiam
1357 1337 1413 1409 vel
1424 1336 1598 1411 abbatiam
1615 1339 1869 1436 Nyvellousem,
1885 1364 1955 1437 que

542 1457 659 1532 omnia
677 1467 758 1530 sunt
775 1459 842 1533 sub
857 1459 1003 1534 tuitione
1019 1459 1164 1534 dextere
1180 1459 1323 1554 regalis,
1345 1459 1392 1533 ad
1408 1461 1574 1534 unitatem
1592 1463 1780 1538 revocavit.
1798 1465 1834 1538 Si
1851 1465 1954 1540 mam

540 1601 601 1676 per
612 1583 857 1678 negligentiam
870 1583 1042 1658 dictorum
1055 1591 1310 1657 autecessorum
1322 1605 1464 1657 suorum
1478 1585 1669 1680 privilegiis
1677 1587 1769 1661 diets
1780 1587 1953 1686 [melesio]

540 1705 597 1777 vel
619 1705 758 1780 abbatie
785 1708 887 1780 luerit
908 1707 1112 1801 derogatum
1132 1708 1168 1779 in
1186 1707 1322 1802 aliquo,
1343 1709 1457 1804 ipsum
1484 1709 1618 1782 irritum
1642 1711 1830 1786 deomnens
1847 1713 1955 1810 privi-

540 1829 629 1924 legia
647 1841 680 1903 et
698 1832 872 1905 libertates
886 1833 971 1928 ipsis
989 1834 1035 1905 ab
1053 1832 1327 1906 antecessoribus
1342 1833 1415 1906 suis
1432 1833 1572 1907 collatas
1588 1836 1804 1931 approbavit.

591 1953 714 2026 Actum
731 1977 823 2028 anno
838 1957 975 2029 Domini
991 1957 1039 2028 lll⁰
1055 1956 1120 2028 CC⁰
1134 1957 1261 2048 XXX0,
1284 1979 1402 2030 mense
1413 1959 1524 2054 junio.

783 2275 790 2283 .
796 2275 1701 2287 --.-——.-—-—-—-—--——--·-—-·--.—-——

1227 2567 1268 2638 V.

622 2763 743 2844 (lnedlt.
761 2763 888 2842 ididan,
904 2766 984 2828 loll
1011 2773 1092 2828 recto
1113 2772 1144 2828 et
1163 2767 1214 2829 iol.
1231 2776 1288 2828 atta
1302 2782 1401 2840 verso,
1415 2781 1454 2826 ax
1471 2763 1696 2828 confirmatione
1707 2765 1891 2843 impostoris
1898 2761 1955 2826 Cs-

661 2871 863 2932 rolllll.1)at
881 2873 993 2952 Prugaa
1005 2889 1073 2934 auu.
1091 2879 1179 2946 tata,
1195 2873 1292 2934 aldus
1301 2869 1393 2951 julil.)

589 3061 632 3131 H.
656 3059 720 3133 Dei
740 3060 850 3156 gratia
868 3061 1102 3133 Romanorum
1118 3081 1185 3134 rex
1211 3069 1246 3134 et
1265 3081 1400 3157 semper
1420 3068 1608 3156 augustus,
1626 3055 1798 3131 universis
1818 3055 1972 3152 imperii-

539 3182 702 3260 fidelibus
718 3183 846 3280 quibus
861 3205 1004 3280 presens
1019 3185 1187 3280 scriptum
1207 3185 1312 3259 luerit
1328 3193 1504 3258 ostensum
1523 3183 1668 3279 gratiam
1685 3202 1786 3254 suam
1804 3189 1839 3254 ct
1852 3199 1953 3252 omne
2059 3231 2064 3238 -

540 3308 685 3384 bouum.
706 3309 792 3382 Cum
815 3330 879 3382 uos
905 3309 1022 3382 omnia
1049 3309 1142 3382 bona
1171 3309 1314 3384 ecclesie
1340 3307 1558 3406 Nyvellensis
1578 3306 1645 3380 sub
1668 3313 1819 3378 nostram
1835 3312 1870 3377 et
1886 3303 1952 3376 im·

539 3433 627 3530 perii
640 3433 823 3531 specialem
837 3433 1083 3529 protectionem
1096 3434 1344 3530 receperimus,
1361 3443 1395 3506 et
1410 3433 1493 3528 quia
1504 3431 1625 3506 eadem
1638 3429 1784 3503 ecclesia
1796 3451 1817 3501 a
1831 3427 1953 3500 nostris

538 3557 817 3654 progenitoribus
833 3566 887 3631 est
905 3557 1061 3650 fundata,
1079 3557 1290 3630 mandamus
1308 3557 1375 3630 sub
1392 3557 1535 3630 obtentu
1555 3555 1664 3651 gratie
1681 3563 1796 3627 nostre
1813 3553 1954 3624 univer·

540 3681 631 3754 sitati
649 3691 763 3756 vestre
784 3679 979 3755 firmissime
1000 3681 1229 3778 precipientes
1250 3689 1290 3753 ut
1306 3681 1423 3753 nullus
1443 3702 1531 3753 ausu
1553 3677 1734 3752 temerario
1754 3675 1880 3749 ductus
1900 3673 1953 3748 di-

541 3807 665 3880 lectam
684 3805 876 3903 principem
893 3815 1044 3879 nostram
1063 3804 1297 3879 venerabilem
1313 3803 1522 3878 abbatissam
1540 3801 1696 3897 ejusdem
1714 3799 1780 3873 loci
1796 3799 1853 3872 vel
1870 3798 1952 3871 bur·

542 3953 667 4027 genses
683 3933 759 4026 ejus
777 3931 957 4006 occasione
974 3931 1121 4024 alicuius
1139 3951 1263 4026 guerre
1281 3938 1440 4026 suscepte
1451 3929 1541 4002 inter
1557 3927 1681 4002 ducem
1699 3922 1883 3997 Brabautie
1896 3921 1952 3995 vel

543 4057 702 4131 comitem
720 4055 880 4130 Flandrie
900 4065 960 4130 aut
978 4055 1066 4128 inter
1083 4055 1169 4128 alios
1187 4055 1223 4126 iu
1242 4055 1399 4151 personis
1415 4063 1476 4127 aut
1491 4053 1595 4126 rebus
1613 4047 1860 4146 dampnificare
1875 4067 1952 4143 pre·

543 4189 669 4254 sumat.
686 4179 788 4266 Quod
805 4179 867 4275 qui
880 4179 1134 4276 attemptaverit
1148 4187 1264 4252 nostre
1277 4179 1386 4273 gratie
1399 4177 1546 4252 totaliter
1558 4197 1684 4272 expers
1696 4175 1761 4248 erit
1771 4191 1954 4268 quousque

478 4293 481 4299 ’
542 4305 654 4379 lesum
671 4304 879 4378 sufficienter
896 4303 1132 4378 emendaverit
1148 4313 1244 4398 etex
1261 4303 1395 4398 integro
1412 4300 1598 4376 restituerit
1612 4299 1739 4372 ablata.

593 4433 717 4506 Datum
734 4430 830 4526 apud
847 4429 1095 4522 Nurembercb,
1114 4429 1158 4501 lll
1171 4429 1265 4527 ydus
1278 4427 1382 4522 junii,
1404 4426 1592 4503 indictione
1608 4423 1720 4498 tertia.
