4602 6084
578 644 617 708 'lo
1076 648 1290 712 sutuslttct
1317 651 1493 714 SECUNDI
1797 653 1876 730 [liu.
1895 653 1981 714 less

578 780 730 853 noscitur
743 780 914 871 obtinere,
932 803 1065 856 necnon
1086 775 1288 880 lenimenta,
1304 790 1553 884 possessiones,
1569 789 1689 886 predia
1709 797 1743 861 et
1759 787 1850 862 bona
1867 787 1983 861 omnia

575 927 647 998 que
674 905 858 979 donatione
886 908 1099 1004 principum,
1138 913 1318 1008 largitione
1343 937 1483 1011 regum,
1514 916 1695 991 collatione
1722 913 1924 1010 pontificum
1948 923 1984 987 et

576 1032 721 1103 aliorum
751 1031 924 1106 oblatione
954 1033 1108 1107 fidelium
1125 1037 1160 1108 iu
1182 1041 1430 1134 presentiarum
1449 1041 1542 1134 iuste
1562 1039 1716 1138 possidet
1737 1039 1794 1112 vel
1818 1039 1854 1110 in
1882 1047 1983 1110 antea

572 1156 667 1246 justo
680 1156 779 1226 titulo
792 1157 915 1250 poterit
929 1157 1090 1253 adipisci.
1104 1161 1155 1234 De
1168 1163 1322 1237 affluenti
1336 1187 1477 1260 quoque
1491 1167 1601 1260 gratia
1615 1174 1745 1254 nostra,
1761 1163 1807 1236 oh
1818 1162 1982 1234 honorem

576 1277 744 1350 Dominici
768 1278 922 1373 Sepulcri
939 1289 975 1353 et
992 1282 1209 1378 superiorum
1225 1287 1352 1360 intuitu
1374 1289 1602 1385 premiorum,
1627 1287 1809 1361 statuimus
1827 1294 1863 1359 et
1882 1306 1982 1358 saue·

575 1403 681 1474 timus
700 1411 738 1472 ut
762 1402 944 1476 advocatia
969 1406 1126 1498 ejusdem
1153 1411 1304 1486 Ecclesie
1327 1435 1398 1508 que
1417 1435 1480 1509 per
1504 1413 1688 1509 imperium
1712 1411 1925 1506 gubernatur
1948 1419 1984 1480 et

574 1527 717 1620 regitur,
733 1549 867 1622 semper
883 1528 919 1600 in
935 1538 1051 1604 nostro
1076 1542 1110 1604 et
1128 1533 1263 1631 imperii
1278 1537 1439 1610 demanio
1453 1537 1578 1610 debeat
1592 1535 1859 1609 irrevocabiliter
1872 1553 1983 1606 rema-

575 1671 657 1722 nere
678 1672 720 1722 ac
736 1652 833 1724 nullo
859 1653 975 1726 futuro
998 1662 1151 1750 tempore
1176 1660 1286 1753 possit
1304 1681 1325 1732 a
1343 1660 1519 1751 romanie,
1539 1659 1740 1732 defensione
1760 1667 1794 1731 et
1816 1655 1983 1750 regimine

575 1783 691 1846 nostro
708 1783 743 1846 et
758 1774 893 1870 imperii
908 1778 1063 1850 alienari.
1087 1780 1188 1864 Quod
1206 1783 1236 1855 si
1255 1786 1435 1878 contigerit
1452 1785 1659 1880 attemptari,
1678 1781 1847 1878 imperiali
1863 1787 1982 1853 auoto-

573 1898 674 1970 ritate
690 1899 907 1971 deceruimus
926 1921 995 1972 uon
1017 1905 1149 1994 valere,
1167 1907 1372 1981 mandantes
1388 1917 1422 1981 el
1437 1907 1610 1980 universis
1631 1906 1772 1979 firmiter
1788 1903 1983 1976 inhibentes

574 2033 747 2116 quatenus
769 2024 886 2095 nullus
902 2025 1081 2120 princepe,
1104 2031 1198 2120 (lux,
1219 2031 1390 2123 marchio,
1416 2053 1548 2123 eomes,
1568 2033 1753 2121 scultetus,
1777 2028 1981 2116 advocatus,

576 2145 808 2218 ministerialis
834 2147 979 2240 aliquis,
1010 2149 1182 2238 officialis,
1217 2155 1380 2248 nullaque
1411 2155 1557 2226 humilis
1585 2153 1788 2226 sublimisve
1817 2173 1979 2248 persona,

575 2271 806 2342 ecelesiastica
823 2272 879 2342 vel
899 2271 1094 2365 mundana,
1121 2275 1309 2369 predictam
1329 2277 1516 2350 Ecclesiam
1535 2279 1571 2350 in
1588 2275 1821 2364 Denkendorl,
1842 2275 1932 2346 bona
1950 2285 1985 2346 et

578 2395 800 2488 pertinentias
818 2417 899 2466 suas
921 2403 1037 2468 contra
1059 2401 1227 2492 presentis
1247 2401 1485 2496 protectionis,
1512 2401 1780 2475 confirmationis
1801 2408 1836 2471 et
1856 2397 1983 2471 consti·

576 2519 717 2590 tutionis
732 2528 846 2591 nostre
860 2519 1023 2614 paginam
1037 2521 1220 2618 impetere,
1238 2526 1418 2598 molestare
1433 2527 1488 2598 vel
1503 2525 1670 2620 impedire
1684 2531 1869 2618 presumat.
1882 2519 1984 2607 Quod

575 2642 637 2736 qui
650 2642 909 2736 presumpserit,
925 2643 1194 2737 quingentarum
1211 2649 1428 2720 marcharum
1444 2649 1576 2743 argenti
1595 2669 1718 2744 penam
1732 2669 1769 2718 se
1784 2645 1917 2718 noverit
1930 2643 1984 2715 in·

575 2789 775 2856 cursurum,
789 2789 937 2860 quarum
951 2769 1119 2842 medietas
1134 2791 1269 2843 camere
1283 2781 1397 2846 nostre
1412 2782 1448 2844 et
1462 2773 1596 2865 reliqua
1609 2769 1696 2867 parti
1711 2791 1811 2866 passe
1822 2767 1983 2860 injuriam

575 2890 800 2983 persolvatur.
822 2887 877 2960 Ad
890 2889 994 2980 hujus
1013 2891 1130 2985 itaque
1143 2893 1375 2986 protectionis,
1395 2893 1663 2967 confirmationis
1681 2903 1715 2965 et
1732 2891 1986 2965 constitutionis

576 3019 690 3081 nostre
702 3010 900 3082 memoriam
915 3019 949 3083 et
963 3013 1120 3085 stabilem
1134 3013 1341 3105 firmitatem,
1355 3039 1495 3112 presens
1504 3016 1725 3112 privilegium
1739 3015 1811 3088 lieri
1827 3024 1861 3088 et
1872 3015 1984 3108 sigillo

577 3131 765 3224 majestatis
779 3141 893 3204 nostre
907 3135 1076 3225 jussimus
1094 3139 1312 3210 communiri.

626 3257 736 3347 Hujus
753 3265 868 3328 autem
887 3259 935 3328 rei
958 3267 1062 3330 testes
1078 3273 1160 3332 suut
1177 3265 1216 3332 B.
1242 3263 1449 3336 venerabilis
1472 3263 1751 3354 Panormitanus,
1769 3264 1806 3333 L.
1831 3261 1985 3355 Reginus

574 3390 609 3452 et
623 3380 668 3453 Μ.
683 3379 842 3451 Berensis
859 3381 1127 3478 archiepiscopi,
1147 3385 1321 3458 lienaldus
1343 3387 1418 3460 dux
1442 3387 1586 3483 Spoleti,
1614 3386 1782 3458 Heuricus
1800 3385 1846 3458 de
1860 3384 1985 3478 Nymla

576 3501 728 3596 (Nicen),
744 3501 979 3575 Anselmusde
991 3505 1357 3601 lustingeuquondam
1370 3511 1612 3598 marescalcus,
1627 3517 1662 3579 et
1673 3505 1733 3580 alii
1744 3507 1982 3601 quamplures.

623 3629 767 3724 Signum
790 3627 922 3700 domini
939 3629 1110 3702 Frederici
1127 3633 1292 3725 secundi,
1309 3635 1370 3706 Dei
1388 3635 1497 3728 gratia
1519 3631 1735 3705 invictissimi
1757 3633 1985 3703 Romanorum

575 3753 801 3848 imperatorie,
820 3773 955 3847 semper
969 3755 1128 3847 augusti,
1146 3756 1333 3828 Jerusalem
1356 3767 1390 3828 et
1405 3757 1520 3828 Sicilie
1534 3757 1625 3850 regis
1641 3753 1933 3852 (Mouopromma).

624 3879 708 3948 Acta
741 3886 823 3948 suut
853 3877 917 3948 hee
950 3897 1041 3950 anno
1067 3877 1241 3952 dominice
1265 3881 1509 3952 incarnationis
1537 3877 1720 3951 millesimo
1747 3877 1985 3952 ducentesimo

574 4000 740 4072 vicesimo
754 4009 889 4089 octavo,
911 4021 1029 4074 mense
1040 4001 1143 4093 junii,
1160 4002 1271 4096 prime
1285 4003 1493 4093 indictionis,
1513 4003 1702 4098 imperante
1716 4001 1858 4074 domino
1870 4009 1986 4072 nostro

574 4121 746 4193 Friderieo
760 4122 926 4214 seeundo,
938 4125 999 4196 Dei
1009 4125 1119 4218 gratia
1131 4127 1376 4220 gloriosissimo
1386 4129 1617 4200 Romanorum
1632 4125 1838 4222 imperatore
1851 4145 1988 4218 semper

575 4255 739 4337 augusto,
761 4248 948 4320 Jerusalem
965 4259 999 4321 et
1020 4249 1134 4322 Sicilie
1148 4271 1246 4344 rege,
1265 4272 1356 4323 auno
1381 4251 1512 4345 imperii
1536 4253 1612 4344 ejus
1632 4259 1775 4342 octavo,
1798 4249 1988 4322 Jerusalem

579 4367 687 4456 tertio,
708 4369 802 4460 regni
829 4390 912 4440 vero
930 4371 1045 4444 Sicilie
1064 4372 1237 4446 tricesimo
1252 4374 1378 4468 primo,
1397 4373 1541 4446 feliciter
1559 4396 1673 4446 amen.

627 4491 749 4560 Datum
765 4493 859 4582 apud
874 4493 1128 4585 Brundusium,
1146 4517 1255 4586 anuo,
1274 4518 1392 4570 mense
1414 4506 1449 4569 et
1466 4497 1656 4570 indictione
1672 4495 1849 4592 predictis.
