4602 6084
330 669 428 730 lucrm.
446 663 486 746 1.]
778 653 974 718 rtisroals
997 651 1290 714 ntrnottttrtcs.
1697 645 1737 706 55

332 799 461 896 singuli
488 795 679 893 predictam
715 791 919 866 sententium
952 789 1148 863 solemniter
1179 786 1396 883 publicantes
1427 779 1637 856 denuntietis
1661 801 1737 852 eam

331 922 477 1020 singulis
495 919 620 994 diebus
638 916 821 991 dominicis
837 924 873 988 et
889 913 1023 987 festivis
1038 911 1088 1009 (l)
1092 965 1168 986 .....

389 1425 615 1530 Fridericus‚
631 1424 888 1506 Romanorum
902 1423 1122 1531 imperator,
1137 1422 1363 1533 Raymundo
1377 1420 1573 1503 Pastinaro
1586 1421 1742 1504 Provin-

334 1559 424 1642 ciali
433 1557 603 1642 concedit
615 1555 827 1638 libertatem
841 1553 1105 1636 mercimonias
1120 1562 1322 1662 pertulum
1334 1553 1536 1662 imperium
1549 1553 1740 1662 portandi,

339 1691 540 1796 vendendi,
558 1689 706 1772 emendi
725 1697 791 1770 aut
809 1687 1049 1792 extrahendi,
1067 1687 1194 1796 ipsum
1210 1686 1315 1770 omni
1333 1686 1551 1794 plateatico,
1569 1685 1744 1796 passagio

338 1850 406 1906 seu
420 1823 596 1906 theloneo
611 1821 794 1903 eximens.

399 2033 520 2116 (lnedtt.
534 2051 572 2095 ex
582 2030 696 2095 Arellio.
700 2030 827 2114 pauset.
843 2028 1148 2110 didenkautograph.
1163 2031 1199 2106 B,
1214 2031 1265 2094 iol.
1277 2041 1345 2106 1⁴4,
1354 2035 1439 2110 copia
1452 2031 1513 2093 iere
1525 2031 1652 2111 coaeve.)

387 2215 1016 2310 Fridericus‚lleigratiaRomanorum
1025 2215 1220 2310 imperator,
1230 2217 1746 2312 semperaugustns,lerusulem

338 2351 375 2415 et
399 2341 514 2413 Sicilie
527 2363 612 2432 rex,
627 2338 799 2412 universis
815 2360 877 2433 per
893 2337 1075 2434 imperium
1093 2339 1287 2412 constitutis
1307 2349 1377 2412 tam
1404 2340 1619 2436 presentibus
1642 2361 1747 2434 quarn

340 2465 465 2537 lutaris
480 2463 641 2538 fidelibus
657 2463 730 2536 suis
746 2461 890 2556 gratiam
904 2483 1003 2534 snam
1021 2471 1056 2536 et
1072 2464 1198 2534 bonam
1216 2464 1439 2536 voluntatem.
1460 2464 1584 2536 Notum
1603 2463 1748 2536 iacimus

343 2587 556 2660 universitati
572 2596 686 2661 vestre
696 2585 792 2679 quod
804 2606 867 2657 nos
881 2605 943 2680 pro
959 2585 1065 2678 gratis
1076 2593 1111 2657 et
1121 2585 1271 2680 acceptis
1282 2586 1430 2658 servitiis
1442 2607 1511 2679 que
1521 2585 1748 2680 Raymundus

341 2713 536 2785 Pastinarus
556 2709 604 2806 (a)
622 2707 845 2782 Prouincialis
857 2717 891 2781 et
909 2707 1020 2781 fidelis
1035 2719 1149 2780 noster
1163 2717 1277 2780 nostre
1294 2708 1490 2781 celsitudini
1502 2711 1574 2802 jam
1589 2709 1749 2782 exhibuit

341 2845 376 2910 et
393 2835 560 2908 exhibere
570 2833 694 2929 poterit
711 2832 883 2906 efficacius
897 2833 933 2904 in
953 2833 1124 2924 loturum,
1142 2832 1363 2926 exigentibus
1374 2833 1503 2906 meritis
1518 2855 1605 2928 pure
1620 2833 1700 2906 fidei
1715 2843 1750 2906 et

342 2958 543 3032 devocionis
571 2979 653 3048 sue,
686 2955 907 3029 concedimus
936 2955 969 3029 ei
999 2957 1135 3051 plenam
1161 2957 1351 3028 libertatem
1374 2977 1436 3052 per
1462 2965 1569 3028 totum
1595 2967 1748 3029 nostrum

342 3083 523 3177 imperium
546 3091 586 3153 ut
601 3080 646 3154 de
661 3080 808 3176 propriis
832 3079 1063 3152 mercimoniis
1081 3080 1239 3174 suisque
1255 3081 1291 3151 in
1313 3080 1496 3175 imperium
1515 3080 1656 3153 aliunde
1672 3102 1750 3176 por-

343 3207 479 3295 taverit,
492 3203 688 3278 vendiderit
700 3213 761 3276 aut
773 3202 907 3291 emerit,
918 3203 975 3276 vel
988 3203 1169 3276 extrahere
1183 3203 1265 3276 inde
1276 3204 1438 3293 voluerit,
1449 3205 1583 3275 nullum
1595 3206 1750 3300 plateati-

344 3351 441 3420 cnm,
461 3327 661 3423 passagium
689 3349 750 3400 seu
773 3326 969 3400 theloneum
987 3328 1044 3400 vel
1066 3327 1200 3422 aliquid
1220 3327 1317 3400 aliud
1332 3329 1510 3416 exsolvat,
1530 3328 1592 3401 sed
1608 3328 1691 3402 inde
1708 3329 1751 3402 sit

344 3453 430 3524 liber
450 3451 586 3546 penitus
605 3459 640 3522 et
664 3449 840 3522 immunis.
869 3451 1085 3548 Quapropter
1105 3451 1323 3525 universitati
1347 3461 1459 3524 vestre
1476 3450 1617 3525 tirmiter
1641 3453 1752 3547 preci-

345 3574 472 3671 piendo
485 3573 691 3646 mandamns
702 3582 874 3670 quatenus
887 3575 1003 3648 nullus
1017 3576 1062 3647 sit
1077 3597 1184 3648 ausus
1200 3575 1260 3670 qui
1275 3585 1393 3648 contra
1407 3575 1597 3670 predictam
1607 3576 1751 3668 gratiam

344 3720 387 3770 ac
400 3699 589 3772 libertatem
608 3706 760 3771 nostram
776 3698 909 3793 aliquid
925 3721 946 3771 a
961 3698 1054 3773 dicto
1069 3699 1273 3794 Raymundo
1288 3721 1351 3794 pro
1365 3700 1513 3796 propriis
1524 3701 1752 3774 mercimoniis

345 3823 419 3894 suis
432 3822 574 3916 exigere
591 3823 647 3894 vel
664 3821 777 3916 ipsum
795 3843 899 3916 super
912 3821 979 3894 hoc
996 3823 1159 3918 impetere
1174 3843 1236 3895 seu
1253 3825 1433 3896 molestare
1445 3833 1631 3919 presumat.
1651 3823 1752 3910 Quod

344 3945 405 4038 qui
423 3945 667 4041 presumpserit
683 3943 956 4038 indignationem
969 3955 1120 4019 nostram
1132 3969 1170 4019 se
1186 3947 1322 4020 noverit
1336 3948 1566 4018 incursurum.
1583 3945 1638 4020 Ad
1652 3949 1751 4040 cujus

345 4069 544 4141 memoriam
559 4077 733 4165 presentes
747 4068 876 4140 litteras
895 4067 968 4142 fieri
988 4079 1022 4143 et
1048 4069 1143 4142 bulla
1159 4093 1264 4144 aurea
1285 4071 1417 4166 typario
1437 4080 1551 4144 nostre
1567 4074 1752 4165 majestatis

344 4191 511 4286 impressa
523 4193 690 4284 jussimus
703 4192 921 4264 communiri.

370 4331 372 4336 Ι
389 4362 429 4447 (a)
445 4368 508 4440 Sic;
524 4367 575 4428 sed
588 4369 620 4427 tn
633 4367 721 4428 titulo
734 4368 792 4428 aila
804 4384 907 4442 manu,
922 4370 998 4430 slent
1010 4375 1041 4430 et
1052 4371 1084 4430 ln
1096 4368 1241 4448 catalogo,
1255 4369 1361 4448 legitur
1374 4369 1521 4431 Paetinae.

385 4654 420 4726 (tl
439 4653 522 4715 Adest
531 4656 558 4712 in
568 4656 672 4730 liegest.
686 4673 748 4714 ann.
761 4659 792 4726 2,
806 4667 838 4712 n⁰
852 4659 881 4726 5,
896 4657 963 4714 haec
972 4656 1065 4714 eadem
1079 4659 1191 4732 epistola
1203 4657 1268 4732 Regi
1281 4657 1390 4732 Angliae
1403 4659 1504 4716 directa
1518 4675 1579 4716 cum
1590 4662 1754 4721 amiantibus

347 4752 375 4807 in
388 4751 452 4823 line,
467 4753 519 4810 sub
530 4753 593 4811 dato
607 4772 614 4809 :
630 4753 708 4808 dune
721 4752 794 4829 uputd
805 4753 938 4812 Sanctum
949 4757 1074 4828 Petrum,
1091 4757 1143 4813 Vi!
1154 4753 1217 4814 idus
1229 4755 1329 4830 aprilis
1342 4757 1372 4830 (7
1384 4755 1474 4830 aprilis
1483 4757 1576 4832 liis).

1801 1415 1910 1513 Bm·
