4658 6132
318 634 476 719 horest]
763 632 961 696 lllSTORItl
986 633 1279 696 otrnouartcs.
1671 639 1728 702 lte

319 792 384 846 sno
399 791 463 866 pro
483 768 557 842 suis
572 768 706 840 viribus
719 766 910 858 debellare;
924 789 971 840 ex
988 789 1058 861 quo
1071 777 1205 842 constat
1218 766 1313 862 quod
1326 768 1574 842 sichristianus
1594 773 1729 846 exerei-

319 903 378 967 tus
386 891 504 966 ulcisci
518 891 574 964 sni
588 892 691 964 vellet
705 892 865 985 injuriam
876 891 1111 989 Redempton's
1123 892 1330 987 etatemplo
1342 893 1405 966 Dei
1418 902 1453 966 et
1465 915 1486 966 a
1498 895 1599 966 Terra
1612 906 1729 970 sancta

320 1017 498 1092 eliminare
510 1015 694 1112 spurcities,
707 1036 938 1110 paganorum,
955 1023 1110 1111 patenter
1123 1023 1258 1088 tenetur
1277 1037 1315 1088 se
1330 1037 1503 1111 opponere
1520 1018 1725 1092 christianis.

319 1138 498 1234 Numquid
519 1161 624 1235 super
647 1139 715 1212 hiis
733 1159 802 1212 non
824 1137 1060 1232 indignabitur
1089 1139 1183 1211 mlus
1209 1148 1291 1212 tuns
1318 1149 1379 1213 ant
1408 1141 1551 1235 impune
1578 1142 1730 1216 Christus

321 1262 367 1337 de
385 1281 493 1357 regno
511 1281 576 1334 suo
597 1270 633 1334 et
653 1260 736 1334 sede
755 1261 949 1356 repellitur,
973 1270 1008 1334 et
1025 1260 1288 1336 transactionem
1307 1263 1473 1358 principis
1497 1265 1570 1336 solo
1591 1267 1730 1341 nomine

321 1385 497 1460 christiani
512 1405 583 1480 qna
596 1387 762 1481 templum
781 1385 843 1458 Ilei
863 1385 1062 1460 conceditur
1077 1386 1289 1459 Machometo
1307 1387 1429 1480 religio
1449 1387 1633 1462 christiana
1646 1411 1729 1464 con·

322 1507 523 1580 niventibus
533 1508 644 1582 oculis
655 1507 883 1603 approbabit?
901 1507 1002 1582 Absit
1020 1515 1059 1580 nt
1084 1508 1176 1580 illins
1199 1509 1260 1602 qui
1282 1510 1352 1582 lese
1374 1511 1559 1601 majestatis
1578 1533 1658 1585 reus
1677 1521 1730 1586 est

322 1629 493 1726 particeps
509 1631 565 1704 vel
579 1651 718 1704 consors
731 1631 872 1706 existas.
882 1631 926 1705 *Si
939 1652 1020 1704 reus
1037 1639 1090 1704 est
1109 1632 1263 1704 criminis
1273 1632 1376 1725 hujus
1392 1635 1491 1726 cujus
1503 1653 1569 1728 ope
1579 1637 1636 1708 vel
1650 1634 1730 1710 dolo

322 1753 444 1826 civitas
466 1753 623 1828 hostibus
645 1755 702 1828 vel
721 1754 899 1848 provincia
920 1753 1086 1838 traditur,
1107 1764 1237 1850 quanto
1257 1755 1369 1850 magis
1399 1756 1554 1848 ejusdem
1576 1759 1730 1832 criminis

322 1897 401 1949 reue
414 1886 466 1950 est
481 1877 542 1972 qui
558 1899 637 1950 cnm
652 1877 800 1950 inimicis
811 1876 893 1951 lidei
905 1877 1089 1950 christiane
1101 1885 1217 1950 eontra
1229 1879 1357 1970 Regem
1370 1879 1434 1952 ceti
1445 1888 1480 1952 et
1487 1881 1728 1974 Imperatorem

322 2007 479 2072 eternum
492 2010 532 2073 nt
550 1999 693 2074 thronus
710 2003 785 2095 ejus
803 1999 1104 2074 adadversarinm
1129 2002 1369 2091 housleratnr,
1389 2001 1538 2074 nolanus
1564 2003 1642 2074 iniit
1662 2005 1729 2078 lae-

321 2122 445 2196 tiones.
464 2123 706 2197 sisenandum
725 2126 819 2219 leges
840 2123 1036 2220 principum
1055 2125 1261 2198 secularium
1282 2125 1348 2198 hoc
1367 2125 1539 2219 piaculare
1559 2125 1728 2220 flagitium

322 2257 392 2322 tam
408 2246 494 2322 dura
510 2247 655 2342 diraque
673 2269 765 2343 pena·
777 2249 962 2320 mulctatur
979 2239 1160 2320 nt'leratnr
1173 2247 1258 2321 nltio
1277 2258 1347 2321 tarn
1370 2247 1407 2320 in
1436 2256 1567 2321 actores
1590 2250 1728 2322 sceleris

321 2391 427 2463 quam
441 2369 477 2442 iu
489 2369 959 2466 progeniemdamnaternm,
981 2380 1017 2444 et
1036 2370 1192 2462 ejusdem
1214 2371 1366 2444 criminis
1385 2371 1513 2444 noxius
1532 2393 1602 2445 non
1614 2374 1727 2445 solnm

322 2492 530 2568 bononem
547 2495 619 2568 vita
639 2495 793 2590 privetur
807 2492 965 2590 filiosque
982 2504 1146 2590 perpetua
1157 2495 1348 2568 comitetur
1362 2495 1504 2568 infamia
1522 2505 1562 2568 nt
1582 2497 1628 2569 ad
1648 2497 1726 2570 nnl-

322 2617 393 2688 lum
408 2617 574 2692 honorem
590 2619 754 2712 nullaque
764 2639 906 2713 prorsus
919 2619 1122 2713 perveniant
1137 2627 1360 2704 sacramenta,
1379 2625 1420 2689 nt
1436 2639 1527 2690 mors
1542 2619 1588 2690 sit
1602 2619 1653 2691 eis
1666 2641 1728 2692 so-

321 2741 440 2814 latium
454 2750 490 2815 et
504 2743 576 2816 vita
590 2743 627 2814 in
642 2741 850 2838 supplicium
865 2749 1101 2832 convertatur,
1124 2751 1254 2836 quanta
1270 2742 1411 2836 qualive
1424 2762 1511 2836 pena
1530 2751 1582 2814 est
1600 2741 1728 2836 dignus

320 2864 382 2958 qui
408 2864 445 2935 in
468 2875 516 2938 tot
541 2873 576 2938 et
599 2865 702 2937 tantis
728 2864 832 2960 impie
855 2865 1039 2938 Dominum
1063 2865 1125 2937 Dei
1148 2863 1257 2937 filium
1284 2865 1399 2938 lesum
1425 2864 1595 2936 Christum
1620 2865 1726 2938 offen·

263 3021 270 3032 ·
322 2986 385 3077 dit,
402 3007 481 3058 cnm
504 2988 606 3082 longe
627 2987 671 3060 sit
691 2987 833 3082 gravius
851 2997 1003 3060 eternam
1020 3009 1124 3082 quam
1140 2988 1359 3083 temporalem
1377 2987 1550 3059 offendere
1572 2989 1727 3078 majesta·

322 3117 403 3180 tem.
428 3109 594 3194 Quocirca
620 3111 835 3184 serenitatem
858 3119 953 3182 team
980 3132 1141 3205 rogamus
1167 3119 1202 3182 et
1227 3131 1407 3183 monemus
1429 3109 1465 3180 in
1481 3109 1638 3183 ‘Domino
1664 3131 1726 3206 per

322 3231 522 3306 effusionem
541 3231 664 3306 Christi
683 3231 862 3326 sanguinis
877 3232 1094 3306 obsecrantes
1109 3240 1281 3326 macnus
1301 3231 1347 3305 ad
1367 3231 1613 3305 vindicandam
1634 3232 1725 3326 inju-

321 3478 572 3575 sitnsparatum
585 3478 783 3552 teinveniat
791 3479 945 3552 Ecclesia
957 3487 1065 3552 mater
1076 3487 1136 3550 tua
1150 3477 1197 3551 ad
1208 3474 1488 3573 exprobrandum
1502 3478 1725 3571 opprobrium

322 3602 540 3676 inimicorum
561 3601 675 3674 crucis
685 3601 808 3676 Christi
830 3611 865 3676 et
886 3599 1090 3676 abolendam
1114 3601 1286 3674 maculam
1312 3607 1406 3672 tante
1422 3599 1562 3672 inlamie
1578 3621 1600 3672 a
1618 3601 1725 3692 glorie

321 3725 470 3798 nominis
486 3725 674 3798 christiani.
695 3724 781 3798 Cum
800 3747 911 3822 nuper
929 3723 987 3798 dis
1006 3722 1179 3798 dominica
1194 3731 1271 3818 post
1285 3723 1409 3796 festum
1419 3722 1660 3818 Apostolorum
1672 3722 1726 3818 (l)

321 3869 426 3944 snper
437 3849 612 3944 premissis
624 3849 871 3944 recepissemus
882 3849 1011 3920 litteras
1024 3845 1231 3942 patriarche,
1252 3844 1408 3938 sequenti
1423 3845 1482 3917 die
1495 3845 1628 3917 sabbati
1641 3845 1725 3918 alias

321 3971 476 4066 quedem
496 3963 694 4068 accepimus
717 3971 845 4044 litteras
870 3971 907 4042 in
936 3969 1065 4065 quihus
1094 3969 1182 4042 inter
1209 3967 1276 4040 alia
1300 3967 1539 4062 perspeximus
1561 3967 1726 4040 contineri

321 4093 416 4189 qnod
429 4105 610 4192 postquam
623 4115 783 4168 reversus
797 4103 849 4168 est
861 4093 975 4167 dictus
991 4093 1029 4164 F.
1044 4113 1064 4164 a
1079 4091 1217 4164 civitate
1227 4090 1427 4180 Jerusalem,
1444 4089 1575 4162 dietum
1585 4089 1727 4183 patriar·

322 4217 467 4292 chemel
479 4218 599 4291 fratres
610 4217 733 4290 militie
744 4217 875 4313 Templi
888 4213 1052 4288 obsidens
1065 4214 1101 4285 in
1119 4212 1234 4286 Aceon
1253 4211 1409 4307 quinque
1426 4211 1551 4284 diebus
1563 4233 1641 4282 enm
1657 4211 1725 4284 hiis

321 4341 382 4436 qni
395 4361 513 4414 secum
530 4349 627 4414 erato
643 4339 794 4433 graviter
806 4339 1040 4436 impugnavit,
1061 4335 1243 4409 intendens
1257 4334 1378 4408 domos
1397 4355 1515 4408 eorum
1529 4334 1629 4406 honis
1645 4355 1725 4408 om-

357 4621 393 4696 (t)
411 4621 519 4680 Festum
532 4571 638 4679 scilicet
650 4617 829 4696 apostolorum
838 4619 910 4678 Petri
923 4624 951 4678 st
963 4617 1047 4692 Pauli,
1063 4621 1098 4678 29
1106 4615 1184 4690 junii,
1199 4615 1243 4674 dis
1253 4615 1457 4677 Veneriallnds
1470 4620 1543 4690 petet
1553 4613 1667 4690 primam
1678 4629 1724 4690 pa-

321 4719 453 4781 triarohue
470 4718 610 4796 epstohm
621 4717 760 4780 Patauium
774 4717 915 4778 advenisse
928 4720 958 4774 t·
966 4715 1025 4791 iulii
1039 4715 1220 4774 etsecundum
1233 4717 1266 4774 ’τ’
1277 4715 1398 4790 alendam
1411 4713 1522 4773 mensis.
