4652 6092
769 667 896 728 itaut
920 667 1269 729 DOCUMENTORUM.
1667 665 1728 727 ⁵25

310 871 446 994 Q

738 998 878 1059 articulos
888 1005 1046 1072 33333333
1057 1003 1127 1078 jara
1138 1005 1239 1061 333333
1253 1004 1284 1059 ct
1296 996 1446 1058 libertates
1455 999 1585 1074 33133331
1595 995 1729 1074 sinadam

737 1095 907 1157 innovando
917 1096 1083 1158 confirmat.
1671 1099 1728 1152 330

310 1201 348 1254 til
361 1191 446 1272 april.
473 1192 669 1256 wormatiae.
698 1223 739 1238 -·
758 1193 885 1255 Hearioo
898 1195 1035 1271 eplsmpo
1047 1193 1263 1256 Wormailcnsl
1276 1205 1329 1269 pro
1343 1206 1378 1252 ao
1390 1189 1472 1269 qnod
1483 1189 1563 1252 idem
1576 1190 1729 1266 33333333

737 1289 923 1366 Wlmpinam
935 1295 965 1352 et
977 1297 1109 1352 33333331
1126 1288 1281 1350 1133333313
1293 1287 1351 1348 sihi
1364 1286 1522 1347 liberaliter
1540 1285 1728 1364 recognovit,

736 1386 776 1448 ad
789 1388 967 1449 solutionem
984 1389 1065 1450 milia
1083 1393 1283 1450 (3333333331
1300 1400 1467 1446 marcamm
1479 1381 1729 1462 3333333331-

737 1491 805 1562 gat,
826 1485 904 1546 datis
925 1485 1148 1564 fidejussoribus
1169 1483 1284 1546 idoneis
1304 1488 1335 1544 et
1355 1483 1444 1544 certis
1463 1481 1597 1542 torminis
1617 1479 1729 1542 ibidem

737 1584 896 1658 33333333.
1671 1583 1728 1638 itt

323 1689 336 1740 1
354 1681 436 1742 mail.
485 1669 662 1750 fflsslimii·
697 1709 737 1724 -
757 1679 785 1740 Α
798 1679 934 1742 Waltero
947 1685 978 1742 et
991 1679 1126 1741 Conrado
1138 1679 1177 1740 dc
1190 1678 1329 1754 iiorburg
1341 1681 1372 1738 33
1384 1675 1423 1738 ab
1434 1675 1575 1738 Ansaimo
1587 1680 1618 1735 at
1630 1672 1729 1736 Uirioo

737 1775 774 1836 de
793 1777 984 1854 Rappolsteln
1002 1793 1091 1838 omne
1105 1779 1156 1854 jas
1169 1775 1250 1855 quod
1264 1773 1413 1836 habebant
1428 1776 1462 1834 in
1479 1778 1577 1835 castro
1594 1773 1730 1834 11313331-

736 1871 809 1952 berg
822 1870 869 1952 (ln
881 1873 1011 1950 ducta)
1026 1878 1057 1935 ct
1074 1875 1107 1934 ln
1120 1871 1264 1936 suburbio
1281 1874 1345 1948 3133
1360 1887 1414 1948 pro
1429 1871 1566 1932 duccntis
1578 1871 1728 1947 3313333-

737 1972 820 2048 ginta
834 1973 942 2034 mareis
964 1972 1092 2042 redimit,
1111 1987 1147 2032 33
1160 1970 1328 2032 conditione
1346 1967 1426 2046 quod
1444 1968 1559 2028 nullam
1580 1967 1728 2028 3131333331

737 2067 847 2130 ibidem
859 2067 948 2130 iaciat
961 2085 1057 2148 neque
1076 2069 1209 2130 homines
1229 2065 1402 2128 eorumdem
1419 2067 1452 2126 in
1473 2065 1553 2128 dicto
1571 2070 1668 2126 33333
1682 2079 1727 2124 ra·

737 2165 837 2242 cipiet.
1670 2169 1727 2222 aas

320 2245 433 2308 ΒΜ·
527 2254 617 2332 Apud
699 2293 738 2308 —-
757 2263 918 2325 Ecclesiam
934 2265 966 2326 13
979 2263 1070 2326 Urain
1091 2260 1197 2344 (Irseel
1218 2279 1287 2324 cum
1309 2259 1544 2339 posscasionibna
1562 2260 1727 2320 313131133-

505 2333 633 2396 mmm·
738 2360 860 2423 rictibus
874 2363 935 2422 3313
949 2366 979 2422 33
991 2359 1129 2422 iidaiibus
1141 2362 1258 2438 imperii
1271 2359 1369 2421 cidem
1379 2357 1493 2420 cedatis
1506 2356 1563 2419 snb
1575 2372 1646 2418 snae
1656 2373 1726 2434 pro·

737 2459 874 2519 iectionis
886 2457 1051 2518 munimine
1062 2458 1176 2534 recipit.
1670 2462 1727 2515 334

317 2545 439 2625 itjuiii.
525 2555 615 2632 Apud
697 2587 737 2601 -
756 2555 941 2616 Hermanno
955 2555 1056 2615 comiti
1070 2554 1108 2614 dc
1121 2553 1269 2632 Diillngen
1284 2555 1316 2614 ln
1330 2559 1444 2614 rectum
1457 2549 1579 2614 feudum
1592 2551 1727 2613 concedit

492 2635 646 2698 Wiidm·
737 2651 923 2712 advocatiam
936 2651 1056 2712 claustri
1072 2651 1109 2712 de
1122 2651 1376 2728 Herbrechiingen
1389 2648 1570 2711 adoieirido
1589 2648 1626 2710 de
1637 2649 1725 2710 Wol-

735 2747 804 2809 iach
818 2749 1010 2826 resignatam
1029 2763 1115 2809 omna
1130 2763 1249 2825 quoquc
1264 2747 1474 2824 patrimonium
1490 2747 1522 2805 in
1537 2743 1726 2806 Ebcrmarin·

736 2860 794 2923 gen
806 2851 836 2905 et
850 2845 993 2905 liverwin
1005 2844 1101 2906 eldam
1114 2846 1214 2906 comiti
1232 2843 1400 2923 condrmet,
1414 2842 1557 2904 3331113331
1569 2843 1596 2902 el
1609 2858 1629 2903 a
1640 2859 1725 2920 prae·

735 2939 815 3002 dicto
828 2941 990 3002 Goteirido.
1666 2948 1723 3001 336

326 3045 424 3116 sang.
468 3041 669 3106 Galnhauaen.
694 3069 736 3084 -
754 3037 864 3098 Notum
886 3037 957 3098 (3313
970 3037 1051 3116 quod
1069 3039 1149 3098 cives
1167 3037 1204 3098 dc
1222 3037 1423 3099 Frankeniurt
1442 3039 1522 3098 omni
1537 3039 1598 3116 Jnri
1617 3053 1726 3098 33333-

734 3134 934 3196 (1333333331)
955 3137 1026 3211 ipsis
1040 3136 1173 3212 impetito
1186 3151 1274 3212 super
1288 3143 1420 3212 pratum,
1436 3135 1554 3214 sylvam
1566 3141 1597 3196 33
1617 3149 1726 3212 pmcne

735 3233 834 3292 curiae
852 3231 979 3292 iliadem
999 3247 1090 3308 qaum
1107 3237 1192 3309 pater
1204 3249 1277 3293 suus
1297 3235 1454 3310 imperator
1470 3232 1637 3295 Fridericus
1653 3249 1725 3293 oon·

735 3329 839 3388 ventui
852 3327 889 3388 dc
903 3313 1042 3406 Hegnehc
1056 3327 1172 3408 (Ruina)
1187 3329 1359 3390 contulerat.
1667 3337 1723 3390 333

317 3421 433 3495 filiiflii
469 3423 667 3487 Gelnhausau
696 3423 1608 3502 -113313113133333113333333333131133313133333313133
1623 3424 1725 3502 liugo-

734 3537 805 3581 nam
824 3521 1017 3581 Laodiensam
1030 3527 1061 3581 33
1078 3521 1223 3582 loannem
1244 3523 1406 3582 Meiansem
1428 3522 1580 3598 episcopos
1597 3520 1635 3582 da
1655 3520 1726 3581 villa

736 3619 1393 3696 SanciiTrudonisprocniiudcldaidiercs.
1668 3628 1725 3682 333

318 3714 351 3768 11
368 3722 438 3786 aug·
477 3711 662 3775 1131133333.
695 3745 737 3761 -
756 3713 952 3775 advocatiam
978 3715 1077 3774 curiae
1102 3715 1136 3774 in
1169 3713 1410 3776 Friclienhansen
1443 3713 1483 3775 ad
1516 3717 1726 3777 monesterium

735 3811 876 3872 ,11333333
899 3816 1080 3888 spumantem
1102 3827 1193 3888 qnam
1217 3811 1255 3871 ab
1277 3814 1447 3889 spumosior
1471 3810 1674 3889 flerbipolensi
1696 3815 1728 3873 in

735 3907 822 3970 ieodo
841 3910 954 3978 tenuit,
976 3909 1146 3968 Hermanno
1166 3910 1303 3986 episcopo
1321 3907 1524 3986 Harbipoienai
1545 3911 1676 3986 resignat
1697 3915 1728 3970 ct

735 4004 774 4066 ab
796 4005 900 4066 3331313
926 4007 1062 4083 episcopo
1089 4007 1241 4066 remissurn
1270 4005 1420 4083 praedicto
1445 4009 1625 4068 monasterio
1649 4022 1727 4068 oon-

735 4101 845 4163 flrmut.
1667 4111 1725 4164 340

316 4201 353 4254 ie
364 4207 436 4274 ang.
458 4189 549 4269 Apud
562 4189 679 4256 esan.
695 4232 736 4246 -
756 4199 920 4262 (1333131333
934 4201 1105 4264 Hermanno
1115 4203 1280 4264 otiienrloo
1288 4201 1326 4262 de
1338 4199 1541 4280 Waidanbarg
1554 4201 1727 4262 transmitti

735 4301 945 4376 protectionem
962 4306 1125 4368 conventus
1138 4301 1177 4363 de
1189 4301 1383 4365 Waliscnriad
1395 4299 1537 4379 quamdiu
1551 4299 1608 4362 hoc
1626 4298 1726 4361 abbati

737 4394 891 4471 placuerit,
906 4411 976 4456 oum
988 4398 1111 4459 instanti
1125 4397 1266 4459 mandato
1278 4403 1314 4459 ut
1325 4396 1443 4459 33311331
1456 4395 1636 4459 abbatemet
1648 4412 1726 4458 con·

736 4491 1010 4554 rentumomnilrua
1023 4493 1287 4572 modisadlnvent.
1666 4503 1720 4556 311

298 4599 352 4654 “td
363 4607 434 4673 aug.
459 4589 550 4670 apoc
562 4590 676 4654 (133133.
695 4619 737 4635 -
755 4589 906 4666 1133313313
917 4593 951 4651 13
963 4591 1083 4652 civitate
1097 4591 1276 4653 Goslarlensi
1286 4609 1307 4654 a
1318 4591 1482 4655 Glseibtrto
1499 4589 1652 4669 quondam
1667 4591 1722 4652 ad·

734 4692 840 4749 vocato
853 4687 1031 4750 Goslarlensi
1043 4687 1230 4751 3331333333
1242 4695 1273 4751 33
1286 4690 1421 4751 dotatum
1436 4705 1505 4750 cum
1518 4688 1656 4750 omnibus
1669 4687 1723 4750 bo·

734 4785 782 4846 nis
800 4787 865 4863 ejus
882 4783 939 4846 sub
960 4788 1140 4864 protectione
1158 4803 1213 4850 sna
1233 4789 1371 4867 33331313,
1390 4787 1582 4865 caudamque
1602 4786 1724 4848 domurn
