4710 6076
379 653 479 714 lanum.
498 649 560 728 lo]
833 643 1031 708 HISTORIA
1055 644 1347 710 blabollt'rlcl.
1737 639 1798 706 345

382 773 450 862 bne
479 784 580 860 bonis
606 781 832 858 attinentibus
857 781 893 854 in
922 779 1092 856 beneficit
1120 782 1332 878 porrexisse,
1367 789 1542 878 quatenus
1570 777 1702 854 ibidem
1733 799 1797 876 per

382 907 524 986 eosdem
541 908 663 982 fratres
682 905 803 980 divina
819 915 1049 1002 procurentur
1070 914 1106 980 et
1127 905 1384 1003 progenitorum
1411 913 1606 980 nostrorum
1631 903 1797 979 memoria

382 1055 534 1132 quorum
556 1031 673 1106 studio
697 1052 739 1104 ac
761 1029 997 1105 benivolentia
1023 1029 1182 1106 eamdem
1209 1031 1377 1128 capellam
1401 1028 1593 1104 dinoscitur
1614 1049 1691 1102 esse
1714 1049 1798 1103 con-

384 1166 548 1233 structam
567 1155 830 1251 diligentissime
850 1165 1046 1252 peragatur.
1063 1155 1106 1229 Ut
1122 1167 1240 1231 numm
1258 1155 1325 1230 bec
1341 1165 1457 1230 nostra
1475 1153 1617 1230 donatio
1631 1154 1668 1228 in
1685 1161 1800 1251 poste·

385 1303 464 1356 rum
490 1289 565 1356 rata
594 1288 794 1378 permaneat
816 1287 852 1352 et
878 1278 1099 1370 inconvulsa,
1129 1279 1280 1376 presenti
1307 1278 1436 1376 pagina
1462 1279 1568 1375 sigilli
1589 1277 1821 1382 appensione

386 1407 522 1503 signata
538 1404 705 1480 dommus
723 1402 1010 1478 confirmandam.

435 1533 547 1626 Hujus
558 1530 610 1606 rei
623 1538 727 1606 testes
742 1538 823 1602 sunt
843 1528 1062 1602 Hermannus
1075 1527 1258 1625 episcopus
1270 1528 1549 1626 Herbipolensis,
1566 1527 1645 1602 dux
1656 1527 1802 1604 Bonane

387 1655 596 1732 lodewicus
615 1653 880 1748 illiusque'snus
893 1653 991 1746 Otto,
1011 1653 1244 1728 Heumannus
1269 1674 1385 1728 comes
1405 1653 1452 1728 de
1472 1652 1652 1748 Dilingbe‚
1673 1652 1803 1727 Bertol·

386 1778 459 1854 dns
469 1779 523 1878 (l)
537 1779 640 1854 irater
654 1777 700 1853 de
717 1777 821 1853 domo
835 1777 1065 1864 Theotonica,
1083 1786 1119 1852 et
1130 1777 1190 1850 elii
1200 1779 1437 1874 quamplures.

439 1901 564 1977 Actum
586 1923 680 1978 anno
703 1901 948 1976 incarnationis
968 1901 1142 1976 dominice
1165 1901 1349 1976 millesimo
1374 1900 1612 1976 ducentesimo
1636 1899 1806 1997 vigesimo
1879 1977 1884 1988 ,

393 2027 551 2124 septimo.

440 2153 567 2226 Datum
580 2149 819 2248 spadonem,
836 2150 882 2225 lv
895 2149 1061 2225 kalendas
1079 2149 1302 2245 septembris,
1325 2148 1514 2224 indictione
1522 2149 1599 2222 XV.

451 2783 635 2870 Hemicus
647 2783 909 2870 Romanorum
925 2807 993 2866 rex
1007 2781 1282 2867 monasterium
1294 2783 1811 2898 llelsburnen(lleilsbronn)
1838 2800 2015 2912 ,Δῃὼ

398 2920 439 3000 in
468 2916 669 3028 specialem
693 2917 878 3027 recipiens
898 2915 1192 3027 protectionem,
1215 2917 1250 2999 ci
1275 2916 1464 3002 interdicit
1489 2922 1742 3031 necunquam
1766 2948 1815 3004 ex

399 3061 506 3162 porte
524 3076 594 3134 sua
606 3075 751 3161 equum
763 3057 944 3160 praestet,
958 3049 1033 3131 nisi
1048 3049 1089 3131 in
1108 3049 1262 3159 speciali
1276 3051 1514 3162 expeditione
1530 3079 1601 3137 sue
1617 3080 1686 3164 per
1698 3053 1816 3140 butti-

401 3183 568 3296 glarium
589 3209 704 3268 suum
718 3183 768 3267 de
784 3181 995 3268 Nurinberc
1013 3181 1163 3294 abipso
1180 3184 1467 3295 requirendum.

485 3428 581 3508 (Edit.
599 3430 633 3490 ln
645 3427 818 3502 Wonnm,
833 3427 941 3491 libica
958 3425 1108 3509 diplornat.
1122 3425 1268 3504 Noenu,
1282 3429 1324 3506 ll,
1337 3439 1387 3505 ⁵7,
1410 3428 1815 3506 n⁰7.-llomn,11cilabr.

521 3532 850 3617 miccium-edraim
859 3537 900 3610 11,
913 3544 982 3612 tlt,
997 3545 1031 3598 n⁰
1046 3536 1357 3613 t.-anusnant,
1372 3535 1443 3600 Coti.
1456 3535 1608 3619 diplomi.
1619 3539 1714 3620 antip.
1724 3537 1819 3602 Nord·

524 3659 601 3722 pon„
619 3651 674 3722 49,
687 3651 721 3704 n·
736 3651 786 3705 tt.
799 3674 841 3690 -
851 3642 989 3717 Susura,
1003 3659 1080 3724 corp.
1096 3643 1175 3706 [liet.
1189 3641 1370 3720 Broudenb„
1387 3645 1501 3726 sylloge
1521 3653 1573 3722 ot,
1586 3653 1620 3708 n⁹
1635 3653 1684 3708 to.
1700 3675 1741 3692 —
1751 3645 1817 3708 Mo·

525 3763 605 3808 mco
618 3747 710 3826 Boio,
725 3753 800 3811 tom.
812 3749 909 3824 XXX,
923 3765 994 3828 pers
1010 3759 1051 3830 1¹,
1065 3768 1097 3829 p.
1115 3759 1184 3825 150,
1199 3759 1233 3812 η’
1248 3748 1335 3828 tol.)

457 3963 500 4034 Η.
517 3959 580 4032 Dei
597 3959 708 4055 gratia
729 3961 961 4036 Romanorum
984 3985 1049 4036 rex
1072 3971 1108 4036 et
1122 3985 1259 4061 semper
1273 3972 1464 4060 augustus,
1483 3965 1657 4040 universis
1683 3967 1820 4064 imperii

410 4083 574 4159 fidelibus
596 4105 737 4180 presens
761 4086 927 4182 scriptum
953 4087 1168 4162 intuentibus
1190 4090 1227 4162 in
1254 4099 1475 4186 perpetuum.
1502 4089 1558 4162 lix
1590 4091 1822 4168 insinuatione

410 4207 622 4306 presentium
632 4206 680 4281 ad
693 4207 854 4283 noticiam
866 4211 1107 4286 universorum
1120 4213 1284 4288 volumus
1298 4215 1479 4310 pervenire
1493 4215 1590 4310 quod
1607 4215 1823 4292 attendentes

412 4331 613 4406 dilectorum
635 4339 831 4405 nostrorum
848 4331 1047 4408 fidelitatem
1071 4337 1207 4412 abbatis
1227 4347 1262 4410 et
1283 4347 1476 4412 conventus
1492 4338 1528 4410 in
1546 4338 1764 4414 llnlsbnrnen
1781 4363 1824 4416 ao

412 4458 539 4533 devota
551 4457 719 4554 obsequia
732 4480 803 4555 que
817 4460 1094 4558 progenitoribus
1109 4465 1236 4537 uostris
1251 4486 1293 4538 ac
1308 4464 1410 4538 nobis
1425 4464 1660 4540 exhibuerunt
1675 4475 1711 4540 et
1723 4467 1824 4542 exbi-

448 4767 483 4841 (t)
503 4767 688 4829 verisimiliter
701 4767 734 4828 de
750 4767 934 4839 lowenrode,
951 4769 1028 4844 onjm
1038 4769 1193 4846 bmnenter
1205 4771 1233 4830 in
1246 4771 1416 4832 dommentb
1435 4773 1516 4850 brius
1532 4775 1662 4852 temporis
1672 4761 1824 4836 mentiolit.

513 4869 569 4931 III.
1629 4885 1667 4939 44
