4658 6132
380 673 479 735 ltnrcr.
496 671 541 752 2]
832 665 1032 730 HISTORIA
1056 663 1350 728 blelottarlca
1738 668 1796 732 125

379 807 524 881 invento
550 825 611 900 per
633 800 754 876 fideles
772 809 906 876 nostros
923 803 1022 898 regni
1043 801 1150 876 nostri
1177 800 1441 876 ierosolimitani
1466 822 1555 896 quos
1580 801 1627 875 ad
1644 803 1711 876 hoc
1729 803 1796 876 sub

376 933 573 1026 juramento
590 948 662 1024 quo
677 925 779 1001 nobis
802 935 962 1000 tenentur
981 926 1224 1016 astrinximus,
1243 924 1340 1020 quod
1364 925 1603 1022 supradictum
1620 927 1795 1002 cambium

380 1054 478 1150 quod
498 1073 702 1150 expressum
722 1071 792 1125 non
809 1051 922 1124 luerat
943 1051 979 1123 in
995 1050 1180 1147 privilegio
1197 1049 1279 1124 dicti
1298 1049 1403 1143 regis,
1420 1049 1508 1124 illud
1523 1051 1688 1125 videlieet
1699 1049 1796 1146 quod

380 1175 568 1251 Heniridus
575 1174 719 1248 iuuenis
730 1194 794 1269 pro
803 1173 941 1247 Turnnc
952 1181 987 1247 et
998 1173 1115 1246 Castro
1124 1193 1217 1246 novo
1227 1172 1378 1266 tenebat,
1389 1173 1486 1268 quod
1494 1173 1669 1247 cambium
1681 1174 1797 1270 ipsum

381 1300 543 1374 extiterat
566 1307 697 1395 septem
727 1297 823 1370 milia
844 1295 1078 1371 bisantiorum
1104 1275 1420 1388 mmacenatorum,
1448 1305 1582 1372 etcum
1604 1298 1747 1372 llarcno
1763 1308 1798 1372 et

382 1423 544 1496 omnibus
559 1410 782 1518 pertinenciis
798 1421 872 1493 suis
890 1429 926 1494 et
940 1409 1113 1494 madibm
1128 1418 1310 1494 antedictis
1327 1447 1336 1490 :
1357 1439 1422 1493 nos
1437 1429 1508 1494 tam
1522 1422 1703 1494 Marcnum
1716 1443 1797 1495 cum

382 1546 606 1644 pertinenciis
625 1545 753 1618 suiset
771 1543 1043 1640 Quabrinquen,
1061 1543 1198 1636 Belide,
1218 1542 1347 1636 Cades,
1365 1543 1515 1637 labare,
1536 1545 1650 1638 llees,
1674 1554 1711 1618 et
1725 1545 1797 1620 dno

382 1671 557 1766 illegeras,
581 1691 688 1764 quam
707 1676 743 1742 et
764 1666 941 1765 predictos
966 1676 1096 1764 septem
1127 1667 1224 1742 milia
1249 1667 1423 1742 bisancios
1449 1677 1701 1762 samacenatos,
1725 1671 1797 1764 jam

382 1793 484 1868 dictis
500 1793 682 1889 magistro,
701 1802 735 1866 et
751 1793 914 1866 iratribus
931 1792 1022 1884 suis,
1042 1813 1084 1866 ac
1098 1813 1218 1866 eorum
1236 1791 1356 1866 domui
1373 1791 1571 1890 supradicte
1585 1793 1797 1868 restituimus

382 1917 428 1991 de
455 1925 569 1990 nostre
594 1917 703 2011 gratia
737 1915 937 2010 mejestatis.
966 1916 1061 2000 Quos
1087 1915 1261 1990 bisancius
1286 1915 1470 1988 statuimus
1501 1915 1554 1988 eis
1578 1917 1797 2014 recipiendos

381 2041 482 2114 annis
497 2040 644 2135 singulis
669 2041 706 2112 in
723 2039 919 2114 redditibus
938 2041 1083 2114 cathena
1098 2049 1134 2114 et
1159 2040 1267 2115 lunda
1284 2047 1400 2114 nostre
1415 2037 1643 2133 rlcconensis,
1663 2042 1796 2118 medie-

382 2173 487 2237 tatem
517 2163 679 2238 videlicet
702 2163 740 2235 in
766 2163 963 2239 redditibus
986 2163 1096 2238 innde
1120 2173 1156 2238 et
1180 2164 1286 2238 aliam
1301 2163 1529 2240 medietatem.
1545 2165 1583 2237 in
1602 2164 1797 2240 redditibus

382 2287 545 2380 cathena,
565 2289 622 2361 vel
638 2309 759 2361 ornnes
771 2287 809 2360 in
822 2287 1019 2363 redditibus
1033 2287 1154 2380 lunda,
1168 2287 1199 2361 si
1215 2288 1261 2363 de
1274 2287 1470 2364 redditibus
1480 2287 1625 2363 cathano
1641 2288 1793 2381 deesset;

382 2411 438 2483 vei
458 2431 578 2483 omncs
595 2411 632 2483 in
648 2410 844 2485 redditibus
862 2411 1025 2504 cathano,
1051 2413 1081 2485 si
1104 2410 1151 2486 de
1172 2411 1368 2486 redditibus
1385 2412 1494 2486 funde
1511 2412 1663 2506 deesset,
1684 2413 1741 2486 vel
1759 2414 1794 2486 in

382 2533 459 2607 aliis
470 2533 666 2608 redditibus
683 2535 781 2630 regni
796 2536 903 2610 nostri
918 2535 1180 2610 ierosolimitani
1192 2536 1317 2610 melius
1328 2538 1593 2634 apparentibus,
1612 2538 1642 2610 si
1657 2537 1703 2611 de
1716 2536 1795 2611 red·

382 2655 512 2730 ditibus
528 2657 672 2730 cathena
687 2667 723 2730 et
740 2658 849 2732 funde
861 2657 1009 2750 deesset,
1024 2680 1088 2754 per
1100 2667 1250 2754 quatuor
1265 2659 1429 2733 terminos
1445 2657 1491 2733 de
1505 2660 1616 2732 tribus
1634 2659 1671 2732 in
1685 2661 1795 2733 tribus

382 2780 584 2853 mensibus:
601 2781 764 2856 videlicet
775 2802 837 2876 per
847 2782 1019 2876 quoslibet
1032 2791 1100 2856 tres
1116 2803 1251 2856 menses
1264 2780 1438 2858 bisancius
1454 2792 1688 2858 sarracenatos
1702 2785 1796 2860 mille

381 2906 615 3002 septingentos
631 2915 666 2979 et
684 2906 952 3002 quinquaginta.
974 2905 1030 2981 Ad
1052 2907 1159 3000 hujus
1182 2917 1298 2982 autem
1322 2909 1374 2982 rei
1395 2908 1611 2983 evidencium
1633 2919 1669 2983 et
1689 2911 1796 2984 robur

381 3039 549 3126 perpetuo
570 3015 778 3122 valiturum,
807 3051 950 3126 presens
978 3030 1199 3126 priuilegium
1226 3029 1319 3125 lieri,
1352 3041 1388 3106 et
1406 3032 1501 3106 bulla
1531 3053 1637 3106 aurea
1662 3034 1795 3130 typario

383 3161 498 3226 nostre
514 3135 700 3246 majestatis
718 3155 886 3249 impressa
898 3154 1068 3247 jussimus
1083 3155 1302 3228 communiri.

430 3277 542 3369 Hujus
555 3283 670 3350 autem
683 3277 733 3350 rei
745 3285 849 3350 testes
860 3285 942 3350 sunt
953 3277 1228 3376 llaimundus(u)
1241 3278 1618 3376 princepsrlnthiochie
1632 3291 1668 3355 et
1681 3303 1796 3356 comes

381 3401 629 3498 Tripolitanae,
650 3402 751 3478 Oddo
772 3403 817 3476 de
833 3403 1101 3480 Montebeliardo
1122 3405 1376 3480 comestabulus
1395 3405 1494 3500 regni
1511 3407 1793 3500 ierosolimitani,

381 3523 544 3596 Balianm
564 3525 726 3599 dominus
744 3526 911 3622 Sydonis,
929 3528 1103 3602 lohannes
1122 3528 1167 3603 de
1184 3528 1349 3620 Ybelinc,
1371 3529 1551 3602 Gualtems
1568 3528 1613 3602 de
1631 3529 1793 3618 Cesarea,

382 3646 592 3721 Guamcrius
608 3649 839 3742 Alamannus,
856 3649 968 3746 Aymo
983 3673 1091 3748 nepos
1104 3652 1198 3744 ejus,
1214 3651 1335 3725 Daniel
1352 3651 1398 3726 de
1410 3651 1639 3726 Talremuude
1650 3709 1658 3740 ,
1671 3652 1796 3748 Helyas

381 3768 427 3844 de
438 3770 618 3863 Nazareth,
638 3771 752 3846 adam
766 3771 866 3846 Costa
878 3793 1000 3866 senex,
1019 3773 1132 3849 Adam
1145 3773 1245 3848 Costa
1255 3773 1408 3868 juvenis,
1425 3775 1530 3848 etalii
1544 3797 1648 3869 quam
1662 3777 1791 3870 plnres.

428 3891 515 3968 Acta
543 3902 625 3966 sunt
651 3893 716 3968 hec
744 3917 836 3970 anno
866 3895 1039 3971 dominice
1072 3897 1316 3970 incarnationis
1342 3897 1525 3974 millesimo
1558 3898 1794 3972 ducentesimo

380 4016 545 4090 vicesimo
565 4037 677 4109 nono,
702 4039 822 4092 mense
850 4019 990 4118 aprilis,
1022 4021 1176 4096 emunda
1199 4019 1415 4114 indictionis,
1438 4021 1630 4118 imperante
1654 4020 1795 4095 domino

380 4147 497 4213 nosue
509 4139 704 4234 Frederico,
722 4142 785 4214 Dei
803 4143 912 4237 gratia
926 4143 1155 4217 invictissimo
1170 4145 1400 4217 Romanorum
1414 4144 1637 4240 imperatore,
1660 4164 1796 4240 semper

380 4272 548 4357 augusto,
562 4265 748 4338 Jerusalem
767 4273 802 4340 et
816 4266 932 4340 Sicilie
945 4255 1045 4362 rege,
1064 4289 1157 4342 anno
1174 4268 1307 4342 romani
1324 4265 1460 4364 imperii
1475 4267 1552 4340 eius
1566 4288 1678 4360 nono,
1695 4269 1792 4364 regni

379 4384 642 4461 ierosolimitani
655 4397 795 4484 quarto,
809 4390 909 4485 regni
924 4411 1009 4464 vero
1025 4389 1140 4464 Sicilie
1155 4390 1329 4464 tricesimo
1340 4391 1472 4487 primo,
1490 4391 1645 4468 feliciter.
1665 4391 1789 4467 Amffl.

427 4511 555 4583 Datum
571 4511 668 4608 apud
681 4510 870 4606 Acconem,
888 4534 996 4608 anno,
1015 4535 1134 4588 mense
1153 4523 1188 4588 et
1205 4513 1394 4590 indictione
1408 4515 1618 4613 prescriptis.

423 4769 465 4853 (a)
487 4773 537 4838 stc
550 4775 584 4837 ln
598 4775 715 4850 ccdtce;
730 4775 783 4839 md
796 4773 953 4856 legendum
964 4773 1157 4839 erruudur.
