4702 6110
417 1199 566 1306 ὼ,
658 1175 841 1260 Hauricus
867 1175 1128 1260 Romanorum
1143 1201 1209 1260 rex
1228 1175 1449 1262 Eberhardo
1465 1177 1594 1262 abbati
1613 1179 1662 1264 de
1680 1177 1807 1264 Salem
1822 1179 1923 1264 hauc
1940 1181 2018 1264 im·

419 1305 560 1347 mm·
605 1310 830 1392 munitatem
856 1309 1056 1392 confirmat
1082 1309 1188 1420 quod
1209 1309 1258 1392 de
1279 1309 1458 1393 domibus
1481 1337 1547 1394 seu
1569 1311 1871 1420 possessionibus
1893 1314 2016 1424 ipsius

604 1443 822 1527 monasterii
836 1441 944 1526 nulla
957 1451 1084 1525 staura
1098 1467 1168 1526 nec
1180 1441 1286 1526 aliud
1299 1442 1504 1526 exactionis
1517 1443 1686 1553 &nasei
1702 1444 1847 1554 imponi
1860 1445 2010 1530 debeat.

687 1683 819 1763 (Edlder.
833 1683 946 1758 Lauro,
961 1679 1168 1757 Relcdrarcbtc,
1183 1688 1206 1743 t
1223 1681 1334 1758 XVIII,
1349 1699 1378 1762 p.
1398 1691 1466 1744 ott.
1481 1713 1521 1729 -
1533 1683 1713 1758 Smronrua,
1727 1683 1843 1766 Apim..
1856 1701 1889 1782 p.
1904 1695 1955 1748 oe.
1970 1717 2015 1732 -

723 1791 900 1863 Hmaorr,
918 1785 1035 1852 emeat.
1049 1785 1224 1868 nautea,
1238 1789 1302 1850 cod
1317 1787 1446 1866 probat..
1460 1794 1485 1850 t.
1500 1789 1542 1862 11,
1556 1805 1589 1868 p.
1602 1799 1673 1866 m,
1687 1791 1721 1852 n·
1736 1789 1972 1871 mcxxxvlll

650 2005 818 2078 Henricus
844 2004 905 2077 Dei
932 2003 1042 2098 gratia
1064 2003 1295 2076 Romanorum
1321 2023 1385 2076 rex
1407 2012 1442 2076 et
1465 2024 1601 2100 aemper
1624 2012 1807 2098 augustus,
1834 2005 2012 2079 universis

602 2128 754 2202 scultetis
772 2127 846 2202 suis
858 2148 1048 2222 eorumque
1064 2127 1267 2201 concivibus
1282 2147 1344 2224 per
1356 2127 1520 2200 Sueviam
1539 2126 1732 2200 constitutis
1750 2127 1896 2222 gratim
1910 2149 2014 2202 suam

602 2263 637 2326 et
659 2273 762 2326 omne
779 2253 921 2325 bouum.
948 2251 1118 2338 Quoniam
1142 2250 1284 2346 quidem
1309 2251 1553 2326 monasterium
1577 2249 1622 2324 de
1639 2253 1751 2326 Salam
1773 2251 1864 2326 banc
1884 2253 2012 2326 immu-
2304 2159 2307 2356 i

603 2376 719 2449 nitatis
749 2375 896 2470 gratiam
918 2375 1013 2471 apud
1038 2383 1169 2470 patrem
1195 2384 1230 2448 et
1254 2397 1359 2448 avum
1383 2383 1582 2470 ceterosque
1612 2383 1843 2450 antecessores
1875 2385 2012 2450 nostros

603 2501 768 2572 hacteuus
786 2497 949 2572 habuisse
969 2497 1161 2572 dinoscitur
1175 2467 1272 2592 qdod
1290 2497 1335 2572 de
1354 2497 1515 2572 domibus
1536 2519 1598 2572 seu
1625 2499 1899 2594 possessionibus
1920 2521 2012 2594 quas

604 2626 638 2695 in
665 2622 863 2695 civitatibus
886 2632 922 2694 et
942 2622 1032 2695 circa
1056 2621 1212 2694 civitates
1235 2621 1388 2718 ipsorum
1411 2621 1548 2710 babuit,
1573 2623 1667 2694 nulla
1689 2632 1804 2696 stcura
1824 2643 1889 2696 nec
1911 2621 2012 2698 atiud

604 2747 794 2820 exactionis
826 2767 938 2840 genus
966 2745 1080 2820 eidem
1110 2745 1316 2818 monasterio
1345 2744 1605 2842 imponebatur3
1638 2766 1702 2818 uos
1728 2745 2011 2842 predecessorum

604 2881 796 2945 uestrorum
813 2869 1014 2944 munificam
1032 2869 1204 2942 imitantes
1224 2869 1440 2942 clementiam
1458 2868 1617 2944 eamdem
1633 2870 1913 2965 emancipationis
1929 2891 2011 2965 gra-

604 2995 686 3068 tiam
706 2994 882 3090 sepedicto
902 2993 1108 3066 monasterio
1128 2993 1164 3064 in
1191 3015 1332 3066 manum
1355 2993 1561 3066 venerabilis
1583 3003 1619 3068 et
1643 2993 1759 3068 dilecti
1784 2993 1890 3068 nostri
1911 2993 2011 3068 Ebe-

603 3117 719 3192 rbardi
734 3117 870 3190 abbatis
889 3115 984 3209 regia
1000 3115 1201 3190 liberalitate
1214 3116 1436 3212 indulgemus
1451 3126 1487 3190 et
1502 3117 1670 3214 presentis
1685 3118 1803 3214 scripti
1816 3117 2010 3208 munimine

602 3239 856 3315 confirmamus.
881 3239 1086 3314 Maudamns
1104 3240 1209 3334 igitur
1222 3250 1257 3314 et
1276 3263 1338 3338 per
1359 3241 1576 3316 serenitatem
1596 3241 1705 3338 gratie
1729 3249 1843 3315 nostre
1865 3239 2010 3314 firmiter

602 3366 811 3462 precipimus
833 3363 979 3458 nequis
1000 3363 1170 3438 officiatus
1190 3365 1248 3440 vel
1269 3365 1503 3440 subofficiatus
1519 3375 1634 3440 noster
1654 3373 1840 3440 memorato
1863 3386 2008 3440 mones·

600 3489 685 3564 terio
699 3509 762 3585 pro
777 3487 939 3561 domibus
951 3507 1014 3559 seu
1031 3486 1108 3560 aliis
1121 3489 1396 3584 possessionibus
1408 3490 1482 3562 suis
1494 3490 1605 3566 tallias
1617 3491 1674 3564 vel
1686 3489 1716 3562 si
1729 3488 1824 3585 quod
1839 3497 1892 3562 est
1906 3487 2007 3563 aliud

599 3611 837 3708 postulationis
849 3611 906 3684 vel
924 3609 1088 3706 stipendii
1099 3633 1210 3707 genus
1226 3613 1402 3709 imponere
1419 3621 1606 3709 presumat.
1624 3613 1726 3699 Quod
1739 3611 1869 3708 siquid
1886 3621 2007 3687 coum

597 3737 687 3814 hauc
712 3747 826 3812 nostre
847 3735 1076 3832 exemptionis
1101 3737 1291 3812 libertatem
1313 3745 1552 3834 attemptatum
1575 3737 1691 3830 fuerit,
1708 3737 1848 3812 omniuo
1869 3735 2005 3810 irritum

598 3863 852 3938 essevolumus
863 3869 899 3934 et
916 3861 1094 3934 inlectam.
1760 3850 1766 3860 '

645 3987 770 4058 Datum
787 3983 881 4080 apud
893 3983 1116 4080 chrlingcn,
1130 4005 1221 4057 anno
1234 3985 1338 4058 Verbi
1355 3985 1521 4060 incarnati
1535 3985 1822 4078 tt.cc.xx1x,x
1837 3983 2006 4060 kalendas

598 4109 813 4200 novembris,
833 4107 1051 4204 presentibus
1068 4108 1325 4182 venerabilibus
1350 4109 1506 4185 Conrado
1527 4109 1573 4184 de
1597 4111 1721 4184 Sancto
1737 4107 1834 4182 Gallo
1858 4107 2003 4194 abbate,

597 4231 742 4306 Hemioo
762 4231 858 4304 curie
875 4239 992 4304 nostra
1008 4230 1275 4327 pmthouotario,
1294 4229 1446 4308 Guntero
1462 4233 1586 4308 comite
1606 4232 1651 4308 de
1668 4232 1911 4326 Kcvcrnberg,
1931 4231 2007 4306 llo-

597 4357 691 4430 dollo
716 4356 840 4429 comite
866 4353 912 4428 de
940 4355 1160 4451 Habesburg,
1188 4357 1398 4429 Hartmanno
1425 4356 1549 4429 comita
1571 4355 1616 4428 de
1639 4356 1792 4449 Kiburg,
1819 4354 1932 4427 Ulrico
1956 4354 2006 4429 de

597 4481 755 4576 KIiogen‚
782 4479 934 4554 Arnaldo
953 4477 998 4552 do
1023 4479 1160 4574 Warta,
1180 4477 1379 4554 Eberhardo
1399 4479 1571 4576 dapifero,
1597 4477 1752 4552 Conrado
1774 4478 1938 4576 pincerna
1955 4477 2005 4553 de

595 4603 869 4692 Winterstctteu‚
901 4603 1048 4678 Heurico
1079 4603 1124 4679 de
1152 4604 1377 4700 Raveusburg
1406 4614 1440 4678 ct
1469 4605 1612 4678 Dietoue
1640 4612 1735 4700 patre
1750 4623 1833 4693 suo,
1855 4601 2006 4696 ubisque

596 4727 871 4824 quampluribus.
