4658 6132
359 669 516 754 laaretz]
810 667 1005 730 HISTORIA
1029 669 1318 732 pluteusrlca

417 1214 643 1320 Fridericus,
659 1213 920 1298 Romanorum
932 1212 1152 1320 imperator,
1170 1211 1344 1294 Conrado
1358 1221 1395 1294 et
1408 1211 1618 1294 Gottclrido
1630 1212 1678 1295 de
1691 1211 1768 1296 Ho-
1803 1224 1961 1280 assurin.

365 1345 527 1430 benloch
549 1345 750 1451 fratribus,
771 1343 947 1426 fidelibus
972 1343 1071 1448 suis,
1090 1367 1160 1452 pro
1178 1344 1297 1452 gratis
1319 1369 1451 1426 eorum
1474 1344 1631 1426 servitiis
1652 1345 1768 1427 educ-

365 1479 503 1562 catiam
521 1477 692 1562 decuria
714 1477 754 1558 in
774 1477 911 1560 Retent
927 1476 1118 1580 concedit,
1139 1476 1280 1560 scilicet
1296 1477 1392 1559 dues
1409 1486 1535 1585 partes
1553 1478 1769 1560 advocatiae

369 1611 542 1696 Conrado
555 1620 593 1694 et
609 1609 759 1693 tertiam
772 1617 919 1718 purtem
937 1607 1162 1694 Gottelrido.

449 1823 568 1902 (lnedlt.
583 1839 621 1884 ex
629 1821 764 1901 crlglnall
777 1825 810 1883 ln
822 1821 935 1884 arclnlv.
949 1821 1120 1900 stuttgart„
1135 1821 1214 1882 unde
1227 1823 1356 1902 alglllum
1370 1839 1486 1884 careum
1499 1826 1532 1885 ln
1540 1823 1637 1885 medlo
1644 1823 1771 1885 tractum

488 1937 519 1992 et
531 1930 619 1992 ualde
631 1929 745 1992 benna
757 1946 796 1992 ex
809 1928 868 1991 lllts
881 1931 982 1991 serlcts
994 1929 1066 1990 tlnvl
1079 1936 1109 1990 et
1121 1929 1318 1991 emerantblnl
1331 1929 1437 1990 cclcrls
1448 1927 1618 2007 appendet.)

418 2114 626 2208 Fridericus,
639 2115 702 2187 Dei
721 2115 832 2210 gratie
846 2115 1076 2188 Romanorum
1094 2115 1290 2212 imperator,
1304 2101 1440 2210 senipcr
1451 2124 1630 2210 angustus,
1641 2116 1773 2189 Jerusa-

373 2240 440 2311 lem
453 2247 488 2312 et
498 2237 613 2312 Sicilie
628 2258 705 2312 rex.
724 2238 788 2310 Per
799 2259 940 2333 presens
956 2240 1120 2334 scriptum
1132 2247 1252 2312 notum
1263 2259 1339 2312 esse
1352 2239 1513 2311 volumus
1525 2239 1698 2312 universis
1711 2239 1775 2310 im·

373 2361 459 2458 perii
475 2361 636 2436 fidelibus
652 2371 722 2434 tam
736 2362 951 2458 presentibus
964 2384 1070 2457 quarn
1084 2361 1209 2434 lutaris
1221 2361 1317 2456 quod
1332 2383 1396 2434 noe
1410 2383 1471 2456 pro
1484 2362 1591 2456 gratis
1604 2369 1639 2434 et
1653 2383 1777 2456 accep-

373 2484 418 2556 tis
436 2483 585 2557 servitiis
601 2506 671 2579 qne
687 2482 865 2556 Conredus
883 2482 928 2556 de
944 2484 1142 2558 liobenloch
1161 2493 1195 2556 et
1208 2485 1417 2559 Gottclridus
1434 2486 1537 2558 freter
1551 2486 1639 2577 ejus,
1658 2483 1777 2556 fideles

375 2607 498 2697 nostri,
519 2607 688 2700 majestati
708 2617 823 2680 nostre
840 2606 1007 2680 hactenus
1028 2607 1264 2680 exbibuerunt
1281 2617 1315 2681 et
1332 2627 1401 2701 que
1425 2606 1470 2680 de
1486 2608 1577 2680 bono
1598 2607 1635 2678 in
1653 2603 1778 2680 melius

375 2731 541 2804 exhibere
551 2738 713 2826 poterunt
728 2731 766 2800 in
780 2731 946 2824 laturum,
959 2729 1005 2803 de
1018 2731 1129 2824 gratia
1143 2730 1354 2804 liberalitatis
1366 2740 1482 2804 nosue
1497 2729 1718 2804 concedimus
1728 2731 1779 2802 ei·

376 2851 456 2928 dem
479 2853 627 2928 Comado
644 2862 679 2926 et
699 2851 886 2928 heredibus
908 2854 982 2928 suis
1006 2854 1043 2926 in
1064 2863 1268 2952 perpetuum
1289 2855 1378 2928 duas
1395 2864 1510 2950 partes
1532 2853 1712 2928 advocatie
1734 2853 1780 2928 de

378 2977 474 3049 curia
492 2976 529 3046 in
545 2976 668 3048 Rotent
683 2973 732 3072 (a)
746 2975 794 3048 ed
808 2997 871 3049 nos
887 2985 921 3049 et
935 2975 1118 3071 imperium
1135 2977 1355 3072 pertinentes,
1377 2988 1412 3052 et
1430 2977 1533 3050 aliem
1546 2977 1685 3066 terciam
1701 2999 1780 3073 par·

378 3109 447 3172 tem
471 3096 627 3192 ejusdem
653 3099 835 3173 advocatie
858 3108 1045 3174 memorato
1072 3097 1262 3174 Gottolrido
1285 3101 1380 3174 fratri
1403 3101 1558 3194 ejusdem
1583 3099 1723 3174 Corradi
1747 3109 1782 3174 et

379 3221 566 3294 heredibus
586 3223 661 3314 ejus
677 3221 830 3294 similiter
852 3221 1020 3294 duximus
1035 3221 1302 3296 mnnedendam.
1324 3224 1438 3309 Quare
1455 3223 1661 3298 mandemus
1679 3232 1784 3318 atque

380 3343 589 3439 precipimus
603 3344 768 3438 quatinus
782 3344 900 3417 nullus
913 3345 958 3416 sit
978 3345 1039 3438 qui
1055 3345 1166 3418 dictus
1181 3344 1300 3420 fideles
1318 3356 1451 3421 nostres
1469 3347 1514 3421 de
1531 3347 1654 3421 cedem
1670 3346 1784 3420 advo-

423 3542 464 3624 (a)
482 3545 531 3607 Slc
544 3545 577 3605 tn
590 3544 735 3624 ortgmdt
751 3544 871 3624 legltur
884 3551 984 3606 autem
997 3547 1077 3623 epnd
1090 3547 1302 3621 Boehmerum,
1314 3547 1444 3626 Regest„
1459 3564 1490 3625 p.
1508 3558 1580 3622 tet,
1594 3555 1629 3608 n⁰
1638 3556 1715 3628 658,
1728 3547 1786 3609 lle-

385 3649 524 3712 testetur

385 3993 539 4052 adhaesisse
553 3993 668 4052 videtur.
683 3993 809 4053 Caeterm
826 4000 916 4054 auem
933 3993 1044 4070 Apuliae
1063 3993 1145 4052 urbes
1162 3993 1334 4070 praecipuae,
1354 3993 1477 4052 uidelicet
1499 3995 1611 4066 lterum,
1635 3995 1788 4069 stamma,

386 4091 502 4162 ltnbum,
516 4092 643 4162 Tranum,
658 4091 763 4166 leggia,
778 4090 981 4163 Civitaslroja,
992 4091 1049 4149 sive
1060 4091 1088 4147 in
1102 4090 1272 4148 rebellionem
1285 4096 1404 4164 apertam
1416 4091 1471 4148 sive
1485 4091 1513 4146 in
1530 4091 1640 4148 dubiam
1653 4091 1735 4148 tidem
1744 4092 1791 4150 de-

388 4193 528 4258 venerant3
538 4186 696 4261 (dchggia‚
711 4187 767 4244 rid.
777 4187 854 4258 intra,
865 4203 893 4260 p.
907 4191 969 4259 tte,
984 4193 1041 4243 not.
1057 4187 1094 4258 lt.
1110 4187 1177 4244 Cum
1189 4194 1279 4244 eutem
1290 4186 1324 4244 de
1333 4187 1533 4260 recuperatione
1540 4187 1653 4261 Apuliae
1666 4187 1792 4246 chronica

388 4297 487 4340 coaeva
499 4282 596 4340 sileant
607 4289 636 4340 et
645 4281 696 4341 alia
711 4283 801 4341 desint
814 4282 983 4354 documenta,
995 4283 1137 4340 vedeimile
1149 4289 1192 4341 eat
1203 4283 1391 4357 imperatorem
1404 4283 1447 4340 bia
1458 4282 1564 4341 duobus
1578 4283 1716 4342 mensibus
1726 4285 1792 4358 julie

389 4383 417 4436 et
429 4385 539 4454 auprste
551 4379 637 4438 Baroli
649 4381 750 4437 tamdiu
762 4379 845 4438 luisse
858 4386 998 4452 moratum,
1011 4386 1042 4436 ut
1052 4379 1133 4438 istam
1145 4380 1220 4454 regni
1231 4386 1335 4454 partem
1350 4381 1384 4438 ad
1396 4396 1457 4438 suas
1469 4379 1541 4456 leges
1555 4381 1705 4454 reduceret,
1718 4389 1792 4440 enb-

389 4493 470 4551 quem
481 4477 593 4536 ulterius
605 4479 820 4554 pmgrederetnr.
832 4481 932 4538 Versus
952 4479 1083 4553 quosdam
1101 4480 1244 4538 memoriae
1265 4497 1315 4555 per
1331 4497 1427 4538 aevum
1445 4480 1556 4538 traditos
1571 4486 1599 4537 et
1616 4479 1651 4536 ab
1669 4481 1728 4554 ipsc
1740 4481 1795 4538 Fri·

391 4573 489 4647 derisu
503 4580 535 4631 nt
554 4574 652 4647 leant,
668 4576 704 4634 ad
716 4575 862 4634 laudandos
877 4575 969 4634 fideles
991 4575 1223 4650 objmgandosque
1236 4577 1349 4636 rebelles
1360 4579 1522 4651 compositae
1537 4577 1565 4634 in
1578 4577 1629 4635 alic
1641 4577 1795 4652 wleglmns

391 4687 482 4746 opere,
498 4674 541 4730 cui
555 4675 649 4732 titulus
662 4693 669 4730 :
686 4674 842 4733 llecbmlree
854 4691 902 4732 eur
916 4675 952 4732 lea
963 4681 1132 4732 monumenta
1143 4681 1170 4732 et
1184 4673 1316 4732 l'lta'stcr're
1331 4675 1376 4733 dea
1396 4673 1549 4733 Nnrmeeda
1566 4681 1593 4732 et
1606 4674 1639 4732 de
1649 4673 1678 4732 le
1688 4678 1795 4733 metesa

392 4767 424 4824 de
435 4767 538 4826 Seuebe
547 4769 616 4829 daea
628 4771 731 4834 l'Iteb'e
743 4771 929 4841 meridionale,
940 4790 969 4848 p.
985 4773 1075 4829 earo.

491 4869 543 4930 ΙΙΙ.
1600 4881 1637 4933 20
