4652 6092
933 675 1242 738 includendus.
1738 675 1800 738 teo

470 811 568 892 (Edlt.
590 829 639 891 sp.
657 811 833 886 aarum„
848 808 958 876 dcccl.
977 807 1084 884 ‚aulen
1102 809 1141 876 ad
1161 827 1232 875 anu.
1248 806 1324 890 ill,
1339 826 1378 872 ex
1390 810 1508 890 limat.
1523 807 1657 890 drogon,
1668 825 1740 872 ann.
1754 813 1793 886 V,

508 921 596 996 eplst.
614 921 695 994 loo.)

437 1105 640 1200 Gregorius,
662 1114 728 1178 etc.
750 1104 924 1180 Friderioo
945 1105 1067 1178 illustri
1088 1106 1317 1178 Romanorum
1339 1106 1553 1201 imperatori,
1577 1127 1713 1202 semper
1730 1129 1798 1179 au-

389 1241 504 1326 gusto,
521 1240 556 1302 et
566 1231 638 1324 regi
651 1229 852 1319 Sicilie,etc.
867 1229 1101 1302 Intelleximus
1113 1228 1208 1323 quod
1218 1251 1264 1302 ex
1277 1229 1396 1302 litteris
1408 1251 1496 1323 quas
1507 1251 1619 1325 nuper
1631 1229 1799 1326 imperiali

390 1352 586 1426 celsitudini
598 1353 847 1428 destinavimus
858 1351 912 1450 (l)
925 1361 1040 1426 motus
1054 1363 1230 1448 umunque
1245 1353 1359 1446 dristi,
1376 1355 1459 1450 quia
1470 1356 1549 1450 plue
1562 1354 1800 1428 amaritudinis

389 1499 494 1574 quam
511 1477 706 1552 dulcedinis
719 1499 840 1575 sapere
855 1477 1077 1552 videbantur.
1098 1477 1254 1551 Ceterum
1266 1501 1346 1551 oum
1356 1479 1460 1572 juxta
1472 1477 1635 1574 sapientis
1648 1479 1800 1552 edictum

389 1601 512 1674 melius
526 1601 571 1674 sit
585 1623 731 1696 arguere
743 1623 849 1697 mam
867 1601 986 1693 irasci,
1003 1622 1045 1674 eo
1063 1601 1158 1696 quod
1174 1601 1232 1676 via
1247 1603 1319 1676 vite
1333 1603 1378 1675 sit
1393 1602 1580 1697 increpatio
1596 1601 1797 1698 discipline,

390 1726 435 1801 de
451 1737 592 1822 paterne
602 1727 797 1801 dilectionis
810 1727 945 1799 siucero
959 1726 1124 1822 processit
1135 1725 1259 1800 affectu
1272 1725 1367 1821 quod
1383 1726 1617 1818 horribilium,
1635 1735 1706 1798 uta
1723 1728 1800 1822 plu·

391 1851 486 1922 rimis
509 1849 729 1941 dicebantur,
757 1850 872 1923 subito
895 1849 1019 1923 auditu
1045 1849 1193 1944 perculsi
1215 1849 1324 1922 filium
1350 1851 1465 1923 minus
1489 1851 1612 1924 leniter
1634 1849 1801 1924 dommus

389 1975 623 2070 arguendum,
641 1995 686 2048 ne
699 1975 766 2048 mel
780 1975 981 2049 videremur
994 1973 1031 2045 in
1046 1972 1214 2047 sacrificio
1225 1975 1375 2049 adolere.
1393 1973 1462 2048 Sed
1474 1995 1540 2048 nec
1558 1974 1628 2048 filio
1643 1975 1706 2046 luit
1720 1995 1801 2070 egre

390 2097 572 2171 ferendum
589 2097 673 2194 quia
690 2107 786 2195 pater
808 2098 919 2171 lilium
941 2120 1046 2193 quem
1068 2097 1182 2194 diligit
1197 2099 1337 2194 corripit
1355 2108 1390 2172 et
1413 2099 1582 2172 Dominus
1603 2120 1691 2193 quos
1708 2107 1801 2172 amat

391 2223 506 2314 arguit
521 2231 555 2296 et
572 2223 734 2318 castigat,
757 2244 800 2297 eo
813 2222 911 2318 quod
928 2222 1069 2294 meliora
1092 2231 1173 2294 suut
1197 2221 1373 2315 diligentis
1390 2223 1535 2295 verbera
1557 2243 1662 2316 quam
1684 2223 1800 2296 oscula

391 2346 553 2420 odientis.
573 2348 616 2418 llt
639 2347 812 2442 siquidem
835 2345 987 2420 extiterit
1004 2367 1126 2442 aspera
1147 2347 1354 2443 increpatio,
1380 2367 1450 2421 non
1470 2345 1536 2419 luit
1554 2347 1711 2442 publica,
1736 2345 1800 2420 sed

391 2471 543 2565 privata,
573 2493 643 2543 non
667 2471 825 2543 clamosis
846 2469 1015 2562 vocibus,
1044 2469 1107 2543 sed
1132 2470 1254 2543 litteris
1277 2492 1442 2566 expressa
1464 2469 1621 2556 secretis,
1646 2493 1715 2565 que
1736 2472 1801 2544 vix

392 2617 546 2690 uuquam
561 2595 608 2668 ad
623 2595 802 2670 scribentis
823 2595 984 2668 affectum
1004 2595 1181 2668 sufficiunt
1197 2595 1477 2692 exprimendum.
1498 2595 1543 2668 Ut
1558 2593 1664 2686 igitur
1686 2596 1802 2670 omnia

392 2719 483 2791 inter
499 2739 562 2791 uos
579 2715 663 2790 fiant
677 2719 714 2790 in
731 2719 928 2792 omnimoda
944 2719 1111 2816 puritate,
1136 2720 1352 2793 serenitatem
1372 2729 1468 2792 tuam
1490 2739 1652 2812 rogamus
1674 2727 1709 2791 et
1723 2740 1801 2792 mo·

391 2865 513 2916 nemus
539 2843 575 2915 in
591 2843 737 2917 Domino
758 2852 930 2938 quatenus
953 2845 1047 2916 omni
1072 2843 1213 2917 omnino
1238 2843 1436 2940 suspicione
1457 2843 1631 2940 deposita,
1651 2839 1803 2938 quodid

391 2967 595 3064 processerit
607 2967 675 3040 nisi
697 2967 742 3040 de
758 2989 852 3042 mere
866 2967 990 3064 spiritu
1011 2967 1186 3041 charitatis
1207 2969 1252 3042 de
1270 2969 1370 3041 nobis
1391 2969 1426 3040 in
1442 2969 1587 3042 veritate
1603 2945 1799 3060 conlidens,

391 3094 604 3166 voluntatem
624 3101 718 3166 tuam
743 3092 844 3166 nobis
866 3091 1104 3166 incunctanter
1126 3115 1282 3190 exponas
1302 3093 1437 3188 quoties
1460 3093 1591 3169 videris
1614 3093 1799 3190 expedire,

391 3217 453 3314 qni
466 3217 512 3290 ad
522 3218 694 3312 proiectus
707 3225 785 3289 tuos
795 3217 982 3311 irrequisiti
995 3218 1097 3290 etiam
1113 3217 1259 3292 libenter
1271 3217 1483 3292 intendimus
1494 3241 1574 3292 cum
1587 3218 1726 3292 affeetu.

439 3341 565 3412 Datum
581 3341 701 3433 Reate,
719 3340 764 3412 Vl
781 3340 948 3414 kalendas
962 3341 1121 3434 augusti,
1140 3341 1361 3438 pontificatus
1375 3341 1481 3414 nostri
1498 3361 1589 3413 anno
1601 3339 1644 3414 V.

639 3621 1524 3638 n—-ffl-——no—*u—ooe—
1535 3621 1557 3631 -

445 3853 668 3942 ludewicus
686 3859 764 3941 dux
782 3859 977 3946 bawariae
998 3872 1036 3946 et
1052 3888 1179 3946 comes
1196 3861 1387 3974 palatinus
1404 3863 1526 3946 Rheni
1552 3873 1687 3948 uotum
1713 3865 1803 3950 facit
1826 3879 2006 3990 1342„ss

393 3990 497 4098 quod
514 3989 722 4076 Eckbertus
739 3993 938 4104 episcopus
954 3995 1281 4110 babenbergensis
1300 3998 1467 4108 seipsum
1489 4009 1527 4082 et
1550 3999 1672 4084 filium
1688 4027 1800 4084 suum

395 4121 573 4206 Ottonem
591 4124 778 4210 investivit
794 4125 843 4210 de
860 4127 975 4214 feudo
988 4130 1151 4214 fratrum
1165 4132 1310 4217 Alrami
1324 4141 1362 4215 et
1375 4132 1520 4216 Alberti
1533 4134 1581 4216 de
1593 4134 1685 4218 Hols
1698 4137 1802 4245 quod

392 4254 458 4338 ille
484 4257 754 4344 sententialiter
774 4261 940 4346 obtinuit
965 4293 975 4344 ε
1000 4265 1062 4348 cui
1080 4265 1242 4378 paginae
1259 4265 1443 4350 Heuricus
1460 4267 1718 4352 Romanorum
1736 4293 1802 4352 rex

394 4413 473 4470 una
490 4415 579 4472 cum
596 4391 789 4502 Leupoldo
808 4395 981 4480 lustriae
997 4399 1094 4482 duce
1106 4407 1144 4482 et
1157 4398 1240 4482 aliis
1253 4398 1396 4483 ibidem
1414 4401 1618 4484 nominatis
1632 4401 1800 4513 sigillum

395 4545 509 4606 suum
522 4524 690 4633 apponit.

435 4789 472 4861 (t)
489 4787 550 4848 llid.
563 4805 654 4866 supra,
665 4807 695 4866 p.
709 4795 773 4864 28⁰,
786 4793 889 4853 litteren
897 4795 975 4855 datas
983 4798 1075 4872 lleate,
1088 4799 1183 4873 ttjulii,
1199 4799 1233 4857 ds
1245 4801 1323 4858 novis
1332 4799 1564 4860 mmutndonibrs
1574 4801 1695 4861 edendis.
