4702 6110
510 658 572 720 tus
1034 666 1204 728 unrurcr
1229 669 1396 730 surrrtrr
1736 666 1814 752 [ain.
1834 669 1919 730 reso.
1940 629 1947 658 ‘

560 796 742 868 Heinricus
757 796 817 870 Dei
833 797 943 892 gratia
959 799 1188 873 Romanorum
1201 823 1265 874 rex
1278 811 1313 875 et
1325 823 1461 898 semper
1478 809 1661 896 augustus,
1675 801 1847 874 universis
1859 803 1923 874 irn-

375 991 379 1000 ,
511 919 599 1016 perii
622 918 782 993 fidelibus
802 921 892 994 banc
919 921 1065 995 litteram
1083 923 1288 1020 inspecturis
1306 927 1450 1020 gratiam
1469 947 1569 999 suam
1591 933 1625 998 ct
1649 945 1751 998 omne
1774 925 1917 999 bonum.

512 1043 732 1118 Universitati
749 1056 817 1118 tam
834 1047 1044 1142 presentium
1055 1069 1161 1142 quarn
1179 1050 1371 1122 futurorum
1386 1049 1554 1122 duximus
1567 1048 1814 1122 declarandum
1826 1049 1922 1145 quod

512 1191 576 1242 nos
593 1169 639 1242 de
655 1171 872 1265 providentia
902 1172 1035 1246 consilii
1061 1175 1168 1246 nostri
1192 1175 1364 1250 universis
1380 1175 1502 1249 Judeis
1518 1175 1823 1271 Ratisponeusibus
1839 1175 1919 1248 talio

507 1295 588 1386 jura
605 1303 640 1368 et
657 1295 915 1390 libertatesque
935 1319 955 1369 a
974 1297 1099 1370 nostris
1121 1299 1397 1395 progenitoribus
1417 1309 1453 1372 et
1470 1299 1772 1395 predecessoribus
1788 1299 1921 1373 babue·
2059 1343 2061 1346 >

510 1426 591 1490 runt
606 1420 807 1492 aueoriote
828 1421 924 1512 regia
948 1421 1204 1495 confirmamus.
1227 1425 1354 1496 Dantes
1374 1424 1425 1496 eis
1446 1425 1536 1496 banc
1554 1423 1742 1496 libertatem
1760 1433 1794 1496 et
1807 1424 1867 1516 jus
1882 1436 1921 1496 ut

509 1567 633 1617 aurum
651 1553 686 1617 et
700 1554 880 1640 argentum
899 1565 1013 1618 emere
1026 1548 1176 1621 debeant
1190 1559 1224 1621 et
1235 1548 1389 1622 vendere
1407 1548 1442 1618 in
1459 1548 1598 1620 civitate
1611 1547 1867 1643 llatisponensi‚
1886 1557 1921 1621 et

508 1667 704 1740 nullatenus
721 1679 800 1742 ante
811 1669 967 1762 judicem
985 1669 1050 1741 nisi
1066 1693 1171 1765 quern
1187 1694 1233 1744 ex
1255 1681 1351 1768 parte
1368 1693 1488 1744 eorum
1508 1671 1674 1765 elegerint
1697 1679 1732 1744 et
1750 1672 1919 1768 accipient

510 1791 636 1866 debent
657 1793 693 1864 in
711 1814 852 1866 causam
874 1793 963 1867 trabi
985 1796 1041 1868 vel
1064 1796 1167 1869 alicui
1193 1797 1400 1894 respondere
1420 1805 1455 1870 et
1471 1819 1536 1870 nec
1560 1796 1705 1870 clericus
1726 1817 1791 1870 noc
1811 1797 1918 1870 laicus

508 1926 620 2014 potest
637 1919 691 1990 vel
709 1918 812 1992 debet
828 1941 849 1992 a
864 1919 983 1992 ludeis
996 1920 1130 2016 aliquid
1145 1921 1304 1994 evincere
1316 1923 1374 1994 vel
1388 1921 1580 2018 protestari,
1598 1921 1665 1992 uisi
1677 1921 1809 1995 Judeus
1823 1921 1917 1994 testi·

507 2042 624 2114 monio
637 2043 769 2116 intersit
782 2051 817 2117 et
830 2067 922 2116 unus
935 2044 980 2118 sit
992 2067 1039 2118 ex
1054 2047 1211 2119 testibus.
1230 2049 1456 2142 Quocumque
1466 2047 1558 2120 bona
1570 2046 1605 2118 in
1619 2054 1786 2142 potestate
1798 2067 1917 2118 eorum

508 2165 629 2238 decem
656 2167 755 2238 annis
782 2166 968 2241 habuerint
988 2179 1024 2242 et
1047 2170 1230 2264 tranquille
1251 2171 1472 2266 possiderunt
1491 2170 1624 2264 absque
1650 2169 1918 2244 contradictione

509 2290 692 2384 cujuslibet
712 2291 933 2386 postmodum
954 2293 1182 2388 possidebunt
1199 2303 1235 2368 et
1256 2294 1447 2368 habebunt.
1470 2293 1676 2368 Mandemus
1697 2315 1780 2388 ergo
1801 2301 1836 2366 et
1851 2292 1918 2365 sub

509 2435 597 2508 pena
613 2415 728 2508 gracie
750 2426 865 2489 nostro
882 2416 1036 2490 districte
1054 2418 1265 2514 precipimus
1285 2428 1325 2489 ut
1340 2418 1456 2490 nullus
1471 2419 1516 2490 sit
1529 2418 1590 2514 qui
1608 2439 1698 2514 ausu
1713 2417 1839 2492 ductus
1859 2426 1917 2490 te-

508 2540 654 2612 merario
678 2540 819 2636 prelatis
843 2541 961 2614 ludeis
982 2542 1216 2636 suprascripte
1230 2544 1309 2634 jura
1335 2551 1370 2614 et
1389 2541 1563 2616 libertates
1585 2542 1771 2636 intringere
1790 2541 1917 2616 audeat

506 2673 566 2737 aut
582 2665 729 2758 alicujus
747 2666 877 2760 ingenii
896 2669 1061 2764 scrupulo
1076 2668 1289 2763 perturbare.
1309 2667 1413 2754 Quod
1425 2668 1486 2762 qui
1503 2667 1657 2740 reuerita
1680 2675 1795 2738 nostra
1807 2665 1916 2760 gratia

505 2799 558 2862 ost
581 2789 759 2862 exclusus.
779 2789 835 2863 Ad
856 2791 957 2882 cujus
976 2792 1079 2864 etiam
1108 2793 1187 2864 lecti
1211 2791 1318 2864 nostri
1339 2792 1445 2865 robur
1469 2792 1702 2888 inposterum
1727 2791 1914 2864 valiturum

391 2888 396 2898 ’
506 2933 646 3006 presens
664 2912 884 3010 privilegium
900 2914 1070 2986 consentu
1086 2915 1249 3010 elegito
1268 2916 1561 3010 nosnojussrmus
1577 2915 1747 3012 insigniri.

554 3039 678 3108 Datum
696 3037 791 3133 apud
805 3039 1000 3133 Nuruberg,
1020 3061 1111 3112 anuo
1129 3040 1302 3113 dominice
1322 3041 1566 3112 incarnationis
1583 3041 1764 3114 millesimo
1780 3037 1915 3114 duceu-

507 3159 628 3233 tesimo
644 3163 828 3254 tricesimo,
849 3163 878 3234 ll
893 3163 1059 3236 kalendas
1070 3163 1162 3258 julii,
1180 3165 1369 3238 indictione
1383 3164 1498 3237 tercia.

1451 3469 1556 3477 ...n-n·-
1559 3468 1627 3477 -----
1629 3467 1679 3476 -ιι

308 3770 475 3883 W‘fflro
557 3755 741 3838 Henricus
767 3755 1027 3839 Romanorum
1054 3782 1121 3839 rex
1150 3755 1374 3840 sententiam
1410 3753 1629 3864 promulgat
1658 3779 1680 3834 a
1711 3750 1914 3862 Peregriuo

505 3887 642 3973 abbate
665 3891 713 3972 de
734 3887 935 4000 Wilzburg
949 3914 1079 3972 coram
1105 3917 1145 3972 se
1166 3889 1387 3974 obtentam:
1409 3899 1452 3972 ut
1468 3888 1570 3972 bona
1584 3888 1624 3970 in
1640 3887 1813 3972 Rudereu
1831 3883 1913 3994 ejus

502 4023 732 4110 monasterio
746 4023 892 4108 ratione
905 4021 1148 4134 obligationis
1161 4021 1325 4107 debeant
1337 4021 1537 4106 deservire.

585 4237 675 4317 (tart.
690 4241 722 4298 ln
736 4223 866 4312 Scuoru,
885 4239 968 4318 corp.
980 4237 1078 4300 dictor.
1092 4237 1270 4315 Brondeod„
1280 4235 1396 4320 Syllopc
1410 4247 1459 4312 to,
1469 4255 1503 4298 nr
1516 4243 1604 4311 anet
1616 4254 1664 4315 ap.
1677 4237 1808 4298 Monam.
1818 4235 1909 4304 uoto„

620 4354 644 4408 t.
657 4346 752 4420 XXX,
764 4363 833 4424 pars
849 4355 889 4420 1¹,
902 4363 934 4424 p.
950 4357 1018 4420 too,
1030 4359 1063 4406 u‘
1077 4355 1147 4422 ott,
1158 4365 1196 4408 ex
1209 4347 1345 4426 orlglnall
1357 4345 1437 4408 unde
1449 4345 1577 4426 sigillum
1590 4345 1736 4423 appendet
1748 4359 1785 4404 ex
1798 4341 1857 4404 dlis
1867 4359 1911 4402 se·

619 4453 1130 4538 mmwwmmlh
1260 4509 1264 4517 .

548 4643 590 4713 ll.
611 4640 673 4714 Ilei
695 4641 803 4735 gratia
830 4641 1061 4713 Romanorum
1082 4661 1146 4713 rex
1167 4649 1203 4713 et
1217 4661 1355 4736 semper
1374 4651 1559 4734 augustus,
1581 4637 1753 4712 universis
1774 4637 1907 4732 imperii

499 4764 660 4840 fidelibus
676 4765 806 4860 quibus
821 4787 963 4862 presens
980 4765 1089 4838 littera
1114 4765 1215 4838 luerit
1231 4775 1367 4839 ostensa
1387 4765 1531 4858 gratiam
1553 4786 1652 4838 suem
1672 4773 1707 4836 et
1724 4781 1828 4834 omne
1846 4761 1907 4832 bo·
