4702 6110
551 535 611 598 438
1078 551 1250 616 HENlllCl
1276 555 1444 619 SEPl'llll
1776 561 1854 639 [tlrr.
1875 563 1961 628 123⁰.

552 672 736 748 nisteriulis
759 675 896 772 imperii
925 679 961 752 in
991 691 1341 782 recompensationem
1373 693 1573 766 Treverousi
1604 695 1749 768 ecclesie
1774 695 1887 770 cedat.
1919 697 1965 770 Ut

551 807 667 870 autem
682 797 727 872 de
744 799 837 876 bona
851 805 1029 880 voluntate
1049 819 1164 886 nostra
1183 824 1217 887 et
1234 817 1413 890 memorati
1430 817 1680 915 archiepiscopi
1703 821 1793 894 lacta
1808 839 1965 894 commu·

549 921 633 994 tatic
650 925 849 1000 omnimodo
870 949 1007 1026 semper
1024 936 1175 1026 gaudeat
1186 938 1371 1014 stabilitate
1388 950 1424 1014 et
1439 941 1731 1016 iucommutabilis
1750 955 1961 1039 perseveret,

550 1068 614 1142 pro
642 1049 956 1148 utriusquepartis
981 1061 1163 1134 securitate
1191 1064 1389 1158 plenissima
1415 1066 1505 1140 buno
1530 1067 1662 1142 exinde
1684 1067 1848 1164 paginam
1874 1090 1964 1142 con·

550 1171 713 1268 scriptam
731 1175 834 1270 sigilli
859 1179 965 1252 nostri
984 1191 1156 1258 caractere
1170 1187 1339 1279 jussimus
1361 1192 1589 1281 communiri;
1609 1201 1799 1266 statuentes
1814 1203 1850 1266 et
1865 1195 1977 1288 ragno

549 1294 703 1370 districte
725 1301 952 1396 precipientes
973 1305 1087 1380 edicto
1107 1318 1146 1380 ot
1163 1312 1248 1384 nulli
1273 1336 1415 1410 prorsus
1436 1337 1584 1412 persona
1602 1319 1852 1413 cujuscumque
1873 1339 1962 1392 con·

549 1421 692 1495 ditionis
710 1423 811 1498 liceat
829 1431 1068 1504 concambium
1089 1433 1177 1508 illud
1195 1437 1312 1531 aliquo
1326 1439 1556 1536 improbitatis
1573 1463 1662 1514 ausu
1682 1443 1776 1516 dicto
1792 1452 1854 1516 aut
1871 1443 1962 1518 lacto

548 1566 684 1620 caesare
707 1558 741 1622 et
768 1549 850 1622 huic
873 1551 1124 1629 confirmationi
1147 1571 1264 1634 nostre
1292 1571 1419 1638 temere
1444 1565 1599 1639 obviare.
1629 1565 1731 1651 Quod
1759 1566 1822 1662 qui
1849 1567 1962 1640 lacere

547 1673 808 1767 presumpserit,
826 1677 921 1772 regie
937 1679 1158 1756 sublimitatis
1173 1685 1259 1758 iram
1276 1697 1312 1760 et
1327 1709 1469 1782 gravem
1487 1689 1653 1762 offensam
1668 1711 1707 1764 sc
1720 1711 1790 1764 non
1808 1690 1963 1786 ambigat

547 1815 780 1870 recursurum.

597 1921 707 2012 Hujus
723 1922 803 1994 lacti
826 1933 929 1998 testes
952 1939 1034 2002 sunt
1047 1931 1195 2006 sifridus
1212 1934 1468 2032 llutisponensis
1481 1939 1664 2036 episcopus
1679 1939 1868 2036 imperialis
1882 1939 1962 2016 autc

548 2046 773 2118 cancellarius
790 2045 857 2142 (l),
879 2049 1028 2127 Silridus
1043 2056 1267 2152 Maguutinua
1284 2063 1415 2135 electus
1429 2060 1495 2158 (2),
1511 2073 1546 2136 et
1562 2063 1620 2136 alii
1635 2065 1870 2159 quamplures.

594 2169 718 2238 Datum
744 2171 840 2266 apud
868 2173 1115 2267 Wormaeiam,
1141 2203 1232 2256 euno
1256 2184 1500 2259 incarnationis
1528 2187 1700 2262 dominice
1724 2187 1957 2274 Μ.Ο(].ΧΧΧ,

544 2291 592 2364 XI
607 2292 769 2367 calendas
782 2296 944 2388 ianuarii.

452 2887 486 2930 ¹⁶·
600 2865 689 2950 Otto
702 2867 907 2950 cardinalis
922 2867 1095 2952 eDeciae
1108 2871 1280 2980 partibus
1295 2871 1493 2957 Coloniam
1506 2872 1661 2956 veniens
1674 2871 1815 2956 ibidem
1833 2871 1958 2956 Nutu-

544 2999 620 3082 lem
642 3000 793 3083 llomini
812 3000 978 3084 celebrat
1003 3002 1249 3112 solempniter
1273 3015 1470 3115 susceptus
1496 3016 1534 3088 et
1555 3006 1765 3089 honoratus
1779 3003 1959 3118 (5).1one

579 3305 616 3380 (t)
635 3307 711 3363 Tunc
721 3307 809 3382 prima
820 3307 880 3364 vice
893 3306 1081 3366 cancellarium
1093 3309 1168 3367 ltalia
1187 3325 1325 3368 reversum
1337 3311 1451 3368 incuria
1467 3309 1548 3385 reguli
1562 3317 1712 3368 morantem
1723 3309 1881 3367 invenimus.
1896 3307 1958 3366 Non

542 3403 720 3462 dubitandum
739 3405 806 3478 quin
825 3405 930 3462 consilii
951 3406 1096 3480 imperialis
1112 3405 1192 3480 plene
1213 3407 1339 3466 conscius
1356 3409 1483 3466 mandata
1497 3408 1619 3466 retulerit
1630 3407 1730 3482 quibus
1746 3423 1795 3464 rex
1809 3407 1899 3480 iunior
1910 3405 1958 3464 de·

543 3502 631 3561 buerit
641 3502 790 3560 intendere.
806 3502 874 3560 Cum
886 3503 944 3577 ejus
955 3503 1072 3562 adventu
1086 3511 1132 3562 aut
1145 3505 1226 3580 paulo
1238 3513 1299 3580 post
1311 3503 1373 3563 finis
1383 3505 1486 3563 dissidii
1500 3505 1663 3576 leodiensis,
1677 3503 1826 3580 pacificatio
1836 3503 1959 3562 Alcman·

541 3603 615 3672 niae,
626 3601 687 3675 jura
700 3601 870 3659 dominorum
882 3608 975 3660 contra
989 3603 1114 3662 civitates
1125 3603 1238 3675 firmata,
1252 3603 1373 3678 aliaeque
1386 3604 1458 3678 leges
1472 3604 1587 3678 genardi
1601 3604 1741 3662 commodo
1754 3603 1882 3678 perutiles
1894 3617 1957 3660 con·

543 3700 654 3758 condere
662 3699 797 3758 videntur.

576 3797 611 3872 (Ξ)
629 3797 697 3856 Cum
711 3798 776 3855 satis
788 3804 957 3873 compartmn
977 3798 1125 3857 babeamus
1148 3799 1276 3857 Silridum
1295 3799 1317 3856 ll
1337 3799 1567 3874 archiepiscopum
1585 3798 1770 3872 llugrtutinum
1784 3801 1801 3858 5
1815 3797 1875 3856 idus
1887 3813 1958 3872 sap-

542 3897 626 3955 temb.
642 3899 712 3956 ttsn
725 3895 826 3954 obiisse
841 3895 1378 3972 (or.cnrcntc.1trtorn.ap.sonnrnnr,
1395 3897 1527 3964 lindam„
1542 3897 1570 3967 1,
1583 3913 1611 3972 p.
1624 3896 1688 3972 92),
1704 3913 1738 3956 ex
1749 3896 1802 3954 boc
1814 3893 1958 3970 diplomate

542 4009 623 4068 quam
636 3993 814 4068 liquidissime
827 3999 902 4068 patet
915 3993 1043 4052 Sibidum
1058 3995 1092 4050 lll
1105 4001 1199 4069 patruo
1211 4011 1270 4066 suo,
1282 4011 1335 4052 uon
1347 4009 1444 4070 magno
1459 3994 1618 4073 interposito
1632 3993 1783 4066 interuallo,
1797 3991 1958 4052 demnas

541 4098 570 4150 et
584 4091 739 4149 cathedram
750 4091 802 4148 sub
817 4092 938 4165 ejusdem
950 4091 1013 4149 anni
1028 4091 1108 4150 finem
1123 4089 1321 4149 conscendisse.

578 4189 615 4263 (3)
634 4187 676 4246 nd
688 4187 900 4246 continuandum
909 4205 990 4263 quern
1002 4189 1131 4264 elegimus
1141 4207 1232 4248 rerum
1246 4190 1382 4261 ordinem,
1396 4191 1460 4247 satis
1469 4189 1640 4246 commodum
1649 4187 1800 4264 sopraebet
1809 4186 1954 4256 Senam,

540 4285 644 4344 Anasi.
655 4285 780 4358 ronan,
796 4293 818 4344 t.
829 4287 867 4359 11,
883 4303 912 4361 p.
925 4289 953 4358 7,
968 4287 1132 4360 italorum,
1149 4305 1203 4346 non
1217 4289 1334 4346 indicato
1345 4288 1428 4358 fonte,
1441 4286 1490 4344 sed
1501 4287 1682 4344 verisimiliter
1693 4286 1868 4344 Godeln'dum
1881 4299 1956 4344 com-

543 4391 666 4442 mentans
685 4401 692 4438 ι
709 4405 723 4435 u
739 4383 781 4440 Ad
800 4383 870 4440 bano
892 4399 986 4458 pacem
1007 4384 1126 4458 (scilicet
1143 4385 1221 4442 istem
1239 4385 1309 4460 apud
1333 4385 1461 4442 Sanctum
1478 4383 1643 4442 Germanum
1665 4382 1772 4456 initam)
1792 4383 1820 4440 lu
1842 4381 1955 4456 imperio

543 4502 557 4536 a
572 4481 803 4558 promulgandam,
816 4481 879 4540 otto
887 4482 1030 4540 cardinalis
1039 4482 1140 4556 legatus
1150 4482 1286 4540 Coloniam
1298 4482 1412 4540 accessit
1423 4497 1519 4556 magno
1528 4483 1646 4539 omniurn
1658 4481 1757 4540 civium
1765 4480 1863 4554 gaudio
1872 4479 1955 4536 bono·

543 4577 931 4654 irincentiasimostrsceptus;
945 4579 991 4637 ubi
1012 4587 1041 4638 et
1058 4581 1288 4654 nquisgranenses
1303 4579 1338 4638 ob
1355 4579 1501 4654 superioris
1520 4579 1584 4637 anni
1605 4578 1775 4638 insolentiam
1795 4577 1823 4634 in
1843 4576 1954 4652 gratiam

544 4695 558 4729 a
572 4677 676 4752 recepti
695 4683 767 4735 suut.
788 4695 802 4732 r
817 4676 857 4736 Cl.
875 4693 972 4753 supra,
987 4693 1017 4752 p.
1033 4680 1083 4737 ton
1098 4684 1127 4735 et
1146 4679 1213 4749 tol,
1228 4683 1284 4736 not.
1300 4681 1326 4734 t.
