4642 6106
340 658 436 720 une.
453 655 497 740 a]
794 653 990 716 ursrorua
1014 618 1304 716 nrrnouor‘rcn.
1685 653 1746 714 noo

418 791 648 866 <Memorat.·ap.
664 787 833 861 Anrmom,
857 788 979 850 Memor.
993 783 1070 868 dccii
1087 785 1231 863 Abi-uui,
1259 795 1283 850 t.
1301 789 1347 864 ii,
1370 804 1402 866 p.
1422 797 1472 850 9².
1486 819 1527 836 -
1546 788 1593 851 ci.
1608 787 1693 850 lircc.
1709 805 1749 848 nn

460 899 493 959 S.
508 897 622 970 Genu„
635 891 766 956 cume.
776 892 818 956 cd
828 899 914 970 auo.)

388 1059 514 1132 Datum
545 1057 581 1128 in
615 1057 734 1130 castus
772 1078 877 1152 prope
916 1055 1131 1150 Anagniam,
1172 1077 1264 1129 anno
1297 1056 1470 1130 dominice
1505 1055 1749 1128 iucamaticnis

340 1182 563 1274 M.CC.XXX,
586 1179 719 1280 [mense
732 1179 949 1276 septembri]
966 1179 1153 1254 indictione
1166 1181 1223 1252 lV.

395 1719 603 1828 imperator
618 1744 642 1799 a
657 1743 757 1827 papa
770 1717 966 1800 discedens
981 1717 1042 1799 die
1061 1716 1237 1799 mercurii
1254 1717 1434 1826 applicuit
1451 1717 1513 1800 die
1526 1716 1625 1828 jovis
1649 1722 1750 1829 apud
1775 1718 1954 1824 ’ξξῇῃῗζξζξῗ

343 1853 525 1934 Sanctum
548 1851 799 1954 Germanum,
816 1849 980 1960 indeque
996 1849 1193 1932 discedens
1208 1859 1294 1958 post
1319 1850 1523 1960 prandium
1548 1849 1620 1934 sub
1644 1851 1750 1934 celc-
1784 1828 1942 1880 ⁵⁵⁰⁹“mb'¹⁸'

342 1985 452 2068 ritate
476 2010 516 2066 se
540 1983 709 2092 Capuam
732 1981 914 2088 contulit,
942 1982 1077 2064 exinde
1103 2007 1234 2064 uersus
1262 1981 1466 2092 Melphiam
1497 1982 1747 2092 prolecturus.

342 2119 441 2202 Rrec.
463 2144 507 2198 nu
526 2117 567 2198 S.
590 2117 728 2222 Genu,
752 2117 921 2200 chronic.
942 2120 993 2198 od
1015 2144 1102 2198 coo.

397 2683 627 2788 Fridericua,
657 2681 915 2765 Romanorum
942 2679 1170 2786 imperator,
1199 2677 1248 2760 ad
1276 2677 1589 2788 supplicationem
1622 2683 1749 2765 fratris
1808 2682 1921 2828 “pisti

345 2815 551 2900 Hermanni
566 2815 614 2897 dc
629 2813 811 2924 Pcrigord
825 2813 964 2895 domus
979 2811 1124 2920 Templi
1138 2811 1178 2892 in
1193 2811 1369 2895 Siciliact
1384 2812 1558 2896 Calabria
1573 2842 1750 2926 praccep-
1795 2788 1932 2895 illidii:

344 2951 436 3034 toris
449 2947 705 3059 possessiones
714 2945 1015 3055 Templariorum
1030 2945 1069 3026 in
1083 2944 1299 3026 tenimentis
1313 2945 1482 3053 Lanuini,
1494 2947 1747 3056 PetemioniS‚

344 3085 522 3188 Buterne,
543 3080 751 3192 Syracusae
769 3089 806 3160 et
824 3077 992 3190 Aydonis
1004 3077 1114 3188 juxta
1131 3077 1328 3188 privilegia
1347 3105 1370 3160 a
1387 3079 1544 3162 diversis
1560 3081 1751 3165 nobilibus

343 3216 467 3300 eidem
484 3211 614 3298 domui
633 3211 781 3294 indulta
797 3211 1009 3294 confirmat.

424 3401 528 3476 (Edu.
543 3401 581 3462 li.
597 3402 727 3472 Prnaus,
743 3399 833 3462 thit.
850 3395 954 3460 Prior.
978 3397 1107 3460 dimac.
1123 3417 1173 3477 ap.
1189 3395 1266 3459 sicil.
1280 3415 1375 3478 mcc„
1393 3405 1467 3460 tom.
1483 3401 1530 3473 11,
1545 3417 1576 3476 p.
1593 3409 1670 3476 9³63
1688 3419 1748 3464 non

464 3507 591 3568 indicato
601 3506 695 3580 ionic,
705 3506 757 3566 sed
767 3507 963 3566 verisimiliter
973 3522 990 3566 c
1001 3506 1130 3584 quodam
1139 3506 1244 3584 coplali
1253 3507 1406 3566 recentiori
1416 3505 1491 3566 libro
1504 3505 1557 3567 ubi
1565 3509 1748 3586 privilegium

464 3615 665 3676 authenticum
678 3614 764 3690 quasi
778 3611 834 3672 sub
846 3613 1024 3672 narrationis
1041 3617 1071 3672 ct
1083 3611 1247 3690 compendii
1259 3611 1355 3672 forma
1365 3613 1463 3672 mium
1477 3621 1604 3674 correcte
1616 3614 1750 3675 rescribi·

463 3728 522 3784 tur.
545 3721 622 3780 Edit
644 3735 761 3798 quoque
781 3718 838 3779 sub
856 3719 958 3780 eadem
978 3718 1072 3778 iormn
1089 3734 1139 3794 ap.
1159 3718 1266 3778 Durur
1280 3717 1494 3790 silicernos,
1510 3719 1586 3780 ilict.
1602 3715 1651 3779 dcc
1667 3720 1750 3780 Tem·

459 3821 564 3904 picra,
577 3843 613 3906 p.¹
624 3821 702 3902 1⁴8.)

351 3982 621 3994 —--··-·-—--.-.—

346 4058 493 4116 »obsidem
512 4063 633 4115 tenuem
652 4057 806 4130 imperator.
822 4085 860 4098 -
877 4055 962 4130 [iulio
979 4062 1095 4114 exeunte
1109 4055 1201 4132 ltili]
1215 4057 1369 4128 'trajectum
1382 4071 1415 4113 ac
1425 4058 1536 4130 sugium
1548 4060 1751 4118 concomitata

346 4176 360 4209 n
376 4155 503 4213 Fundano
514 4155 606 4213 comiti
619 4153 732 4228 iiogeric
749 4153 783 4210 de
796 4152 890 4227 Aquila
905 4153 1061 4224 restituitur,
1075 4154 1234 4228 imperaturo
1252 4154 1403 4212 mandante.
1422 4173 1436 4206 n
1452 4155 1525 4211 mon.
1545 4171 1581 4212 nn
1597 4155 1626 4213 S.
1646 4157 1748 4228 Genu,

347 4254 474 4314 chronic.
483 4283 517 4296 -
525 4253 578 4311 iste
586 4252 658 4310 idem
664 4256 706 4308 est
713 4266 746 4308 ac
754 4250 880 4324 liugerius
887 4250 922 4306 de
932 4249 1027 4322 Aquila
1037 4249 1126 4308 dictus
1137 4267 1221 4307 cumea
1228 4249 1349 4308 Auritina·
1358 4257 1383 4307 ct
1390 4250 1516 4309 dominus
1528 4252 1627 4310 cocciis
1636 4253 1751 4310 Selaco-

344 4367 407 4409 rum
421 4350 448 4408 in
461 4349 599 4426 privilegio
610 4348 737 4406 Frldcrici
749 4347 915 4420 imperatoria
928 4363 976 4421 pro
987 4347 1148 4404 monasterio
1158 4347 1258 4404 liontis
1267 4346 1384 4420 Virginis
1399 4347 1462 4420 (vid.
1478 4363 1560 4422 supra
1573 4365 1601 4423 p.
1613 4349 1685 4422 tro).
1701 4351 1751 4420 Qui

345 4448 426 4506 etiam
436 4456 600 4505 memoratur
613 4462 658 4520 ap.
670 4445 839 4516 Quorsum,
853 4444 921 4502 Deli·
939 4446 1048 4518 inceptu
1062 4443 1101 4500 do’
1114 4442 1215 4515 coditi,
1233 4460 1262 4518 p.
1278 4447 1329 4515 96,
1345 4446 1484 4504 occasione
1498 4447 1649 4506 donationis
1663 4451 1753 4521 cujus·

346 4545 408 4602 dam
424 4543 561 4604 monachis
572 4543 663 4602 Sancti
676 4543 807 4602 Guilielmi
822 4542 906 4600 acuo
922 4557 984 4598 cum
997 4540 1048 4598 hoc
1064 4541 1157 4599 titulo:
1173 4541 1255 4616 «ligo
1269 4541 1398 4616 liogerius
1410 4543 1445 4600 de
1457 4543 1553 4616 Aquila
1569 4561 1660 4603 comes
1677 4546 1753 4604 dvei-

348 4641 424 4697 »lini
443 4648 472 4698 et
487 4640 611 4697 dominus
629 4639 722 4698 casalis
741 4639 906 4709 sclavorum,
922 4643 986 4708 etc,
1005 4637 1153 4712 imperante
1166 4639 1293 4696 Fedcrioo
1310 4655 1381 4696 anno
1393 4640 1496 4714 imperii
1509 4642 1569 4714 ojus
1582 4643 1604 4700 li
1624 4643 1751 4716 (inpii),

348 4757 364 4792 n
379 4739 451 4812 regni
465 4737 696 4798 Hierusalemvct
705 4737 793 4794 Sicilie
810 4736 927 4793 xxxiii
937 4735 1150 4810 (scilicetmense
1163 4736 1234 4794 maio
1247 4735 1290 4794 vei
1299 4735 1418 4810 juniol.»
