4658 6132
651 611 709 672 loo
1145 612 1357 674 nntbnalct
1382 613 1557 676 sactum
1866 617 1945 702 [dua.
1963 619 2047 684 1229.

647 743 941 826 construendam
954 743 1142 827 civitatem
1155 745 1210 827 eis
1223 745 1394 830 concedit
1408 746 1479 830 sub
1496 747 1606 830 certis
1619 747 1897 834 conditionibus
1912 751 2050 836 ibidem

648 900 847 984 cupressu.

726 1089 849 1168 (lnedlt.
864 1105 903 1150 ax
915 1089 1034 1168 llagast.
1046 1087 1166 1168 Gragor.
1180 1105 1251 1150 ann.
1262 1091 1319 1170 111,
1332 1101 1365 1152 ιιο
1379 1100 1428 1165 ιι,
1441 1093 1473 1152 tn
1484 1092 1597 1153 collect
1613 1091 1732 1154 Blbllot.
1746 1093 1854 1173 rub)

697 1274 891 1368 Gregorius,
913 1283 995 1366 etc,
1014 1274 1186 1348 universis
1208 1277 1345 1372 populis
1363 1299 1423 1370 per
1435 1278 1648 1351 Amiternum
1666 1289 1701 1351 et
1721 1281 1909 1352 Furconam
1929 1281 2054 1352 consti·

648 1399 729 1470 tulis
752 1419 793 1470 ac
816 1399 852 1468 in
875 1397 1039 1470 fidelitate
1053 1407 1087 1472 et
1103 1399 1288 1474 devotione
1305 1401 1399 1474 sedis
1414 1403 1598 1496 apostolice
1612 1403 1893 1494 consistentibus,
1910 1411 1976 1476 etc.
1996 1403 2053 1475 Di·

651 1522 730 1594 lacti
745 1520 820 1609 lilii,
837 1521 963 1594 nobilis
975 1522 1030 1594 vir
1047 1522 1157 1596 Lucas
1173 1523 1218 1597 do
1231 1525 1389 1615 Pratum,
1412 1527 1549 1598 Simeon
1569 1527 1762 1621 prepositus
1782 1527 1891 1599 sancti
1916 1527 2051 1618 tustini,

650 1643 818 1740 presbiter
840 1644 1012 1718 lohannes
1036 1647 1217 1742 Stephani,
1244 1647 1439 1722 Goellerius
1457 1649 1643 1744 Ragnaldi,
1671 1651 1701 1722 J.
1726 1649 1771 1722 da
1797 1651 1916 1738 Petro,
1945 1651 1985 1724 Β.
2012 1649 2054 1724 da

650 1778 767 1842 sancto
785 1770 951 1842 Palumbo
977 1779 1013 1842 at
1036 1771 1093 1842 alii
1114 1771 1226 1842 nuntii
1245 1771 1350 1844 vestri
1372 1771 1556 1844 adsedem
1578 1773 1798 1867 apostolicam
1814 1773 1992 1848 venientes
2007 1775 2054 1846 la·

648 1893 789 1964 mentati
807 1900 888 1963 sunt
900 1893 1165 1988 lacrymabiliter
1179 1915 1294 1966 coram
1309 1895 1411 1967 nobis
1423 1895 1630 1990 exponendo
1644 1897 1879 1970 tribulationes
1898 1897 2054 1969 innume-

652 2037 708 2086 ras
725 2025 759 2086 et
776 2013 1024 2087 amaritudines
1042 2015 1194 2088 infinitas
1215 2018 1344 2111 quibus
1365 2018 1531 2090 hactenus
1547 2020 1584 2092 F.
1605 2019 1719 2092 dictus
1742 2019 1925 2116 imperator
1944 2021 2006 2093 Dei
2024 2028 2056 2093 at

653 2139 804 2212 Ecclesia
819 2139 980 2210 inimicus
995 2161 1058 2235 per
1075 2141 1249 2216 ministros
1266 2165 1348 2216 suos
1359 2143 1551 2216 immaniter
1565 2165 1628 2216 vos
1644 2143 1780 2234 afflixit,
1797 2145 1858 2238 qui
1873 2153 1988 2240 prater
2007 2163 2056 2215 ro·

657 2261 771 2357 pinam
800 2261 967 2335 bonorum
994 2273 1185 2336 vastrorum
1200 2265 1236 2336 in
1254 2266 1382 2359 quibus
1403 2265 1626 2360 prodigaliter
1644 2267 1894 2340 debacchantes
1912 2275 1947 2339 at
1970 2287 2057 2338 cras-

659 2395 772 2458 santes
798 2385 918 2482 iniqoe
940 2387 1004 2460 vix
1026 2388 1128 2460 vobis
1149 2389 1279 2460 victum
1297 2399 1434 2462 tenuem
1454 2389 1706 2484 relinquebant,
1724 2400 1835 2484 prater
1854 2389 2013 2484 angarias
2028 2397 2058 2462 at

657 2511 875 2606 parangarias
890 2512 1019 2606 quibus
1033 2533 1096 2584 vos
1107 2513 1347 2608 opprimebant
1364 2533 1434 2584 non
1452 2513 1541 2584 sicut
1559 2513 1683 2586 liberos
1697 2511 1761 2584 sed
1775 2522 1815 2582 ut
1830 2533 1961 2603 servos,
1984 2531 2058 2606 pra·

657 2643 708 2706 tar
723 2635 874 2708 ludibria
891 2645 925 2708 et
942 2637 1085 2708 verbera
1108 2635 1237 2730 quibus
1258 2657 1321 2709 vos
1344 2636 1480 2708 afficere
1503 2659 1565 2731 pro
1590 2637 1724 2710 modico
1748 2637 1964 2730 reputabant,
1986 2657 2058 2732 per-

657 2777 759 2830 sonas
779 2767 910 2831 vestras
931 2769 1000 2831 tam
1020 2759 1221 2832 clericorum
1243 2783 1348 2854 quam
1378 2760 1560 2849 laicorum,
1584 2760 1646 2832 Dei
1675 2759 1793 2832 timore
1820 2759 2008 2856 postposito
2028 2767 2060 2830 et

657 2879 808 2954 Emissis
819 2883 1010 2956 reverantia
1027 2883 1208 2978 vilipensa,
1223 2883 1455 2977 multipliciter
1472 2883 1680 2972 cruciarunt,
1705 2883 1790 2955 alios
1805 2881 2058 2978 suspendendo,

658 3003 743 3076 alios
771 3005 985 3096 excecaodo,
1012 3007 1088 3078 aliis
1112 3003 1209 3079 aliter
1234 2988 1446 3102 inter'emptis
1475 3016 1511 3078 at
1535 3006 1611 3078 aliis
1635 3007 1730 3080 aliter
1750 3006 1927 3078 mutilatis.
1952 3007 2062 3092 Quare

659 3126 742 3199 dicti
756 3129 866 3200 nuntii
881 3151 927 3200 ex
945 3139 1039 3222 parte
1055 3139 1170 3202 vestra
1184 3130 1284 3204 nobis
1297 3152 1378 3201 cum
1392 3151 1526 3202 summa
1541 3129 1704 3202 instantia
1721 3129 1958 3225 supplicarunt
1969 3127 2063 3203 ohse-

659 3259 793 3323 crontes
809 3235 843 3323 at
857 3251 1055 3344 adjurantes
1069 3275 1130 3348 per
1144 3275 1269 3325 noman
1285 3253 1422 3325 Domini
1438 3255 1521 3326 lesu
1538 3252 1661 3325 Christi
1678 3261 1717 3324 ut
1730 3274 1810 3324 cum
1825 3274 1888 3326 vos
1905 3263 1941 3326 et
1961 3263 2063 3326 terras

659 3383 789 3448 vestras
811 3375 857 3448 de
880 3377 958 3467 juro
980 3397 1020 3447 ac
1037 3376 1241 3471 proprietate
1255 3397 1396 3449 romane
1416 3375 1568 3448 Ecclesia
1589 3383 1720 3448 constat
1740 3397 1817 3449 ossa
1829 3376 1882 3470 (l)
1898 3385 1934 3450 et
1953 3385 2064 3472 puteat

658 3499 754 3594 quod
780 3499 892 3570 dictus
917 3499 955 3570 F.
982 3499 1194 3572 feudatarius
1217 3499 1323 3572 feudo
1349 3499 1461 3572 taliter
1480 3497 1656 3572 abutendo
1673 3519 1715 3570 eo
1736 3498 1861 3594 privari
1884 3501 2060 3589 meruerit,

659 3643 860 3718 quanquam
875 3623 920 3694 sit
939 3645 986 3694 en
1009 3623 1086 3695 aliis
1105 3623 1220 3696 causis
1245 3625 1322 3719 ipso
1341 3623 1420 3714 jure
1437 3621 1605 3718 privatus,
1625 3621 1793 3716 angustiis
1811 3621 1935 3694 vestris
1952 3621 2065 3695 debito

659 3745 903 3842 compatientes
916 3745 1040 3818 ellectu
1054 3767 1099 3818 ne
1112 3745 1258 3840 sanguis
1270 3755 1384 3820 vester
1398 3745 1443 3820 da
1455 3746 1581 3816 nostris
1595 3745 1756 3818 manibus
1770 3743 2066 3839 aDominoreqni-

659 3879 766 3960 ratur,
787 3868 834 3942 ad
848 3869 1084 3941 liberationem
1099 3879 1246 3942 vestram
1273 3868 1451 3942 intendere
1471 3867 1706 3962 dignaremur,
1723 3889 1786 3940 vos
1802 3867 1847 3940 ad
1868 3865 2064 3939 demanium

660 3993 811 4064 Ecclesia
830 3989 1025 4064 revocando
1045 4001 1079 4064 et
1100 3993 1213 4064 locum
1227 3991 1345 4063 Acculi
1363 3987 1416 4086 (2)
1435 3989 1482 4062 ad
1498 3988 1764 4063 construendam
1778 3989 1951 4062 civitatem
1963 3989 2063 4064 vobis

698 4353 731 4427 (l)
749 4353 877 4410 Praeter
866 4367 912 4424 Jus
923 4367 1002 4408 suum
1015 4353 1138 4425 generale
1150 4367 1233 4426 super
1247 4365 1359 4424 ιοςιιιιιιι
1372 4349 1539 4421 universum,
1546 4349 1569 4407 si
1579 4355 1669 4406 tamen
1684 4348 1797 4406 insulam
1811 4349 1928 4406 Siciliam
1942 4348 2067 4422 excipias,

664 4450 735 4508 aliud
746 4449 864 4522 speciale
876 4449 930 4505 sihi
944 4463 1056 4506 romana
1067 4448 1187 4508 Ecclesia
1198 4447 1360 4506 vendicabat
1371 4463 1452 4522 super
1469 4447 1611 4506 comitatus
1623 4447 1755 4504 Amiterni
1767 4453 1795 4505 at
1805 4447 1934 4504 Furconis
1945 4463 1979 4504 cx
1991 4445 2069 4504 dona·

665 4546 783 4604 tionibus
795 4545 901 4602 ottonis
913 4545 993 4620 primi
1007 4562 1069 4602 ann.
1083 4549 1135 4604 962
1148 4554 1176 4603 et
1187 4545 1488 4603 Henricisacundiann.
1500 4547 1579 4602 tort.
1588 4545 1628 4603 Cl.
1638 4545 1823 4614 Grusrruuru,
1830 4543 1938 4601 litator.
1949 4541 2068 4618 propre(

577 4637 579 4642 ’
666 4643 791 4716 dalrapn.
806 4639 837 4697 dt
851 4642 937 4716 Nep,
948 4647 968 4698 ι.
984 4642 996 4698 Ι
999 4659 1045 4716 ,.p
1056 4641 1436 4717 transtuleramus.

702 4738 737 4813 (ι)
757 4737 839 4796 adast
853 4737 886 4796 da
900 4754 930 4796 rc
942 4739 1035 4797 eadem
1052 4737 1105 4796 alia
1118 4739 1151 4796 ad
1163 4739 1320 4814 episcopum
1333 4739 1533 4800 Furconensam
1549 4737 1670 4814 epistola,
1685 4754 1753 4812 quaa
1766 4738 1804 4795 itu
1816 4741 1911 4795 sonat:
1923 4753 1936 4788 ι
1948 4733 2015 4793 orn
2027 4738 2072 4790 tue
