4710 6076
979 619 1193 682 nutnuutct
1218 620 1391 682 sncttrtttt
1701 619 1782 698 [Atta.
1801 619 1887 684 taut.

530 1139 735 1252 Gregorius
748 1163 848 1249 papa
864 1139 1146 1250 archiepiscopo
1163 1141 1345 1250 Capuano
1368 1145 1526 1225 mandat
1545 1169 1593 1226 ne
1608 1143 1797 1226 Friderico
1815 1141 1890 1226 llo-

472 1300 677 1358 manorum
699 1272 918 1382 imperatori
939 1273 1118 1358 abusivas
1142 1275 1429 1360 constitutiones
1451 1276 1576 1360 edenti
1592 1303 1717 1387 neque
1736 1277 1776 1358 in
1798 1276 1887 1360 dic-

472 1411 590 1493 tando
604 1435 729 1518 neque
745 1407 785 1490 in
801 1407 1001 1492 scribendo
1015 1407 1263 1519 obsequatur.

552 1623 668 1705 (Edidit
681 1624 836 1698 Horarum,
856 1623 938 1684 chs.
953 1621 1066 1684 mdc.
1082 1624 1123 1700 11,
1139 1625 1267 1704 append.
1283 1623 1417 1699 docum„
1428 1635 1462 1686 n⁰
1482 1636 1511 1700 t,
1533 1627 1686 1704 allegant.
1701 1623 1822 1704 Gregor.
1833 1622 1886 1694 IX,

591 1731 644 1792 ltb.
660 1731 699 1805 V,
711 1740 745 1791 n⁰
759 1729 821 1810 aa.)

519 1910 721 2006 Gregorius,
742 1920 825 2004 eto,
844 1909 1103 2006 archiepiscopo
1130 1909 1312 2006 Consano,
1338 1919 1405 1986 eto.
1433 1909 1516 1984 Siva
1536 1909 1600 2004 qui
1619 1909 1774 1985 condunt
1794 1909 1888 2003 leges

470 2037 609 2132 iniquas
637 2035 713 2108 sive
731 2035 792 2129 qui
819 2034 976 2107 scribunt
1000 2035 1216 2128 injustitiam,
1236 2035 1355 2110 videto
1375 2033 1461 2130 quid
1487 2042 1521 2108 ta
1543 2056 1682 2130 sperare
1705 2035 1817 2108 valeat
1832 2034 1888 2106 vel

472 2161 592 2233 timere
609 2157 714 2244 dum,
735 2157 826 2230 sicut
839 2157 941 2231 nobis
955 2166 1007 2230 ast
1021 2179 1084 2254 pro
1103 2167 1196 2232 certo
1213 2159 1380 2251 relatum,
1401 2159 1578 2232 carissimo
1593 2157 1663 2231 filio
1681 2167 1796 2232 nostro
1812 2157 1889 2228 Fri-

473 2286 589 2360 darico
605 2285 838 2357 Romanorum
860 2282 1057 2378 imperatori
1076 2284 1336 2358 constitutiones
1356 2283 1574 2358 destitutivas
1598 2283 1719 2356 salutis
1739 2291 1775 2356 et
1791 2281 1887 2354 insti-

472 2410 602 2483 tutivas
619 2407 812 2482 enormium
832 2405 1074 2480 scandalorum
1094 2408 1211 2482 edenti
1227 2409 1443 2482 voluntarius
1461 2409 1656 2503 obsequens
1675 2427 1734 2480 eas
1758 2406 1883 2496 dictas,

474 2557 645 2610 consuens
659 2533 722 2606 tibi
737 2533 878 2606 forsitan
895 2531 1048 2606 extollis
1065 2530 1194 2606 tionum
1208 2533 1393 2630 perizoma,
1411 2533 1447 2604 in
1459 2532 1718 2606 excusationem
1730 2530 1887 2604 frivolam

473 2659 712 2758 pretendendo
729 2657 827 2754 quod
849 2679 918 2731 non
936 2659 1052 2752 legum
1073 2657 1219 2731 dictator
1235 2658 1301 2733 sed
1319 2660 1472 2731 calamus
1493 2681 1531 2730 es
1547 2657 1740 2745 scribentis,
1760 2654 1887 2748 quibus

474 2787 619 2859 deberes
648 2805 724 2857 esse
752 2783 1010 2880 patentissimus
1036 2783 1266 2858 contradictor
1290 2793 1610 2880 quantumcumque
1632 2781 1694 2852 tibi
1720 2803 1742 2853 a
1770 2786 1888 2852 contra
2028 2877 2034 2888 ·

475 2909 684 2984 discriminis
697 2908 877 2982 emineret.
895 2909 967 2983 Sed
985 2909 1022 2981 in
1042 2908 1110 2982 hoc
1126 2931 1196 2983 non
1214 2909 1357 2982 innoxie
1374 2907 1516 2981 forsitan
1537 2905 1693 3002 gloriaris
1708 2904 1803 3000 quod
1820 2903 1887 2977 da-

474 3045 548 3108 tum
565 3043 618 3108 est
633 3033 695 3106 tibi
710 3041 806 3106 tuam
819 3053 866 3105 ex
882 3031 948 3105 hoc
962 3033 1141 3106 scientiam
1159 3041 1347 3122 ostentare,
1363 3053 1432 3106 non
1448 3031 1572 3104 timens
1584 3031 1656 3102 Deo
1668 3029 1887 3101 scientiarum

473 3158 614 3233 domino
635 3156 817 3252 displicere
843 3176 907 3227 nec
928 3177 992 3228 nos
1011 3155 1143 3229 veritus
1163 3177 1307 3230 vocasse
1328 3155 1390 3250 qui
1409 3155 1548 3228 tandem
1571 3154 1646 3226 illas
1667 3172 1887 3246 nequaquam

472 3281 700 3378 equanimiter
718 3289 926 3376 pateremur.
944 3281 989 3353 Ut
1006 3280 1112 3375 igitur
1126 3280 1291 3376 premissa
1309 3280 1452 3353 monitio
1473 3288 1506 3352 te
1522 3275 1744 3374 premuniens
1760 3297 1782 3347 a
1798 3297 1886 3370 pena

472 3383 865 3504 preservetimmunem,
875 3406 1121 3479 fraternitatem
1131 3415 1227 3480 tuam
1240 3427 1422 3478 monemus
1436 3410 1563 3477 attente
1576 3409 1747 3497 quatenus
1757 3421 1888 3472 memor

472 3531 575 3606 officii
605 3530 800 3626 presulatus
828 3549 897 3601 non
925 3527 1127 3624 obsequaris
1154 3529 1271 3601 illicita
1290 3527 1461 3623 jussioni,
1491 3525 1554 3599 sed
1583 3523 1697 3621 potius
1722 3523 1885 3597 offensam

473 3655 615 3730 studeas
632 3653 802 3728 redimere
817 3653 1072 3751 precedentem.

521 3783 648 3854 Datum
664 3780 788 3869 Reate,
805 3787 975 3874 utsupra.

276 4317 441 4427 &pttgppffig
528 4305 698 4389 Potestas
716 4303 893 4389 Mantuae
908 4313 947 4388 et
961 4302 1107 4416 syndici
1122 4301 1291 4407 Brixiae,
1307 4298 1516 4403 licentiae,
1534 4296 1700 4400 Paduae,
1716 4291 1886 4374 Veronae

473 4449 511 4521 et
525 4437 719 4522 Ferrarius
733 4436 866 4547 jurant
888 4447 926 4520 et
947 4443 1132 4520 renovant
1153 4433 1369 4517 societatem
1387 4429 1665 4541 praedictarum
1691 4423 1884 4506 civitatum

472 4573 688 4656 ordinatam
705 4597 774 4681 per
793 4572 966 4655 antianos
990 4568 1178 4654 societatis
1195 4565 1464 4667 Lombardiae,
1479 4558 1667 4645 Marchiae
1688 4566 1725 4637 et
1739 4555 1885 4637 Roma-

472 4733 584 4818 gnae.
