4658 6132
385 676 482 738 lsnrcu.
499 675 543 756 2]
835 677 1032 739 HISTORIA
1058 673 1348 739 nlrnoltttutca
1735 672 1794 737 lac

382 811 486 882 uibus
500 831 569 905 qus
579 820 661 883 sunt
675 811 745 902 ibi,
764 821 799 884 et
812 821 852 883 ut
867 814 967 886 liceat
979 815 1030 887 sis
1044 813 1232 888 hedificare
1249 830 1354 906 super
1365 807 1525 881 camdem
1541 818 1665 880 terram
1677 807 1791 902 quod·

381 955 521 1028 cunque
534 935 706 1008 voluerint
719 934 939 1026 hedificinm‚
958 936 1034 1011 sine
1052 935 1322 1012 contradictione
1338 941 1373 1006 et
1386 931 1542 1004 molestia
1560 930 1723 1024 alicujns;
1745 932 1793 1006 ita

383 1057 545 1131 videlicet
555 1057 651 1154 quod
663 1059 723 1132 via
736 1060 877 1154 publica
893 1081 956 1156 pro
968 1061 1131 1134 omnibus
1143 1059 1307 1133 euntibus
1318 1065 1354 1128 et
1365 1054 1592 1128 redeuntibus
1604 1055 1654 1126 ibi
1668 1055 1794 1130 debeat

382 1203 571 1255 remanere.
595 1181 652 1256 Ad
671 1183 778 1276 hujus
795 1185 1028 1258 concessionis
1050 1194 1086 1258 et
1107 1181 1376 1258 confirmationis
1402 1189 1516 1254 nostre
1539 1178 1740 1253 memoriam
1759 1189 1794 1253 et

382 1305 488 1378 robur
499 1314 666 1402 perpetuo
682 1307 883 1399 valiturum,
900 1330 1043 1404 presens
1061 1307 1281 1404 privilegium
1296 1304 1371 1377 tisri
1386 1313 1421 1376 et
1436 1303 1531 1376 bulla
1542 1325 1648 1376 aurea
1659 1305 1794 1400 typario

382 1439 497 1503 nostre
508 1431 695 1521 majestatis
705 1430 871 1526 impressa
884 1433 1052 1524 jussimus
1070 1429 1287 1504 communiri.

430 1554 542 1646 Hujus
555 1564 671 1628 antem
689 1555 740 1626 rei
756 1564 859 1628 testes
874 1564 955 1627 sunt
968 1557 1130 1628 Balianus
1142 1554 1304 1628 dominus
1323 1551 1488 1648 Sydonis,
1504 1549 1605 1623 Oddo
1619 1551 1664 1625 dc
1681 1553 1794 1624 illont-

382 1675 554 1768 baliardo,
575 1679 829 1762 comestabulus
850 1679 947 1773 regni
970 1679 1243 1768 lcmsolimitani,
1264 1677 1437 1751 lohannes
1454 1675 1500 1750 ds
1520 1675 1685 1766 Ybelino,
1708 1676 1793 1750 Gur·

383 1799 500 1872 narius
520 1799 751 1893 Alamannus,
783 1801 895 1898 Aymc
924 1825 1032 1898 nepos
1051 1803 1147 1896 ejus,
1179 1802 1351 1898 Aymurns
1368 1801 1528 1892 juvenis,
1553 1821 1661 1895 nepos
1680 1801 1793 1874 fratris

383 1923 525 2020 Aymari
539 1926 700 2000 dedomo
723 1926 903 2022 hospitalis
921 1927 1031 2002 sancti
1047 1928 1233 2018 iohannis,
1258 1925 1368 1999 etalii
1386 1946 1493 2018 quam
1513 1925 1643 2018 plures.

431 2049 518 2122 Acta
536 2057 619 2122 sunt
641 2051 706 2123 hec
725 2072 816 2123 anno
838 2051 1011 2124 dominice
1029 2049 1271 2124 incarnationis
1288 2048 1470 2122 millesimo
1490 2047 1727 2122 ducentesimo
1739 2051 1793 2124 vi·

383 2173 512 2246 cesimo
524 2195 633 2266 nono,
651 2195 769 2247 mense
781 2174 919 2270 aprilis,
933 2175 1087 2248 secunde
1097 2174 1307 2267 indictionis,
1323 2175 1513 2270 imperante
1522 2171 1663 2246 domino
1677 2182 1793 2247 nosco

384 2295 576 2389 Fredsrico‚
595 2298 828 2371 Romanorum
845 2299 1062 2394 imperatore,
1079 2321 1216 2395 semper
1234 2308 1395 2392 angusto,
1420 2296 1614 2370 lerosolime
1631 2303 1666 2369 et
1679 2297 1794 2372 Sicilie

384 2441 478 2515 rege,
494 2443 586 2494 anno
601 2423 734 2495 romani
748 2423 883 2518 imperii
899 2427 975 2517 ans
990 2445 1101 2515 nono,
1121 2423 1218 2518 regni
1232 2422 1427 2496 ierosolime
1437 2429 1580 2515 quarto,
1598 2421 1696 2514 regni
1709 2443 1793 2496 vcro

385 2545 499 2618 Sicilie
519 2545 689 2620 tricesimo
705 2547 833 2642 primo,
852 2547 1005 2620 feliciter.
1024 2547 1150 2621 Amen.

432 2670 557 2741 Datum
568 2669 665 2767 apnd
669 2723 742 2742 .....
750 2723 760 2760 ,
776 2692 881 2761 anno,
897 2693 1017 2746 mense
1028 2681 1063 2744 ct
1076 2671 1265 2745 indictione
1280 2669 1490 2765 prescriptis.

439 3215 676 3320 Fridericus,
700 3215 962 3298 Romanorum
983 3217 1203 3328 imperator,
1234 3220 1326 3302 emit
1353 3247 1377 3302 a
1403 3221 1588 3332 magistro
1620 3233 1658 3306 et
1679 3226 1795 3310 domo

386 3359 539 3431 sanctae
552 3347 692 3432 Mariae
705 3349 1025 3432 Theutonicorum
1040 3361 1210 3435 castrum
1223 3352 1428 3437 Messeniae
1446 3364 1483 3436 ct
1497 3355 1657 3438 domum
1671 3383 1795 3466 quon-

386 3484 477 3564 dum
499 3481 694 3593 Margariti
718 3507 834 3591 supra
856 3491 1010 3592 portum
1032 3483 1238 3568 Brundusii
1261 3511 1331 3594 pro
1357 3512 1423 3569 sex
1445 3487 1615 3570 millibus
1632 3497 1670 3572 ct
1687 3515 1793 3600 qua-

387 3616 598 3726 dringentis
635 3615 816 3698 besantiis
853 3617 1082 3699 saracenatis
1123 3619 1171 3700 de
1210 3619 1371 3701 cathena
1393 3628 1443 3726 et
1481 3619 1601 3702 funda
1635 3621 1795 3704 Acconis

387 3748 586 3832 annuatim
598 3747 864 3857 percipiendiS,
884 3749 958 3832 hoc
972 3759 1082 3858 pacto
1110 3760 1176 3858 ut,
1206 3749 1237 3832 si
1252 3751 1390 3836 solutio
1403 3777 1481 3836 non
1499 3753 1581 3861 fiat,
1596 3753 1677 3862 ipse
1690 3753 1795 3838 aliud

388 3879 628 3964 excambium
643 3907 858 3992 congruum
876 3881 1080 3966 exhibebit.
1499 3899 1507 3918 ·

469 4091 586 4176 (incdit.
602 4098 635 4155 ln
647 4095 728 4157 arclr.
745 4095 855 4172 Berol.,
873 4097 957 4158 cllh.
978 4115 1043 4176 cop.
1060 4115 1149 4176 supra
1168 4099 1299 4162 laudato.
1316 4099 1463 4180 Orlglnele
1476 4100 1560 4161 adast
1573 4102 1605 4160 ln
1617 4100 1698 4162 arch.
1714 4101 1790 4182 lieg.

506 4200 539 4263 S.
554 4201 687 4263 Seucrlnl
701 4201 780 4279 apud
793 4201 969 4281 Neapollm.)

435 4383 649 4475 Fridericns‚
672 4387 735 4460 Dei
752 4387 862 4480 gratia
873 4387 1103 4461 Romanorum
1121 4389 1317 4484 imperator,
1335 4411 1470 4488 semper
1489 4401 1672 4488 augustus,
1697 4395 1795 4468 Jeru-

387 4509 495 4581 salem
511 4518 546 4582 ct
563 4509 676 4582 Sicilie
698 4531 773 4582 rex.
800 4512 926 4584 Notum
941 4512 1085 4584 iacimus
1099 4512 1270 4584 universis
1283 4522 1352 4586 tam
1372 4517 1588 4610 presentibus
1606 4539 1712 4612 quam
1732 4519 1795 4592 iu-

390 4631 476 4703 tnris
502 4631 598 4726 quod
624 4634 728 4708 irater
745 4635 961 4709 Hermannns
985 4637 1193 4711 venerabilis
1218 4639 1380 4734 magister
1407 4641 1531 4713 domus
1550 4652 1668 4714 sancto
1689 4642 1796 4716 llarie

389 4755 673 4832 Thentonicorum
689 4759 725 4832 in
740 4763 925 4836 Jerusalem
935 4772 970 4836 et
981 4763 1101 4838 iratres
1113 4763 1269 4858 ejusdem
1286 4763 1411 4839 domus
1424 4765 1540 4840 devoti
1555 4765 1674 4843 fideles
1689 4768 1796 4841 nostri

491 4881 548 4944 111.
1603 4901 1637 4952 rt
