4602 6084
1129 597 1341 662 rnronnrcr
1367 603 1538 665 succum
1847 611 1924 696 [nn.
1942 612 2025 675 rear.

572 1227 577 1282 3
686 1163 888 1274 Gregorius
930 1191 1029 1275 papa
1064 1165 1251 1252 Friderico
1287 1169 1545 1252 Romanomm
1576 1170 1791 1278 imperatori
1828 1171 1956 1254 scribit
1986 1199 2024 1255 se

632 1293 718 1376 licet
730 1295 856 1406 ipsum
879 1297 1063 1380 sententia
1079 1299 1308 1408 percelluit,
1328 1301 1495 1384 maxima
1513 1311 1640 1383 tamen
1659 1329 1737 1410 qua
1754 1303 1916 1411 potuerit
1927 1304 2021 1385 dul-

631 1427 761 1510 cedine
797 1455 888 1539 erga
926 1429 1051 1540 ipsum
1086 1432 1228 1542 egisse,
1265 1434 1525 1543 oppressiones
1562 1434 1804 1516 ecclesiarum
1836 1435 1875 1516 in
1907 1461 2022 1545 regno

631 1557 785 1665 Siciliae,
800 1571 838 1642 et
849 1565 1147 1670 persecutionem
1165 1566 1346 1648 comitum
1368 1593 1437 1676 pro
1456 1565 1596 1677 quibus
1615 1592 1655 1648 se
1672 1565 1837 1649 Ecclesia
1854 1567 2020 1650 Romana

628 1689 828 1800 obligavit,
849 1705 1053 1800 memorat,
1073 1707 1275 1806 monetque
1292 1706 1336 1780 ut
1352 1697 1434 1779 haec
1451 1697 1580 1780 omnia
1597 1699 1788 1804 emendet,
1808 1706 1846 1780 et
1864 1699 1914 1779 cd
1931 1724 2020 1808 gre-

628 1823 749 1905 mium
767 1823 852 1907 fidei
871 1827 1065 1912 catholicae
1087 1829 1349 1912 satisfaciendo
1367 1829 1446 1912 ileo
1464 1839 1501 1912 et
1518 1828 1736 1912 hominibus
1754 1839 1933 1912 recurrat.

706 2035 807 2114 [lldld.
820 2039 979 2102 llammo.
989 2039 1096 2102 Ausul
1109 2039 1213 2117 archa,
1228 2043 1266 2104 ad
1279 2059 1349 2104 anu.
1364 2051 1451 2118 ¹2²7,
1467 2042 1576 2117 extr,
1591 2059 1629 2103 cx
1642 2043 1761 2122 llegcst.
1776 2043 1913 2124 Gregcr„
1923 2043 1974 2104 llb.
1986 2043 2014 2115 l,

743 2151 778 2202 n·
793 2146 878 2220 tus.)

672 2324 854 2418 Gregorius
886 2339 972 2420 etc,
1003 2331 1182 2404 Fraderioo
1214 2333 1446 2404 Romanomm
1476 2332 1670 2428 imperatori
1703 2333 1849 2420 illustri,
1884 2355 2015 2428 semper

623 2458 788 2540 augusto,
804 2462 839 2522 et
852 2451 924 2544 regi
938 2452 1068 2542 Sicilie,
1084 2455 1240 2549 spiritum
1252 2455 1385 2526 consilii
1400 2454 1554 2526 sanioris.
1571 2456 1707 2528 Utinam
1725 2455 1933 2548 imperialem
1947 2458 2014 2526 oel-

623 2571 807 2645 situdinem
831 2573 878 2646 ita
895 2577 1135 2649 assuefecisses
1158 2577 1269 2649 timori
1287 2576 1408 2650 divino
1425 2585 1464 2649 ut
1484 2577 1533 2648 illi
1556 2586 1590 2649 te
1612 2586 1682 2650 tota
1707 2577 1889 2650 devotione
1909 2577 2013 2669 suin·

625 2695 717 2767 ciens
730 2696 791 2789 qui
807 2697 868 2768 tibi
884 2699 1030 2794 subjecit
1045 2700 1160 2772 varias
1174 2700 1345 2792 nationes,
1367 2721 1436 2774 ncn
1454 2702 1565 2773 solum
1580 2700 1693 2795 ipsum
1708 2709 1824 2772 contra
1843 2709 1876 2771 te
1892 2721 2013 2794 pmvo·

624 2839 701 2889 care
727 2829 896 2892 metueres
920 2842 964 2894 ne
986 2823 1177 2916 arguereris
1194 2823 1449 2916 ingratitudinis
1469 2823 1660 2914 manifeste,
1680 2823 1742 2895 sed
1763 2845 1826 2918 pro
1848 2823 2013 2918 perceptis

621 2938 796 3013 beneficiis
809 2942 855 3015 ad
874 2944 1094 3016 serviendum
1112 2945 1178 3017 sibi
1196 2947 1275 3018 totis
1290 2945 1468 3020 desideriis
1485 2945 1670 3040 aspirares,
1689 2946 1748 3039 qui
1766 2967 1846 3016 cum
1865 2967 1933 3017 non
1948 2943 2011 3016 nisi

621 3085 683 3158 pro
700 3073 734 3136 te
751 3064 903 3160 indigeat
916 3067 1016 3139 bonis
1034 3069 1121 3158 tuis,
1141 3089 1359 3162 nequaquam
1374 3069 1533 3142 allectum
1548 3066 1676 3139 nedum
1695 3067 1851 3138 ellectum
1872 3067 2011 3139 irremu-

620 3196 774 3258 neratum
797 3189 1002 3282 relinqueret
1025 3189 1216 3262 servientis.
1244 3191 1378 3262 Utinam
1397 3211 1535 3284 quoque
1555 3189 1797 3279 benignitatem
1824 3199 1860 3260 et
1882 3190 2010 3283 patien-

618 3310 699 3382 tiam
721 3311 870 3384 Ecclesia
891 3313 1041 3386 Romane
1064 3314 1239 3386 humiliter
1260 3335 1503 3408 recognoscas,
1524 3333 1628 3407 quam
1653 3333 1732 3382 cum
1754 3310 2009 3406 exasperaveris

618 3433 849 3528 multipliciter
859 3435 948 3508 ultra
959 3458 1061 3529 quam
1073 3437 1236 3532 expediat
1249 3435 1430 3526 recenseri,
1446 3457 1491 3508 na
1499 3433 1736 3508 celsitudinem
1751 3443 1843 3504 tunm
1853 3431 2008 3506 convitiis

617 3555 706 3628 velle
728 3556 892 3630 lacessere
915 3557 1115 3645 videamur,
1138 3559 1213 3654 ipsa
1230 3579 1313 3650 erga
1332 3570 1365 3631 tc
1388 3579 1522 3655 semper
1539 3557 1683 3629 affinem
1702 3557 1838 3651 pietatis
1861 3565 2007 3628 materne

616 3677 805 3750 visceribus
836 3689 950 3752 tecum
977 3702 1155 3776 nunquam
1186 3681 1350 3775 processit
1384 3680 1450 3752 nisi
1472 3681 1517 3774 in
1549 3680 1671 3773 spiritu
1700 3679 1859 3750 lenitatis.
1897 3679 2006 3762 Quare

615 3802 806 3895 arguimur,
825 3813 860 3873 et
879 3803 1017 3874 forsitan
1036 3824 1106 3875 non
1122 3803 1280 3896 indigne,
1301 3803 1397 3897 quod
1410 3803 1509 3896 quasi
1527 3810 1713 3895 coquentes
1728 3799 1857 3872 hedum
1874 3801 1908 3870 in
1924 3800 2006 3870 lacte

613 3923 747 4012 matris,
770 3933 803 3996 te
822 3925 857 3995 in
873 3925 941 3996 tuis
958 3925 1073 3998 noxiis
1090 3926 1324 3998 voluntatibus
1343 3927 1459 3998 lovere
1475 3925 1657 3997 videamur
1671 3925 1707 3994 iu
1726 3923 1911 3994 multorum
1932 3941 2004 4016 pre·

609 4046 778 4138 judicium
800 4057 835 4121 et
855 4048 1056 4122 scandalum
1075 4048 1224 4120 Ecclesia
1241 4046 1421 4142 generalis.
1444 4048 1535 4118 Licet
1548 4047 1639 4117 enim
1658 4067 1704 4116 ex
1719 4065 1760 4116 ec
1773 4043 1870 4138 quod
1889 4041 2003 4115 Christi

614 4191 752 4240 causam
761 4192 865 4264 quam
877 4171 1050 4244 videbaris
1064 4171 1324 4264 magnanimiter
1338 4169 1574 4262 assumpsisse,
1585 4166 1801 4262 sperantibus
1814 4167 1884 4236 lere
1898 4163 2004 4236 omni·

614 4289 680 4359 bus
692 4298 727 4360 te
742 4291 833 4362 illam
848 4291 894 4364 ad
910 4291 1012 4364 linem
1030 4291 1203 4364 deducere
1219 4291 1421 4383 gloriosum,
1442 4289 1489 4361 ita
1507 4289 1644 4381 inerter,
1664 4290 1711 4362 ita
1733 4287 1940 4382 periculose,
1959 4286 2002 4356 ita

614 4409 736 4481 misere
751 4410 921 4502 dejecisti,
939 4413 1037 4486 dolor
1053 4413 1311 4499 immoderatus,
1330 4421 1449 4505 stupor
1467 4411 1653 4482 immensus
1668 4421 1704 4484 et
1719 4410 1869 4482 enormis
1888 4410 2003 4481 horror

614 4549 738 4624 corpus
757 4542 792 4602 et
817 4533 965 4604 animam
991 4541 1141 4605 nostram
1169 4533 1324 4627 undique
1342 4532 1662 4622 circumdederunt,
1691 4534 1739 4606 ita
1763 4531 1860 4626 quod
1879 4533 1949 4604 lare
1968 4529 2001 4600 in

614 4653 724 4724 extasi
747 4653 847 4747 positi
875 4653 919 4725 de
934 4655 1189 4748 recuperatione
1208 4665 1295 4728 terre
1315 4663 1430 4727 sancte
1450 4675 1538 4749 pene
1555 4655 1691 4750 penitus
1710 4656 1863 4750 cepimus
1882 4653 2001 4748 despe-
