4602 6084
350 660 450 720 lunrcr.
469 655 509 740 1.]
800 653 994 716 HISTORIA
1020 650 1309 714 blatouarlce.
1716 654 1756 716 73

350 819 492 891 antistes
507 839 570 912 per
585 815 650 888 bec
670 815 786 888 omnia
801 815 926 888 nostris
946 814 1129 888 desideriis
1144 836 1182 886 se
1197 819 1350 908 opponat
1360 819 1395 884 et
1413 811 1539 902 iniuste
1556 823 1755 886 mansuetu·

350 941 468 1014 dinem
497 949 648 1012 nostram
681 959 886 1033 exasperare
914 949 1076 1026 conetur,
1107 937 1303 1009 nullalenus
1331 945 1445 1008 tamen
1477 957 1541 1008 nos
1576 959 1598 1009 a
1629 937 1753 1009 Christi

350 1063 491 1137 servitio
512 1061 700 1136 revocavit.
730 1062 816 1133 Num
841 1083 903 1156 pro
926 1070 1018 1134 certo
1039 1059 1204 1132 noveritis
1228 1081 1291 1130 nos
1312 1081 1392 1130 cum
1415 1059 1523 1152 galeis
1543 1067 1578 1132 et
1602 1059 1753 1154 navigiis

349 1187 475 1258 nostris
499 1193 535 1258 et
556 1195 696 1257 strenua
717 1183 865 1255 militum
887 1183 1049 1255 comitiva
1077 1191 1112 1255 et
1137 1181 1361 1254 multitudine
1376 1182 1593 1272 bellatorum,
1621 1182 1755 1255 Christo

350 1311 439 1384 duce
453 1311 554 1403 cujus
571 1331 626 1382 res
646 1309 776 1403 agitur,
796 1308 841 1382 de
864 1308 1049 1380 Brundisio
1068 1307 1211 1380 feliciter
1222 1311 1295 1400 jam
1310 1305 1461 1378 movisse
1481 1327 1601 1378 versus
1618 1307 1753 1380 Suriam

350 1457 429 1506 oum
457 1433 630 1506 celeritate
650 1441 685 1504 et
703 1453 788 1503 aura
816 1452 980 1526 prospera
1002 1432 1214 1526 prolecturus
1235 1431 1300 1527 (l).
1324 1429 1438 1516 Quare
1456 1429 1613 1502 fidelitati
1640 1441 1753 1502 vestre

348 1555 572 1653 precipiendo
585 1555 790 1628 mandamns
807 1565 984 1627 monentes
1006 1555 1169 1627 attentius
1190 1563 1224 1626 et
1238 1555 1413 1627 hortantes
1427 1563 1598 1649 qnatenus
1609 1553 1655 1626 ad
1674 1575 1753 1625 suc·

244 1739 255 1749 .
349 1703 489 1754 cursum
496 1689 651 1752 nostrum
664 1687 698 1750 et
710 1678 890 1750 servitium
900 1688 988 1752 terre
1001 1689 1117 1752 sancte
1127 1653 1311 1750 intendatis
1326 1699 1388 1772 pro
1397 1677 1532 1750 viribus
1547 1685 1586 1748 ut
1596 1677 1750 1772 potestis,

349 1825 456 1898 grave
469 1805 615 1878 ferentes
633 1803 728 1897 quod
752 1825 910 1876 summus
929 1804 1085 1898 pontifex
1109 1804 1145 1875 in
1168 1803 1236 1874 hiis
1261 1803 1422 1875 omnibns
1442 1823 1505 1874 nos
1523 1801 1647 1894 injuste
1674 1823 1753 1896 pro·

348 1936 450 2000 vocat
466 1941 500 2000 et
518 1927 674 2020 indigne,
691 1949 771 1999 cum
787 1927 928 2000 deberet
944 1927 1060 2022 potius
1078 1935 1220 2020 paterne
1235 1925 1471 2020 compassione
1488 1923 1612 1996 nostris
1628 1923 1753 1996 labori·

348 2051 415 2123 bus
432 2051 628 2146 providere.

403 2659 607 2771 Gregorius
631 2660 735 2766 Papa
764 2658 936 2741 llomano
960 2655 1095 2762 [sancti
1123 2655 1274 2765 Angeli]
1307 2657 1489 2738 cardinali
1521 2658 1560 2738 in
1596 2658 1624 2740 F
1625 2659 1754 2742 rancia

349 2795 474 2904 legato
491 2791 621 2876 scribit
642 2791 807 2899 qualiter
824 2789 1058 2897 Templerios
1074 2815 1096 2868 a
1115 2787 1311 2870 Saracenis
1325 2788 1494 2897 [rlpuliae]
1508 2800 1750 2897 provocatos,

348 2951 437 3009 curn
463 2926 542 3008 vim
572 2924 609 3006 vi
634 2922 882 3031 repulissent,
912 2923 1077 3004 Thomas
1110 2921 1336 3004 deerrarum
1363 2947 1489 3004 comes
1516 2923 1753 3032 imperatoris

347 3058 500 3168 bajulus
520 3057 711 3166 spoliavit,
729 3067 766 3138 et
780 3058 951 3164 praedam
968 3057 1129 3138 restituit
1148 3055 1362 3161 Saracenis,
1377 3057 1528 3138 nuntiat
1544 3057 1648 3166 quod
1667 3057 1755 3140 lieet

347 3191 552 3299 imperator
569 3215 657 3271 curn
674 3189 806 3297 paucis
820 3189 1003 3272 militibus
1022 3213 1127 3270 mare
1143 3189 1290 3270 dicatur
1304 3189 1479 3295 intrasse,
1495 3199 1626 3272 contra
1636 3191 1754 3298 patri-

348 3322 521 3404 monium
547 3319 722 3402 Ecclesiae
741 3347 926 3432 magnum
948 3321 1240 3402 christianorum
1259 3331 1296 3402 et
1318 3321 1592 3404 Saracenorum
1614 3323 1755 3404 exerci-

348 3462 431 3535 tum
446 3453 665 3558 destinarit,
684 3463 887 3563 monetque
905 3462 948 3536 ut
964 3454 1048 3536 baec
1060 3453 1190 3536 onmia
1203 3455 1252 3536 ad
1265 3454 1511 3562 opprobrium
1525 3455 1633 3539 istius
1647 3457 1754 3564 impii

348 3611 415 3694 per
428 3596 568 3668 terram
585 3586 784 3696 legationis
798 3613 877 3670 suae
894 3587 1085 3696 predicet.

428 3807 527 3878 (Edld.
543 3807 646 3868 Manu.
662 3809 777 3881 Panis,
791 3809 868 3870 [list.
883 3811 954 3890 maj.
970 3807 1090 3891 Anqlor.
1107 3811 1145 3871 ad
1156 3827 1226 3870 ann.
1246 3819 1331 3884 1110,
1347 3828 1374 3888 p.
1390 3819 1459 3884 140,
1474 3812 1526 3872 sed
1539 3813 1638 3872 minus
1650 3811 1751 3891 recte.)

385 4175 421 4245 (1)
438 4175 667 4248 «(11010010110),
681 4176 826 4250 imperator
839 4177 911 4251 apud
925 4177 1105 4234 Brundusium
1118 4195 1147 4236 se
1159 4178 1297 4236 conferens
1315 4193 1389 4233 mare
1406 4177 1487 4233 intrat
1501 4193 1533 4234 ac
1544 4179 1615 4251 apud
1626 4179 1753 4238 Sanctum

349 4287 363 4321 ι
377 4269 512 4326 andream
519 4271 554 4328 de
559 4272 649 4329 lnsula
652 4273 733 4346 jussit
744 4273 833 4330 ornnia
846 4274 950 4346 navigia
965 4281 1056 4349 parata
1069 4275 1104 4332 ad
1118 4275 1259 4332 transitum
1272 4274 1423 4344 convenire,
1432 4289 1465 4331 ac
1476 4273 1572 4330 exindo
1585 4275 1752 4350 Hydruntum

349 4366 509 4439 »nauigans
529 4367 642 4426 leliciter
658 4369 727 4426 ultra
746 4385 819 4428 more
843 4369 877 4428 ad
901 4371 990 4428 crucis
1012 4372 1170 4444 obsequium
1197 4371 1383 4428 trembetavit.
1406 4391 1419 4424 r
1446 4373 1520 4430 ltroc.
1542 4389 1578 4430 ns
1598 4371 1626 4430 S.
1648 4373 1751 4444 amu,

349 4462 449 4520 Cleon.
463 4462 500 4520 ud
508 4479 574 4520 one.
585 4465 807 4540 luniumquoquo
816 4483 935 4524 mensem
944 4467 1168 4542 iudicatAppend.
1178 4467 1215 4525 ud
1224 4467 1406 4542 0011110101.
1419 4485 1464 4542 cp.
1476 4470 1630 4541 blomrour,
1638 4470 1751 4546 script,

347 4559 381 4629 V,
396 4561 459 4628 601,
472 4575 526 4617 non
538 4568 684 4620 memorato
694 4563 747 4620 die.
763 4564 862 4620 lulium
876 4571 967 4622 autem
978 4565 1079 4621 babent
1094 4565 1189 4622 Annal.
1209 4563 1261 4622 Sic.
1278 4566 1305 4622 in
1318 4565 1378 4622 cod.
1393 4565 1477 4622 vatic.
1490 4567 1752 4626 causamentum

348 4671 412 4713 vero
427 4657 536 4728 quidam
549 4673 636 4732 usque
649 4657 683 4716 ad
698 4659 869 4718 undecimum
881 4661 952 4720 (liam
963 4661 1078 4734 augusti,
1091 4677 1144 4735 qua
1153 4662 1288 4720 nescimus
1297 4661 1461 4734 sinceritate,
1477 4663 1645 4737 imperatoris
1657 4667 1752 4724 transi·

349 4759 406 4810 tum
418 4760 570 4827 prorogant.

447 4853 500 4912 111.
1559 4870 1594 4922 lo
