4658 6132
376 621 476 683 trum.
492 613 537 699 ἰ]
825 613 1022 677 HISTORIA
1049 613 1342 676 nrruottA'rtctt.
1729 611 1787 676 tat

377 748 616 848 oppugnabat.
634 750 678 823 lit
692 757 733 822 ut
750 750 983 844 excogitatam
996 749 1171 823 ‚malitiam
1193 748 1398 846 adimpleret
1412 747 1534 821 tratres
1553 745 1787 822 Predieatores

378 895 422 950 ue
439 873 611 968 quosdam
627 872 776 946 Minores
793 873 855 968 qui
872 873 909 945 in
926 873 1042 946 llamis
1065 874 1260 946 Palmarum
1283 871 1337 970 (t)
1361 872 1447 945 loeis
1464 871 1600 944 statutis
1615 891 1787 946 eonvene·

381 1005 460 1070 rant
474 995 520 1070 ad
534 995 785 1093 predicandum
802 997 910 1070 verba
926 997 1065 1070 Domini
1088 1016 1151 1093 per
1168 997 1330 1070 satellites
1353 1015 1436 1070 suos
1451 987 1527 1092 rapi
1545 995 1625 1070 tecit
1643 994 1689 1069 de
1710 992 1788 1091 pul·

382 1119 467 1216 pitis
475 1129 510 1192 et
518 1120 687 1194 interram
699 1119 881 1216 prosterni,
895 1119 1033 1192 extrahi
1041 1127 1075 1192 et
1083 1120 1184 1215 quad
1194 1122 1343 1193 latmnee
1353 1141 1415 1217 per
1426 1119 1601 1192 civitatem
1611 1120 1785 1214 fustigari3

382 1241 513 1316 deinde
525 1264 607 1314 oum
619 1241 756 1316 videret
769 1241 866 1337 quod
878 1264 941 1338 per
952 1243 1156 1339 predictam,
1169 1243 1384 1316 obsidionem
1395 1241 1492 1336 quod
1506 1241 1706 1315 intendebat
1719 1263 1789 1317 non

382 1365 565 1458 obtineret,
583 1366 663 1440 lecit
674 1367 811 1439 tractari
826 1365 872 1440 de
882 1387 969 1462 paee
981 1367 1028 1441 ad
1041 1366 1138 1462 quod
1150 1367 1393 1462 respondimus
1399 1364 1495 1460 quod
1509 1365 1683 1439 notuimus
1694 1367 1789 1462 pacis

383 1497 566 1563 tractatum
581 1489 775 1582 admittere,
792 1489 860 1562 nisi
879 1489 975 1586 prius
997 1489 1120 1562 amotis
1137 1488 1304 1562 custodiis
1320 1488 1574 1562 balistariorum
1592 1497 1627 1562 et
1643 1489 1789 1562 aliorum

382 1619 605 1700 armatorum,
623 1612 746 1686 ablatis
760 1613 865 1686 etiam
877 1613 978 1686 bonis
992 1613 1116 1686 nostris
1129 1613 1309 1704 restitutis,
1326 1612 1374 1686 ita
1386 1611 1483 1708 quod
1498 1605 1739 1688 essentomnia
1752 1614 1790 1688 in

382 1755 426 1810 eo
436 1746 528 1809 statu
546 1744 580 1809 et
590 1737 747 1810 libertate
760 1757 831 1832 qua
846 1745 944 1809 erant
957 1735 1016 1810 die
1031 1759 1102 1831 qua
1116 1738 1291 1832 ingressus
1299 1747 1351 1810 est
1359 1735 1546 1809 civitatem.
1563 1735 1641 1831 Ipse
1650 1735 1790 1810 tandem

384 1857 460 1934 lieri
475 1857 628 1956 precepit
642 1859 834 1934 seeundum
848 1859 946 1956 quod
965 1861 1244 1956 postulabamus,
1266 1859 1330 1934 aed
1349 1859 1420 1934 uon
1441 1867 1494 1932 ast
1508 1858 1645 1932 effectui
1659 1861 1790 1934 manci·

384 1991 525 2078 patum;
555 1983 803 2080 supposuimus
825 1983 932 2078 igitur
958 1983 1132 2058 civitatem
1146 1983 1343 2057 interdicto.
1360 1983 1491 2058 Videns
1503 1983 1610 2077 igitur
1627 1965 1792 2058 malitiam

383 2125 484 2179 suam
499 2127 570 2180 non
583 2129 686 2204 posse
702 2106 910 2204 prooedere,
931 2127 1185 2202 usquequaque
1208 2128 1339 2180 moram
1361 2107 1505 2180 interra
1525 2105 1637 2179 noluit
1658 2106 1792 2181 trabere

382 2227 586 2324 longiorem,
604 2229 674 2304 imo
691 2253 733 2303 ao
749 2231 780 2303 si
799 2239 910 2304 totum
930 2231 1096 2304 niteretur
1118 2229 1312 2323 destruere,
1336 2231 1477 2304 balistas
1502 2239 1538 2303 et
1557 2239 1748 2305 armaturas
1770 2252 1792 2305 a

383 2353 488 2448 longo
504 2363 658 2450 tempore
674 2375 737 2449 pro
755 2353 957 2429 defensione
978 2363 1067 2428 terra
1086 2363 1277 2428 reservatas
1296 2352 1391 2449 apud
1410 2352 1527 2426 Aooon
1545 2354 1626 2428 lecit
1641 2355 1730 2428 clam
1754 2355 1792 2428 in

384 2477 536 2552 navibus
550 2477 690 2572 deponi,
702 2478 846 2573 etplnra
856 2477 1206 2575 Soldanollabylonie
1220 2477 1403 2551 transmitti
1415 2479 1516 2572 quasi
1529 2477 1633 2551 obaro
1647 2497 1712 2550 suo
1723 2479 1789 2577 (2).

385 2599 429 2673 llt
446 2601 585 2673 mittens
603 2601 640 2673 in
654 2600 806 2698 Cyprum
823 2603 993 2696 quosdam
1009 2603 1136 2675 milites
1147 2623 1230 2675 suos
1246 2601 1325 2675 lecit
1339 2623 1409 2676 non
1420 2597 1598 2674 minimam
1613 2601 1658 2674 ab
1671 2595 1793 2676 ineolis

384 2723 569 2820 pecuniam
591 2725 802 2820 extorqueri.
822 2725 866 2798 llt
883 2725 980 2820 quod
999 2725 1190 2800 mirabilius
1215 2725 1317 2798 nobis
1338 2725 1535 2816 videbatur,
1555 2699 1685 2821 galoius
1705 2748 1793 2822 quas

388 2851 490 2938 [non]
499 2849 610 2943 potuit
622 2869 742 2922 meum
758 2848 894 2922 trabere
907 2848 1092 2924 destruxit.
1108 2849 1211 2934 Quod
1224 2872 1305 2922 oum
1314 2849 1515 2922 audivimus
1530 2848 1698 2922 duximus
1713 2871 1794 2922 eum

387 2993 493 3067 super
507 2971 574 3044 boo
587 2971 863 3064 admonendum
879 2971 942 3046 sed
956 2974 1031 3068 ipse
1048 2973 1283 3047 admonitione
1296 2981 1411 3068 spreta
1424 2973 1573 3045 simulet
1586 2972 1795 3045 correctione

386 3094 531 3168 latenter
552 3095 639 3168 testo
664 3095 895 3192 apostolorum
915 3095 1065 3192 Philippi
1081 3103 1116 3169 et
1136 3095 1254 3169 laoobi
1278 3091 1331 3194 (3)
1349 3118 1412 3192 per
1430 3095 1550 3168 vicum
1572 3101 1743 3168 seoratum
1760 3103 1795 3170 et
1882 3115 1885 3122 ’

387 3215 680 3314 portumgaleiam
694 3219 826 3293 intrans
840 3241 962 3294 versus
978 3219 1129 3316 Cyprum
1147 3221 1321 3294 festinavit
1333 3221 1639 3310 neminesalutato,
1650 3222 1794 3317 lopparn

387 3339 586 3434 relinquens
612 3340 827 3435 destitutum,
859 3363 1039 3438 uunquam
1063 3345 1195 3418 utinam
1218 3344 1406 3418 rediturus.
1438 3345 1582 3438 lnmjam
1609 3365 1631 3417 a
1655 3345 1794 3418 ballivis

388 3461 471 3536 dieti
487 3463 629 3537 Soldani
649 3465 890 3540 intercluditur
908 3467 1024 3540 esitus
1048 3476 1148 3540 extra
1171 3488 1289 3540 muros
1306 3467 1518 3563 pauperibus
1542 3465 1736 3540 christianis
1753 3487 1795 3564 ae

387 3585 546 3682 syrianis.
568 3587 687 3661 Plures
700 3589 819 3684 itaque
831 3589 868 3661 in
884 3590 944 3664 via
960 3591 1132 3686 peregrini
1151 3589 1362 3666 deiecerunt.
1383 3593 1455 3665 llee
1474 3601 1510 3664 et
1522 3591 1629 3664 multa
1646 3591 1714 3664 elia
1726 3611 1797 3686 qne

425 3937 463 4010 (4)
482 3937 589 3996 Scilicet
607 3943 623 3995 t
637 3937 739 4014 aprilis,
754 3937 856 3997 Pmeba
867 3938 920 3997 boo
932 3955 1003 3997 euno
1019 3939 1047 3996 in
1060 3941 1185 4013 quintum
1199 3939 1334 3998 deeimnm
1346 3940 1418 3998 diern
1430 3939 1521 4015 aprilis
1531 3940 1676 3998 incidente.

425 4037 462 4106 (lt
479 4035 520 4094 Gt.
532 4037 639 4109 epistol.
650 4035 863 4112 Gregoriipapae
873 4037 909 4096 ud
919 4053 1011 4112 regem
1024 4035 1161 4109 Francius,
1173 4041 1206 4095 te
1213 4038 1274 4111 julii
1287 4037 1369 4111 bajus
1383 4038 1455 4109 anui,
1473 4053 1503 4112 p.
1520 4039 1581 4095 444.

424 4133 462 4206 (t)
480 4131 590 4192 Suilieet
602 4133 691 4206 primo
704 4133 893 4207 maii.l.egitur
906 4140 997 4192 taum
1006 4149 1050 4208 ep.
1060 4134 1155 4192 llettb.
1166 4135 1259 4206 ruis,
1268 4151 1297 4208 p.
1309 4137 1378 4194 2502
1392 4135 1446 4191 «ln
1457 4134 1503 4191 die
1515 4132 1680 4192 inventionis
1690 4137 1799 4194 eandm

390 4246 405 4280 a
419 4227 508 4284 erucis
521 4227 548 4300 (³
557 4228 629 4302 mma]
641 4243 723 4287 naves
735 4229 865 4287 aseendit.
877 4249 892 4282 4
905 4231 1052 4304 Imperator
1061 4229 1098 4286 ita
1112 4245 1196 4287 naves
1209 4231 1346 4303 ingressus
1358 4229 1429 4286 inter
1439 4231 1573 4304 vituperia
1585 4235 1614 4286 et
1622 4229 1801 4290 oontumelies

387 4323 657 4399 plebieeuidominus
667 4325 747 4383 sein
757 4332 787 4383 et
797 4325 874 4384 Oddo
883 4327 918 4384 de
928 4325 1136 4384 ltontebeliardo
1147 4327 1192 4384 vix
1206 4325 1341 4384 silentium
1349 4326 1532 4401 imponebant,
1541 4325 1652 4386 balivos
1663 4328 1739 4402 regni
1750 4343 1800 4386 ura

387 4421 449 4480 vioe
459 4421 569 4494 reliquit
577 4422 716 4480 dominum
723 4422 829 4482 Sidonis
838 4428 866 4481 et
874 4423 1051 4482 Gnarneriurn
1058 4423 1322 4481 Alemmnum.leeo
1331 4429 1422 4480 autern
1430 4421 1508 4481 istius
1515 4423 1710 4497 Gmmeriiqul
1718 4423 1800 4497 paulo

387 4523 451 4592 post
466 4515 589 4575 habiturn
605 4517 748 4593 'templarii
761 4519 885 4594 sumpsit,
900 4519 977 4578 Oddo
991 4520 1026 4576 de
1038 4519 1246 4578 llontebellardo
1256 4518 1418 4594 subrogatus
1434 4524 1484 4577 ast
1497 4517 1537 4578 Cl.
1551 4519 1634 4578 Fron.
1646 4521 1795 4595 baernum,

389 4613 537 4674 0444444444.
558 4615 590 4676 tt
608 4617 707 4692 Cym»
724 4616 800 4678 MSS.
821 4617 841 4678 l.
860 4621 923 4692 tto,
938 4624 967 4678 et
980 4616 1043 4676 tttr.
1057 4619 1155 4676 144444.
1172 4616 1237 4676 lbet.
1256 4633 1302 4693 ep.
1317 4619 1457 4692 Bsuouor,
1472 4617 1577 4677 ,4444444
1589 4617 1623 4677 de
1635 4617 1794 4690 tenentem,

388 4715 410 4768 t.
423 4709 458 4785 ll,
473 4727 503 4788 p.
515 4715 567 4772 444
581 4719 611 4774 et
623 4729 701 4791 seqq.
