4602 6084
352 615 449 676 risis.
468 611 529 698 rs]
807 607 1003 672 ursanum
1026 609 1318 674 urrnouarrcn
1727 591 1761 672 'a

353 749 479 846 triplici
498 747 689 838 coronaris,
716 746 805 820 siout
823 753 858 817 et
880 745 1033 818 Christus
1054 745 1170 818 extitit
1195 745 1320 842 triplici
1341 743 1536 818 diademate
1556 735 1764 836 omniur:

352 881 523 964 amatre,
551 891 700 944 noverca
723 869 854 941 scilicet
876 877 911 940 et
936 867 1098 964 petreii
1123 879 1248 961 matre,
1275 889 1400 942 corona
1425 869 1534 964 gratie
1561 889 1623 965 per
1652 891 1758 963 quam

353 993 585 1068 infirmitatem
600 1002 715 1067 nostre
732 991 947 1064 mortalitatis
964 995 1167 1090 assumpsit3
1188 1015 1210 1066 a
1227 987 1392 1080 noverca,
1413 1013 1538 1066 corona
1552 993 1685 1086 justitie
1699 1015 1760 1088 per

352 1139 458 1212 quam
482 1135 595 1213 genus¹
616 1119 807 1190 humanum
830 1116 1010 1210 sanguinis
1037 1117 1092 1190 sui
1119 1118 1230 1212 pretio
1254 1117 1416 1207 redemit3
1446 1139 1468 1188 a
1495 1125 1607 1212 patre,
1634 1137 1760 1191 corona

353 1242 478 1334 glorie,
501 1242 592 1336 [qui]
612 1241 659 1314 ad
676 1239 856 1314 dexteram
876 1261 975 1312 suam
990 1240 1104 1334 ipsum
1123 1241 1160 1312 in
1176 1261 1283 1334 regno
1301 1241 1408 1335 glorie
1425 1239 1615 1312 collocavit.
1632 1241 1682 1311 Tu
1696 1262 1759 1313 au·

353 1373 422 1436 tem
439 1365 595 1438 similiter
608 1365 645 1436 in
660 1363 840 1438 Germania
857 1363 1031 1436 coronaris
1049 1387 1069 1437 a
1092 1375 1202 1438 matre
1216 1365 1316 1458 eujus
1330 1365 1421 1437 lacte
1442 1362 1591 1436 nutritus
1604 1384 1642 1434 es
1659 1371 1694 1436 et
1711 1364 1759 1435 fe-

351 1487 461 1560 liciter
474 1488 643 1562 educatus
662 1508 788 1560 corona
803 1487 929 1581 gratie,
951 1508 1057 1580 quam
1075 1509 1144 1560 non
1164 1511 1211 1562 ex
1230 1488 1349 1562 debito
1359 1485 1491 1580 justitie
1508 1488 1571 1561 sed
1589 1509 1635 1560 en
1651 1487 1758 1560 libera

352 1611 518 1684 electione
537 1611 734 1708 principum
758 1611 909 1684 nosceris
930 1610 979 1707 (a)
1001 1595 1190 1685 assecutus.
1220 1611 1250 1684 Α
1273 1632 1420 1685 noverea
1444 1620 1625 1684 coronatus
1653 1633 1691 1684 es
1723 1611 1758 1682 iu

352 1735 491 1830 Liguria
505 1759 575 1830 que
588 1737 674 1810 solet
688 1735 876 1832 aliquando
888 1735 1033 1830 imperio
1049 1738 1226 1810 novercari
1241 1758 1366 1810 corona
1377 1735 1510 1830 justitie
1523 1759 1593 1832 que
1613 1737 1759 1810 debetur

349 1859 437 1951 juris
460 1861 675 1934 necessitate.
699 1859 812 1932 Tertio
837 1859 1011 1933 coronaris
1033 1883 1053 1932 a
1076 1860 1197 1948 Patre,
1223 1860 1394 1932 sciliceta
1420 1881 1555 1933 summo
1577 1861 1754 1956 pontifice,

354 2003 478 2054 corona
495 1983 629 2078 imperii
646 2005 717 2079 que
736 1994 788 2056 est
810 1984 935 2078 glorie,
952 2004 1021 2080 que
1043 1991 1076 2057 te
1097 1983 1259 2056 omnibus
1280 1983 1403 2058 mundi
1420 1983 1647 2078 potestatibus
1663 1994 1758 2056 ante-

352 2106 450 2200 ponit
465 2115 506 2178 ut
523 2107 632 2201 gloria
646 2107 823 2181 ethonore
847 2128 951 2202 super
965 2127 1084 2179 omnes
1098 2105 1221 2181 mundi
1236 2105 1408 2202 principes
1430 2105 1637 2178 sublimeris.
1656 2107 1758 2178 Coro·

353 2249 433 2301 nam
450 2229 557 2324 igitur
575 2219 683 2326 gratie
701 2231 749 2304 ita
773 2239 887 2326 portes
901 2230 937 2302 in
956 2231 1023 2304 hoc
1040 2231 1147 2303 exilio
1162 2239 1202 2302 ut
1216 2251 1341 2304 oorona
1351 2229 1483 2324 justitie
1496 2229 1559 2301 tibi
1574 2229 1610 2301 in
1622 2229 1757 2323 judicio

353 2363 537 2448 reponatur
554 2362 590 2427 et
611 2354 867 2429 examinandus
886 2377 907 2426 a
926 2353 1047 2447 judice
1065 2374 1239 2427 sermones
1264 2361 1343 2426 tuos
1364 2353 1401 2424 in
1426 2353 1577 2450 presenti
1595 2351 1759 2448 disponas

353 2479 480 2571 quihus
504 2479 552 2552 ad
573 2489 775 2574 arguentem
797 2488 831 2552 te
852 2479 963 2574 possis
989 2477 1213 2583 respondere3
1243 2487 1278 2550 et
1302 2475 1441 2550 tandem
1469 2497 1594 2550 corona
1620 2477 1759 2550 immar-

353 2601 522 2674 cescibilis
538 2603 647 2696 glorie
664 2603 837 2676 coroneris
859 2605 895 2674 in
920 2625 1027 2698 regno
1049 2601 1146 2696 quod
1164 2601 1259 2673 nullo
1273 2621 1428 2694 unquam
1442 2609 1594 2695 tempore
1607 2608 1760 2673 corrum-

353 2735 464 2821 petur.
483 2727 663 2821 Sceptrnm
682 2727 814 2818 justitie
832 2737 948 2822 portas
968 2728 1004 2798 in
1029 2725 1153 2799 dextra
1176 2747 1246 2820 qne
1265 2724 1383 2818 gravis
1401 2733 1454 2797 est
1475 2723 1522 2796 ad
1543 2724 1760 2820 puniendum

353 2848 507 2943 iniquos;
525 2849 560 2920 in
575 2849 713 2922 sinistra
729 2872 868 2946 pomum
882 2871 1043 2941 aureum,
1060 2849 1160 2921 initio
1174 2869 1295 2922 cerens
1305 2856 1340 2920 et
1354 2845 1440 2939 fine,
1452 2847 1548 2942 quod
1561 2857 1613 2922 est
1625 2847 1758 2920 miseri·

353 2971 471 3045 cordis
483 2974 540 3044 cui
553 2995 698 3067 regnum
713 2974 922 3068 promittitur
935 2973 1199 3069 sempiternum3
1214 2993 1283 3066 que
1297 2979 1437 3046 extenta
1454 2972 1557 3046 debet
1569 2993 1646 3044 esse
1659 2971 1705 3045 ad
1716 2971 1757 3042 li-

352 3095 544 3168 berandum
558 3117 739 3193 oppressos
757 3106 791 3170 et
811 3097 954 3170 miseros
969 3097 1215 3187 consolandos,
1232 3095 1316 3190 quis
1333 3094 1505 3188 judicium
1527 3095 1602 3167 sine
1625 3096 1757 3168 miseri·

353 3221 469 3295 cordia
483 3223 629 3294 multum
643 3222 851 3314 destituitur,
870 3224 900 3294 si
914 3246 1024 3296 unum
1040 3223 1116 3296 sine
1130 3223 1238 3296 altero
1253 3231 1421 3294 teneatur.
1441 3221 1497 3295 Ad
1511 3221 1575 3294 hec
1586 3223 1631 3294 de
1642 3222 1757 3294 anime

354 3355 412 3417 tue
425 3367 530 3440 quam
549 3346 682 3419 sincera
708 3357 742 3418 et
770 3346 904 3420 ardenti
930 3347 1108 3442 diligimus
1123 3345 1287 3420 charitats
1309 3347 1420 3418 saluts
1433 3345 1569 3418 solliciti
1585 3345 1757 3419 universis

352 3470 475 3544 mundi
490 3472 594 3564 hujus
608 3469 812 3544 bansitoriis
826 3471 1045 3566 proterenda,
1063 3493 1110 3544 ex
1122 3471 1339 3567 prerogativa
1352 3469 1545 3544 dilectionis
1558 3492 1630 3564 qua
1643 3469 1680 3542 in
1693 3470 1758 3542 mi·

353 3594 427 3666 nori
445 3593 558 3666 officio
571 3615 692 3666 sumus
705 3593 917 3689 imperialem
930 3595 1170 3668 celsitudinem
1185 3593 1389 3689 amplexati,
1404 3602 1444 3666 ut
1457 3593 1544 3664 nihil
1558 3593 1604 3666 de
1619 3593 1758 3666 nontin·

352 3721 513 3814 gentibus
530 3719 727 3794 omittamus
745 3743 814 3814 que
829 3721 874 3793 ad
892 3721 1010 3792 mortis
1028 3729 1144 3793 eterne
1164 3719 1356 3814 periculum
1373 3718 1578 3791 evitandum
1601 3727 1636 3791 et
1657 3740 1756 3792 recu·

353 3845 540 3938 perandum
551 3843 697 3935 gratiam
713 3841 871 3916 crucifixi
890 3845 1017 3916 luerint
1032 3853 1222 3940 oportuna,
1239 3845 1380 3916 latorem
1395 3843 1604 3938 presentium
1619 3843 1757 3914 fratrem

353 3967 495 4040 Gualam
513 3967 558 4064 (h)
574 3967 619 4040 de
637 3968 759 4040 ordine
772 3967 1027 4041 Predicatorum
1047 3967 1109 4040 tibi
1129 3966 1296 4040 duximus
1316 3966 1578 4056 destinandum,
1598 3965 1656 4037 eui
1677 3974 1758 4036 tun-

352 4113 456 4185 quam
476 4092 575 4163 nobis
597 4090 700 4164 fidem
724 4091 952 4164 indubitatam
973 4091 1140 4164 adhibeas
1164 4111 1268 4186 super
1292 4089 1347 4162 his
1369 4111 1439 4184 que
1461 4110 1508 4161 ex
1528 4097 1625 4184 parte
1643 4096 1757 4162 nostra

352 4214 575 4310 proponenda
591 4214 742 4288 duxerit.
761 4217 884 4287 Datum
903 4222 968 4286 etc.
986 4212 1049 4309 (t).

392 4363 434 4442 (n)
453 4365 542 4443 Apud
554 4365 729 4428 schardium
741 4365 1005 4428 normanus.
1067 4395 1069 4398 ·

393 4469 432 4548 (h)
453 4471 582 4546 Ibidem,
601 4468 770 4534 &mmmm
783 4473 872 4534 mole.

387 4721 421 4796 (t)
438 4723 498 4779 Non
512 4724 661 4798 consignati
673 4731 736 4782 sunt
749 4726 777 4782 in
791 4725 834 4784 his
845 4725 942 4786 litteris
953 4727 1011 4785 dies
1024 4743 1056 4786 ac
1068 4725 1159 4800 locus,
1175 4743 1269 4786 verum
1281 4727 1420 4801 Anagniae
1432 4727 1548 4802 scriptas
1557 4725 1639 4783 hinc
1650 4723 1756 4797 conjec-

449 4821 504 4884 111.
1580 4833 1597 4886 2
