4642 6106
392 707 493 769 lanam.
508 703 554 788 a]
842 695 1041 760 lllS'lolllll
1063 691 1355 755 nll‘tollll'rlce.

446 1279 678 1384 FridericuS,
693 1278 955 1362 Romanorum
966 1275 1187 1384 imperator,
1198 1275 1329 1356 domui
1341 1273 1540 1382 hospitalis
1554 1272 1714 1358 Sanctae
1726 1273 1806 1358 Ma·
1864 1286 1972 1388 Ἢ»

392 1409 471 1496 riae
484 1409 805 1494 Theutonioorum
822 1408 992 1490 diversas
1007 1407 1230 1490 donationes
1248 1433 1272 1500 a
1289 1405 1465 1514 pluribus
1484 1406 1593 1516 regni
1611 1405 1805 1489 nobilibus

392 1541 513 1626 factas
525 1553 563 1626 et
580 1541 723 1626 ibidem
738 1566 936 1650 expresses
951 1538 1124 1623 concedit
1136 1549 1174 1624 et
1185 1547 1369 1648 perpetuo
1385 1538 1600 1622 confirmat.

475 1763 596 1842 (laedit.
611 1765 643 1824 ln
655 1764 766 1824 archiv.
780 1779 842 1842 reg.
856 1763 884 1824 S.
901 1763 1034 1825 Severlrd
1044 1779 1093 1840 up.
1105 1763 1269 1840 Neapolim.
1280 1762 1429 1842 Orlgluale
1441 1765 1617 1841 transumptl
1625 1779 1704 1824 enno
1716 1771 1806 1838 120⁰,

512 1871 608 1946 prlmo
625 1867 673 1929 dle
684 1867 864 1942 decembris,
880 1867 991 1929 redacti
1005 1871 1155 1946 lntegrum
1169 1867 1368 1942 exhlbemus.)

440 2063 542 2137 Anno
559 2063 732 2137 dominice
754 2063 1001 2137 iucarnationis
1025 2063 1208 2137 millesimo
1233 2061 1471 2137 ducentesimo
1494 2061 1729 2156 sexagesimo,
1754 2083 1810 2135 re·
1965 2137 1967 2144 ,

392 2194 520 2280 manle
539 2185 681 2260 domino
695 2194 811 2259 nostm
828 2186 1001 2260 Manlrido
1013 2186 1075 2260 Dei
1094 2187 1204 2280 gratia
1221 2185 1440 2259 serenissimo
1464 2185 1580 2258 Sicilie
1595 2207 1696 2279 rege,
1717 2206 1810 2258 anuo

392 2309 563 2402 secundo,
580 2309 640 2384 die
659 2309 742 2382 lune
759 2309 870 2404 primo
887 2309 1017 2382 mensis
1033 2309 1244 2397 decembris,
1267 2309 1402 2382 decime
1419 2307 1493 2405 (stc)
1514 2307 1725 2382 indictionis.
1742 2309 1813 2382 Nos

392 2433 579 2528 subscripti
588 2432 932 2527 judioesllrundusii
948 2434 1099 2528 presenti
1120 2433 1248 2528 scripto
1267 2431 1415 2505 latemur
1434 2429 1531 2526 quod
1545 2433 1591 2506 ad
1610 2432 1811 2528 petitionem

392 2558 637 2632 mentemst
653 2559 864 2654 pneoeptoris
876 2559 1003 2633 domus
1015 2559 1195 2654 hospitalis
1210 2561 1334 2631 Sancte
1349 2557 1457 2630 Mario
1470 2557 1755 2629 Theomnicorum
1772 2557 1810 2628 iu

392 2681 607 2774 Brundusio,
626 2683 750 2755 lectam
776 2683 876 2755 nobis
893 2704 956 2779 pro
974 2692 1071 2778 purte
1092 2683 1206 2755 fratris
1227 2679 1400 2776 Balduyni
1423 2679 1633 2754 venerabilis
1653 2679 1809 2773 magistri

392 2803 574 2878 domorum
590 2805 813 2902 hospitalium
828 2805 985 2899 ejusdem
1000 2805 1037 2878 in
1048 2805 1193 2900 Apulia,
1209 2803 1443 2898 subscriptum
1457 2802 1679 2899 privilegium
1694 2800 1808 2875 eidem

392 2925 513 3000 domui
535 2929 696 3025 hospitali
717 2929 800 3002 olim
824 2929 998 3002 indultum
1019 2950 1041 3001 a
1063 2927 1204 3000 domiuo
1232 2937 1347 3000 nostro
1372 2926 1591 3000 serenissimo
1606 2926 1810 3022 imperatore

391 3052 565 3127 Friderico
588 3052 671 3127 dive
695 3053 877 3146 memorie,
899 3054 944 3127 de
967 3051 1178 3147 quibusdam
1204 3051 1400 3124 tenimentis
1420 3060 1588 3124 terrarum
1610 3059 1646 3123 et
1671 3049 1811 3124 libertu-

391 3174 487 3248 usus
509 3177 625 3250 ouem
658 3177 779 3250 nomn
807 3177 966 3272 uospnan
999 3177 1191 3265 ennoean,
1220 3175 1317 3270 quon
1341 3153 1576 3271 privilegtum‘
1589 3173 1745 3247 vlumus
1773 3173 1809 3246 u

391 3299 502 3394 puma
514 3301 570 3372 sui
585 3299 697 3395 ligura
711 3322 833 3374 carens
850 3301 946 3374 omni
962 3301 1047 3375 vitio
1064 3311 1100 3374 et
1116 3301 1313 3396 suspicione
1324 3322 1405 3372 curu
1421 3299 1514 3372 bulla
1530 3319 1628 3372 cerea
1642 3297 1808 3395 pendenti

391 3423 579 3513 majestatis
593 3424 781 3520 imperialis
799 3425 917 3520 specie
935 3425 1102 3520 impressa
1116 3434 1152 3498 ct
1165 3425 1330 3520 legimus,
1347 3434 1387 3496 ut
1401 3423 1506 3496 fidem
1522 3425 1631 3520 possit
1647 3424 1759 3496 lacere
1770 3423 1807 3496 in

387 3543 530 3638 judiciis
555 3557 590 3620 et
609 3557 728 3640 extra,
749 3549 886 3643 quoties
905 3549 1118 3645 expedierit,
1140 3549 1224 3643 quia
1244 3549 1359 3622 eidem
1380 3547 1500 3622 domui
1504 3599 1628 3621 ........
1646 3547 1805 3639 dicebat,

391 3665 539 3743 fideliter
550 3671 713 3745 dererbo
731 3672 778 3745 ad
790 3673 937 3746 verbum
951 3695 1014 3770 per
1025 3696 1150 3747 manus
1163 3673 1331 3746 leonardi
1343 3673 1473 3768 puplici
1484 3671 1672 3746 Brundusii
1685 3671 1808 3745 notarii

391 3791 571 3866 nobiscum
585 3795 755 3890 presentis
771 3797 807 3867 in
825 3799 1000 3893 puplicam
1015 3799 1160 3870 mamam
1173 3797 1286 3891 redigi
1301 3797 1447 3870 fecimus
1466 3797 1594 3892 pariter
1608 3805 1644 3869 et
1656 3795 1810 3868 autenti-

390 3915 480 4007 can’,
496 3918 668 3991 nostriset
682 3919 955 4016 subscriptorum
972 3922 1112 3993 testium
1134 3921 1367 3994 lieteratorum
1389 3921 1570 3994 nobiscnm
1591 3920 1808 4016 presentium

390 4041 703 4136 subscriptionibus
721 4043 937 4136 roboratum,
963 4055 998 4117 et
1016 4045 1173 4138 ejusdem
1199 4045 1323 4119 notarii
1352 4054 1517 4118 consueto
1539 4044 1640 4139 signo
1663 4043 1802 4115 muniri.

390 4161 497 4256 Cujus
514 4165 686 4260 privilegii
705 4167 918 4240 confluentia
935 4189 998 4263 per
1012 4169 1131 4242 omnia
1148 4168 1225 4241 talis
1238 4178 1333 4240 erata

438 4286 634 4360 Fridericus
648 4289 770 4363 divina
786 4292 925 4364 favente
939 4293 1120 4365 clementia
1134 4293 1365 4364 Romanorum
1379 4291 1579 4386 imperator,
1594 4309 1730 4384 semper
1744 4307 1807 4361 au-

389 4420 515 4500 gustus
540 4421 576 4484 et
599 4435 663 4486 rex
685 4415 810 4488 Sicilie.
838 4417 963 4488 Notum
988 4417 1134 4489 facimus
1164 4416 1337 4488 universis
1368 4425 1437 4488 tarn
1462 4408 1679 4511 presentibus
1700 4433 1808 4508 quam

389 4531 623 4630 luturisqnod
636 4539 852 4613 attendentes
870 4540 1083 4614 honestatem
1110 4549 1215 4634 atque
1237 4540 1438 4634 religionem
1461 4558 1557 4614 sacre
1579 4539 1704 4613 domus
1727 4537 1808 4610 hos·

389 4654 506 4749 pitelis
531 4659 656 4732 Sancte
676 4661 784 4734 Mario
806 4663 1091 4736 Theotouicorum
1113 4663 1150 4735 in
1173 4665 1381 4755 Jerusalem,
1397 4687 1467 4760 que
1490 4685 1512 4738 a
1534 4661 1808 4758 divoquondam

389 4789 540 4873 augusto
553 4781 695 4862 domino
718 4784 922 4881 imperatore
934 4787 1108 4863 Friderico
1130 4810 1198 4863 avo
1214 4799 1331 4862 nostro
1354 4789 1486 4863 exstitit
1503 4795 1710 4886 propagata,
1733 4793 1811 4860 eta
