4642 6106
355 653 456 715 holm.
469 647 515 732 3.]
809 644 1005 708 distorte
1030 643 1321 708 nlrnottnrlcn.
1711 641 1772 702 213

356 783 542 878 injectione
556 783 592 855 in
608 780 750 854 clericos
764 780 853 854 lecta
865 788 900 854 et
913 799 1078 876 personas
1091 777 1354 852 ecclesiastices.
1369 774 1594 850 Postmodum
1610 775 1772 849 dominus

358 909 543 1006 imperator
558 906 793 998 juramentum
808 902 972 1000 prestitit,
993 903 1083 976 sicut
1106 902 1142 974 in
1164 902 1237 975 suis
1253 901 1373 974 litteris
1391 923 1497 974 aurea
1514 901 1610 974 bulla
1630 899 1773 972 munitis

358 1031 448 1106 etin
466 1030 641 1106 communi
664 1028 822 1126 perlectis
837 1027 1015 1102 audientia
1034 1026 1240 1100 continetur.
1260 1027 1408 1122 Recepto
1425 1035 1540 1100 autem
1557 1024 1690 1098 domini
1708 1024 1772 1096 irn-

359 1155 526 1252 peratoris
532 1157 745 1248 juramento,
760 1150 892 1225 domini
912 1149 1104 1224 cardinales
1119 1149 1265 1246 predicti
1284 1149 1400 1224 eidem
1418 1150 1560 1224 domino
1576 1149 1772 1245 imperatori

359 1281 427 1352 telo
436 1279 607 1354 dederunt
618 1278 819 1351 mandatnm
835 1302 843 1346 r
858 1315 908 1328 —
918 1275 988 1348 Noe
998 1273 1169 1348 lohannes
1178 1274 1377 1348 sabinensis
1388 1275 1573 1371 episcopus
1584 1281 1618 1346 et
1627 1272 1775 1346 Thomas

217 1491 219 1494 ¹
359 1403 450 1476 tituli
466 1405 590 1476 Sancte
603 1401 731 1474 Sabine
748 1399 928 1496 presbyter
941 1398 1126 1472 cardinalis
1141 1399 1219 1472 vice
1237 1398 1368 1473 domini
1384 1421 1475 1495 pape
1488 1397 1694 1471 mandamus
1711 1397 1774 1472 do-

359 1527 453 1600 mino
471 1527 644 1600 Friderico
670 1525 868 1622 imperatori
888 1524 955 1596 sub
977 1522 1094 1596 debito
1115 1523 1247 1619 prestiti
1262 1523 1448 1617 juramenti
1467 1531 1506 1594 ut
1524 1523 1599 1618 ipse
1618 1522 1774 1596 restituet

358 1648 528 1745 quicquid
558 1658 765 1744 occupatum
791 1657 844 1720 est
868 1667 930 1742 per
956 1646 1072 1740 ipsum
1095 1647 1151 1719 vel
1177 1646 1350 1721 ministros
1373 1667 1455 1719 suos
1481 1646 1518 1718 in
1543 1646 1696 1720 Marchia
1718 1648 1772 1721 vel

359 1777 494 1846 Ducatu
515 1795 578 1846 seu
599 1773 636 1845 in
658 1773 727 1846 elio
745 1771 952 1868 patrimonio
974 1770 1144 1862 Ecclesie,
1164 1781 1200 1844 et
1217 1771 1388 1866 quicquid
1408 1779 1615 1868 occupatum
1634 1779 1686 1844 est
1713 1793 1774 1868 per

359 1897 474 1992 ipsam
498 1897 555 1969 vel
573 1917 636 1992 per
655 1896 791 1988 bejulos
813 1915 895 1968 suos
914 1917 976 1968 seu
1003 1895 1176 1968 ministros
1202 1893 1247 1968 de
1269 1895 1389 1969 castris
1415 1915 1478 1968 seu
1499 1895 1774 1990 possessionibus

358 2021 657 2111 monasteriorum,
677 2020 871 2116 specialiter
887 2018 1084 2092 monosterii
1103 2019 1217 2092 Sencti
1236 2019 1367 2106 Quirini
1390 2019 1435 2093 de
1453 2019 1648 2108 lntroduro,
1665 2021 1774 2093 ecole-

359 2145 508 2238 eiarnm,
522 2145 810 2242 Templariorum,
824 2143 1146 2239 Hospitalariorum,
1162 2144 1331 2218 baronum
1346 2144 1541 2218 stallorum
1553 2143 1721 2218 nobilium
1739 2155 1773 2217 et

359 2279 550 2346 ceterorum
563 2269 625 2364 qui
642 2270 794 2342 Ecclesie
809 2268 846 2340 in
862 2269 929 2342 boc
947 2267 1086 2362 negotio
1102 2267 1330 2360 adheserunt,
1350 2277 1385 2342 et
1401 2268 1497 2363 quod
1514 2269 1670 2342 restituat
1684 2268 1773 2344 Tha·

358 2396 532 2470 rentinum
545 2395 859 2491 archiepiscopum,
876 2415 997 2468 omnes
1012 2393 1192 2491 episcopos
1206 2403 1241 2466 et
1252 2395 1400 2491 prelatos
1417 2396 1480 2490 qui
1496 2405 1578 2468 sunt
1591 2394 1713 2468 exules
1727 2393 1773 2468 ud

359 2520 462 2594 sedes
476 2529 512 2594 et
524 2520 601 2593 loca
615 2541 679 2592 sua
693 2528 728 2592 et
745 2517 792 2593 ad
810 2518 926 2593 omnia
941 2519 1033 2592 bona
1045 2540 1109 2591 sua
1124 2518 1299 2608 extnnlia3
1314 2518 1516 2613 adjicientes
1534 2519 1571 2592 in
1588 2517 1682 2591 lino:
1703 2519 1774 2591 Hec

359 2644 465 2740 igitur
483 2642 682 2740 supradicta
703 2642 910 2717 mandamns
928 2643 975 2717 ad
995 2663 1135 2739 presens
1156 2643 1225 2716 elie
1247 2665 1311 2716 suo
1328 2653 1480 2740 tempore
1499 2643 1708 2717 mandaturi.
1732 2644 1771 2716 ln

359 2768 460 2860 cujus
489 2767 539 2840 rei
574 2768 806 2842 testimonium
833 2789 975 2864 presens
1001 2770 1165 2864 scripturn
1195 2767 1340 2842 lecimus
1363 2769 1553 2862 sigillorum
1578 2777 1772 2842 nostrorum

359 2890 551 2964 munimine
565 2891 732 2966 roborari.

406 3016 493 3089 Dete
513 3003 617 3111 apud
630 3017 795 3090 Sanctum
816 3015 1042 3102 Germanum,
1069 3015 1127 3089 die
1149 3016 1269 3090 martis
1289 3025 1370 3092 unte
1391 3018 1516 3090 iestum
1538 3018 1631 3092 beati
1653 3019 1771 3092 Jacobl

356 3140 502 3236 apostoli
512 3195 523 3232 ,
543 3161 636 3214 enno
650 3141 787 3215 Domini
803 3141 848 3213 Μ.
865 3141 927 3214 CC.
945 3141 1060 3226 XXX,
1082 3161 1201 3214 mense
1214 3142 1314 3234 julio.

1023 3409 1104 3481 vll.

408 3627 447 3698 ln
459 3627 597 3700 nomine
611 3627 761 3719 Domini,
780 3650 893 3701 emen.
912 3629 1117 3702 Bertholdus
1128 3629 1360 3724 Aquileiensis
1374 3632 1587 3727 patriarcha,
1603 3633 1772 3706 Eberhar·
1800 3643 1978 3748 Agma?

360 3750 428 3824 dus
458 3751 738 3847 archiepiscopus
767 3753 1067 3847 salzeburgensis,
1100 3753 1251 3826 Siiridoe
1280 3755 1465 3850 episcopus
1491 3755 1767 3852 Ratisponensis,
1840 3751 1936 3804 ”³³¹st

359 3875 579 3950 Bernhardue
592 3876 791 3968 Kerinthie,
806 3877 885 3949 Otto
900 3877 1053 3950 Meranie
1071 3877 1196 3969 duces,
1216 3879 1279 3952 Dei
1297 3880 1407 3970 gretia
1428 3881 1600 3977 principes
1616 3882 1769 3978 imperii,

359 3999 533 4074 universis
556 4001 674 4096 scripti
696 4001 802 4094 hujus
819 4001 1072 4096 inspectoribus
1092 4005 1237 4076 salutem
1255 4003 1291 4074 in
1311 4005 1469 4076 Domino.
1501 4006 1665 4078 Noverint
1690 4007 1773 4078 uni-

359 4125 451 4198 versi
466 4123 563 4218 quod
575 4146 639 4198 nos
651 4124 802 4198 dominis
816 4127 962 4200 lobanni
975 4127 1154 4200 sabinensi
1169 4128 1333 4224 episcopo
1347 4137 1382 4200 et
1397 4128 1527 4202 Thome
1546 4129 1634 4202 tituli
1650 4133 1773 4204 Sancte

359 4247 486 4322 Sabine
499 4249 700 4345 presbytero
719 4247 886 4326 cardinali
902 4249 981 4324 vice
997 4251 1206 4324 venerabilis
1220 4253 1327 4348 petris
1341 4253 1447 4326 nostri
1462 4253 1593 4326 domini
1609 4277 1699 4350 pepe
1718 4278 1772 4329 re·

359 4371 568 4468 cipientibus
583 4373 805 4468 promisimus
819 4372 961 4447 firmiter
973 4395 1036 4447 nos
1051 4397 1173 4449 curare
1187 4385 1222 4448 et
1236 4376 1328 4449 bona
1343 4375 1414 4450 fide
1428 4375 1511 4450 dare
1523 4399 1663 4472 operam
1677 4379 1773 4474 quod

359 4495 523 4570 dominus
535 4505 653 4569 noster
665 4497 849 4593 imperator
866 4517 968 4570 omne
985 4497 1023 4570 id
1038 4497 1134 4592 quod
1149 4508 1241 4572 tenet
1258 4499 1303 4573 de
1317 4501 1468 4574 Merchia
1480 4503 1658 4576 etIlucatu
1672 4507 1774 4601 plene

359 4621 516 4694 restituat
532 4629 651 4694 sancte
665 4621 817 4694 Romane
834 4621 990 4712 ecclesie,
1011 4631 1046 4694 et
1061 4622 1191 4696 exinde
1204 4645 1268 4697 nos
1286 4623 1506 4717 fidejussores
1518 4628 1770 4718 constituimus,

358 4741 552 4839 obligantes
571 4743 787 4838 fidejussorio
802 4745 941 4820 nomine
959 4767 1021 4842 pro
1037 4746 1252 4822 restitutione
1267 4747 1436 4845 predicta.
