4642 6106
335 685 495 770 rames]
785 670 1296 748 nrsronra'orrtounrrca.
1683 677 1740 738 arr

336 823 408 898 tani
431 825 597 896 meterem
621 817 675 917 (l)
697 831 915 916 quecumque
936 821 973 892 in
999 808 1229 914 prejudicium
1248 824 1347 884 tunm
1373 821 1573 908 presumpta
1596 815 1743 887 suntab

337 947 468 1022 eisdem
484 945 637 1042 plenarie
653 945 864 1040 precipimus
877 943 1067 1018 emendari.
1083 943 1135 1012 Tu
1151 959 1256 1026 uero,
1279 935 1328 1006 lili
1345 935 1536 1026 carissime,
1556 936 1607 1008 sic
1627 959 1745 1009 emen-

338 1071 414 1146 dari
441 1070 548 1144 incias
572 1090 641 1163 qne
668 1090 689 1140 a
713 1069 889 1163 premissis
908 1065 1108 1160 justiciariis
1136 1071 1218 1136 sunt
1243 1069 1442 1156 presumpta
1468 1059 1563 1152 quod
1590 1059 1744 1132 divinam

337 1195 448 1268 evites
457 1195 635 1281 eliensem,
652 1202 686 1266 et
698 1194 747 1264 illi
763 1203 831 1266 tam
848 1194 1024 1265 voluntate
1037 1211 1141 1284 qnam
1156 1186 1290 1259 actione
1306 1193 1442 1276 satagas
1459 1185 1672 1280 complacere
1683 1187 1745 1280 qni

337 1319 468 1391 exaltat
485 1317 552 1390 sibi
575 1317 729 1412 placidos
749 1318 785 1388 in
805 1317 963 1389 salutem.
980 1315 1116 1386 Utinam
1140 1331 1300 1406 sponsam
1325 1309 1400 1400 ejus
1419 1308 1667 1380 sanctissimam
1683 1311 1746 1381 Ec-

339 1442 479 1514 clesiam
496 1441 648 1514 videaris
665 1443 800 1514 sincero
818 1441 934 1514 animo
954 1437 1111 1512 venerari
1128 1447 1162 1508 et
1176 1457 1237 1530 per
1250 1433 1316 1506 hoc
1336 1433 1479 1526 gratiam
1495 1433 1531 1503 in
1550 1433 1697 1527 presenti
1709 1441 1746 1505 'et

340 1565 564 1660 gloriamtibi
586 1587 764 1662 compares
785 1566 820 1636 in
839 1567 968 1654 tuturo,
990 1583 1122 1656 nosque
1137 1558 1357 1633 devotionem
1373 1567 1467 1628 tuam
1486 1557 1658 1652 possimus
1674 1577 1747 1630 me·

340 1691 408 1762 rito
426 1689 683 1762 commendare!

383 1817 514 1887 -Datum
535 1815 703 1907 Laterani,
723 1815 798 1888 lllll
817 1813 897 1887 idos
910 1812 1038 1900 martii,
1056 1808 1274 1905 pontificatus
1290 1805 1397 1878 nostri
1411 1825 1502 1877 enno
1518 1805 1573 1876 lV.

589 2117 1000 2130 w

396 2397 555 2480 Litterae
576 2395 605 2478 F
605 2395 753 2480 riderici
771 2398 1030 2481 Romanorum
1053 2396 1290 2508 imperatoris
1313 2396 1362 2477 ad
1384 2419 1587 2477 commune
1609 2393 1751 2476 Senen-
1773 2393 1952 2492 „imp

344 2529 444 2612 sium
462 2529 603 2638 quibus
620 2530 712 2638 ipsis
734 2530 782 2612 de
801 2529 876 2612 fide
898 2532 1112 2640 gratulatur
1131 2541 1169 2614 et
1189 2529 1347 2611 mandat
1369 2537 1412 2609 ut
1434 2527 1594 2610 nuncios
1613 2527 1661 2609 ad
1684 2551 1751 2608 cu-

344 2662 441 2743 riam
455 2661 669 2772 generalem
682 2663 845 2770 proximi
859 2665 1001 2746 mensis
1020 2665 1149 2774 aprilis
1167 2660 1444 2765 transmittant,
1460 2687 1529 2742 nec
1546 2685 1624 2742 non
1643 2671 1685 2741 nt
1703 2659 1751 2740 ab

343 2792 449 2876 omni
467 2795 682 2877 incursione
695 2795 823 2876 hostili
838 2795 1065 2879 abstineant.

385 3051 387 3058 ·
427 3007 549 3087 [Inedit.
571 3025 610 3070 ex
629 3009 757 3088 exempl.
774 3009 975 3072 uutheuttceto
993 3027 1042 3088 up.
1061 3011 1142 3072 arch.
1163 3026 1270 3070 eornm.
1286 3008 1443 3078 Senensis,
1458 3023 1590 3084 pergam.
1610 3013 1683 3066 tom.
1697 3007 1750 3084 lt',

465 3125 498 3174 n·
513 3113 596 3194 sao.)

389 3301 494 3372 duno
511 3322 531 3372 a
547 3301 726 3374 nativitate
740 3299 875 3371 Domini
897 3299 1078 3372 millesimo
1100 3299 1336 3372 ducentesimo
1358 3297 1531 3391 trigesimo
1546 3297 1674 3393 primo,
1695 3299 1753 3368 in-

347 3420 497 3496 dictione
511 3433 653 3518 quarta,
675 3424 733 3496 die
753 3423 927 3496 dominico
948 3423 1038 3494 circa
1057 3445 1150 3495 oram
1172 3423 1307 3518 vesperi
1328 3433 1426 3494 sexto
1446 3423 1604 3494 intrantis
1626 3425 1753 3494 mensis

347 3547 477 3641 aprilis,
489 3547 530 3617 in
547 3547 716 3642 presentia
729 3546 861 3619 domini
876 3547 1041 3618 llanlredi
1055 3547 1210 3618 Scrivani
1226 3547 1270 3618 de
1288 3547 1408 3618 Parma
1421 3556 1456 3619 et
1469 3547 1585 3618 iacobi
1600 3549 1674 3638 ejus
1690 3544 1750 3616 lilii

346 3677 385 3740 et
395 3670 561 3742 llomodei
572 3669 717 3742 Sertorio
728 3680 762 3741 et
778 3669 941 3763 Furigoni
954 3667 1126 3741 Guillelmi
1138 3667 1182 3740 de
1197 3669 1366 3762 Fungono
1381 3669 1428 3740 ibi
1444 3669 1592 3758 testium,
1607 3665 1752 3739 Enricns

345 3793 437 3866 Gulli
455 3795 598 3865 nuntius
621 3793 751 3866 domini
771 3791 964 3865 Ferderichi
978 3790 1054 3889 (sic)
1076 3793 1138 3865 Dei
1156 3795 1265 3886 gratia
1287 3793 1516 3865 Romanorum
1540 3793 1752 3887 imperatoris

346 3939 394 3988 ex
411 3925 505 4011 perte
525 3917 608 3990 dicti
625 3917 757 3989 domini
776 3917 990 4013 imperatoris
1004 3919 1250 4013 representavit
1266 3927 1300 3990 et
1321 3917 1417 3990 dedit
1439 3918 1473 3988 in
1499 3917 1660 3988 manibus
1681 3917 1752 3991 do-

347 4041 432 4112 mini
450 4041 578 4134 Ugonis
591 4041 692 4136 Lupi,
709 4021 917 4113 marchionis
926 4039 1089 4144 Soranee,
1104 4035 1164 4113 Dei
1182 4043 1290 4135 gratia
1303 4042 1462 4113 Senensis
1477 4043 1649 4136 potestatis
1664 4043 1751 4113 duas

348 4165 481 4237 licturus
503 4165 668 4258 sigillatas
688 4165 801 4258 sigillo
822 4165 1050 4238 dictidomini
1069 4167 1298 4260 imperatoris,
1321 4167 1357 4236 in
1377 4187 1446 4236 una
1472 4187 1618 4257 quarum
1637 4167 1753 4236 conti-

349 4287 494 4359 uebatur
509 4287 663 4360 deforis:-
678 4288 837 4360 Potestati
849 4298 883 4360 et
896 4289 1038 4360 oonsilio
1052 4290 1194 4360 Senensi
1207 4287 1369 4360 fidelibus
1379 4287 1464 4378 suis,
1481 4327 1525 4340 -·
1541 4289 1577 4358 in
1591 4289 1657 4361 alia
1672 4311 1752 4362 vero

345 4613 348 4618 ·
384 4589 422 4661 (tt
441 4589 555 4646 Litterae
565 4588 662 4663 quihus
674 4592 820 4665 Gregorius
830 4607 900 4666 papa
912 4591 1071 4678 Marcilium,
1080 4591 1219 4662 Dneatum,
1233 4591 1381 4662 Perusiam,
1396 4593 1552 4661 tudertum,
1564 4592 1662 4650 Urbem
1675 4593 1755 4648 Veto·

350 4699 418 4756 rem,
433 4687 558 4744 Narniam
571 4694 599 4744 et
611 4688 740 4746 dmeliem
751 4690 872 4762 regimini
882 4689 1004 4762 'episcopi
1018 4689 1187 4746 Belraoensis
1198 4689 1340 4760 commisit,
1353 4689 1689 4762 dataesuntduagnie,vll
1702 4689 1753 4744 trel.

350 4784 566 4856 subamaro
575 4791 671 4858 quarto
682 4789 733 4860 (25
745 4785 878 4860 septemb.
890 4787 983 4858 4230).
1001 4787 1101 4859 Rapiat.
1115 4787 1205 4860 epist,
1216 4799 1247 4842 n·
1262 4787 1310 4858 tl,
1326 4787 1352 4843 iu
1367 4787 1432 4844 Coll.
1446 4789 1482 4844 La
1495 4787 1575 4844 Porte
1584 4787 1620 4843 du
1634 4786 1717 4843 Theil.
