4642 6106
372 655 470 716 rcere.
486 651 530 737 a]
832 648 1029 710 nrsronrn
1052 650 1344 712 nrrnourmcn
1706 648 1782 711 eeu

370 789 482 862 aciem
499 786 624 860 mentis
635 797 752 858 nostre
763 805 806 856 ac
822 805 942 856 eorum
960 784 1169 878 profectibus
1185 785 1395 859 intendimus
1408 783 1621 879 diligentius,
1634 794 1781 878 augetur

372 913 408 983 in
429 911 481 985 eis
504 911 644 985 devotio
666 907 749 982 fidei
766 916 801 980 et
823 917 893 979 tam
912 907 1005 1002 ipsos
1022 929 1128 1002 qnam
1151 909 1237 982 alios
1253 909 1300 982 ad
1319 908 1542 982 serviendum
1565 907 1702 980 fidelius
1719 931 1780 1004 per

372 1033 585 1107 liberalitatis
609 1033 809 1127 exemplum
831 1030 1021 1102 ferventius
1043 1031 1242 1105 invitamus.
1265 1032 1349 1107 lnde
1374 1041 1425 1106 est
1448 1032 1544 1126 quod
1564 1041 1684 1104 notum
1705 1031 1779 1104 ficri

372 1159 535 1231 volamus
553 1154 725 1228 universis
740 1153 875 1249 imperii
895 1151 1058 1226 fidelibus
1072 1162 1144 1226 tam
1167 1155 1384 1250 presentibus
1407 1176 1513 1250 quam
1538 1155 1663 1226 laturis
1685 1153 1780 1247 quod

372 1303 436 1354 nos
450 1279 665 1353 attendentes
687 1299 810 1374 puram
828 1275 933 1349 fidem
951 1285 986 1348 et
1006 1276 1225 1350 devotionem
1246 1278 1414 1351 sinceram
1430 1300 1537 1372 qnam
1556 1278 1652 1350 cives
1666 1278 1781 1350 lintis-

373 1423 544 1498 ponenses
559 1423 641 1496 erga
659 1400 844 1496 imperium
860 1408 896 1472 et
909 1421 972 1472 nos
989 1421 1124 1496 semper
1141 1401 1354 1494 babuerunt,
1372 1400 1627 1476 considerantes
1643 1423 1781 1496 quoqne

373 1523 491 1598 tidelia
504 1533 539 1598 et
556 1533 653 1619 grata
670 1522 808 1596 servitia
824 1543 893 1618 que
907 1543 969 1618 pro
982 1522 1111 1596 bonore
1122 1534 1158 1596 ct
1172 1525 1380 1598 exaltatione
1397 1524 1532 1620 imperii
1548 1535 1652 1619 atque
1666 1533 1780 1598 nostra

372 1648 608 1722 exbibuerunt
625 1647 759 1721 diutius
778 1659 813 1720 et
830 1647 996 1720 exhibere
1019 1657 1179 1742 poterunt
1197 1649 1234 1720 in
1250 1659 1424 1745 posterum
1440 1648 1605 1743 gratiora,
1629 1649 1782 1721 volentes

374 1769 550 1844 civitatem
575 1770 685 1866 ipsam
704 1780 842 1866 propter
857 1769 987 1842 civium
1003 1771 1125 1844 merita
1145 1772 1255 1866 gratia
1271 1781 1306 1844 et
1323 1769 1498 1844 beneficiis
1516 1780 1631 1844 nostre
1646 1771 1784 1843 celsitu·

374 1892 469 1966 diuis
485 1895 668 1989 ampliare,
684 1893 730 1966 dc
743 1893 911 1966 immensu
926 1894 1140 1968 liberalitatis
1154 1905 1269 1968 nostre
1287 1895 1397 1989 gralia
1415 1893 1637 1968 concedimus
1654 1894 1784 1967 eisdem

375 2015 527 2107 civibus,
544 2016 731 2092 heredibus
747 2027 782 2090 et
796 2017 1052 2090 successoribus
1076 2019 1149 2091 suis
1173 2019 1209 2091 in
1227 2031 1433 2114 perpetuum
1450 2017 1652 2111 omniaque
1670 2017 1706 2089 in
1727 2040 1785 2090 co·

376 2139 496 2234 pitulis
515 2139 759 2236 infrascriptis
778 2141 931 2236 apertius
945 2141 1163 2214 continentur
1179 2149 1218 2213 ut
1238 2141 1322 2237 ipsis
1341 2149 1505 2236 perpetuo
1525 2147 1667 2214 utantur
1683 2141 1785 2236 paci·-

377 2261 442 2336 iice
466 2273 502 2336 et
518 2262 648 2356 quiete.
667 2263 826 2359 Inprimis
843 2263 1055 2358 quicumque
1080 2263 1168 2336 civis
1188 2262 1444 2358 Ratisponensis
1464 2262 1509 2335 de
1532 2261 1650 2335 duello
1675 2263 1784 2358 impe·

377 2385 472 2478 titur,
498 2387 529 2458 si
551 2407 590 2460 se
612 2388 736 2482 poterit
758 2409 955 2483 expurgare
972 2386 1178 2461 duodecima
1190 2388 1528 2460 manahenestarum
1547 2409 1781 2482 personarum,

376 2511 423 2584 de
449 2511 661 2608 impetitione
685 2533 755 2606 qua
784 2512 961 2609 impetitur
980 2513 1025 2584 sit
1045 2513 1235 2587 absolutus.
1262 2514 1346 2586 ltem
1368 2513 1580 2608 quicumque
1601 2512 1689 2584 civis
1713 2513 1787 2584 im-

377 2635 505 2728 petitur
529 2635 625 2730 quod
649 2635 816 2710 dedomo
845 2659 909 2710 sua
936 2638 993 2710 vel
1021 2637 1056 2709 in
1080 2637 1185 2711 domo
1206 2659 1272 2710 sua
1295 2637 1420 2730 aliquis
1445 2636 1491 2708 sit
1513 2637 1710 2709 interiectus
1732 2637 1788 2709 vel

376 2757 474 2852 qnod
499 2759 535 2832 in
557 2781 597 2832 ea
613 2761 802 2834 servaverit
820 2761 1069 2858 proscriptum,
1090 2760 1338 2858 propterquod
1357 2759 1481 2834 domus
1495 2781 1559 2833 sua
1573 2760 1705 2834 destrui
1720 2759 1789 2832 de-

379 2881 475 2954 beret
496 2881 526 2954 si
550 2891 641 2957 esset
664 2903 804 2976 verum,
830 2893 975 2957 elector
993 2906 1131 2958 cansam
1148 2885 1259 2982 ipsam
1281 2884 1499 2981 prosequitur
1522 2884 1785 2978 conquerendo,

377 3005 441 3078 sed
455 3027 527 3101 pax
545 3016 697 3103 tempore
712 3029 781 3081 non
797 3019 888 3080 esset
900 3008 936 3120 ip
953 3007 1093 3081 civitate
1103 3011 1230 3102 jurata,
1250 3009 1322 3082 sola
1341 3031 1378 3082 se
1396 3030 1499 3080 mauu
1514 3009 1735 3102 expurgabit.
1753 3009 1788 3082 Si

380 3151 463 3202 vero
478 3130 574 3204 cives
596 3153 717 3226 pacem
738 3153 876 3205 servare
891 3119 1113 3224 juraverunt,
1130 3133 1235 3228 isqui
1255 3155 1337 3206 reus
1356 3141 1495 3228 putatur
1513 3131 1612 3204 tertia
1629 3153 1735 3204 manu
1751 3154 1789 3206 se

379 3253 542 3347 purgabit
560 3254 650 3328 inter
668 3275 757 3349 quos
773 3255 843 3326 sint
861 3255 932 3328 duo
947 3255 1009 3348 qui
1027 3255 1191 3328 dicuntur
1205 3255 1428 3329 denominati.
1450 3255 1534 3327 Item
1552 3255 1669 3328 nullus
1687 3257 1786 3328 inva-

380 3379 463 3449 dere
477 3377 581 3451 debet
594 3377 736 3451 domum
751 3379 897 3471 alicujus
911 3379 998 3451 civis
1010 3381 1065 3452 vel
1079 3380 1183 3453 resin
1197 3401 1238 3454 ea
1252 3379 1319 3452 sibi
1331 3400 1498 3474 usurpare
1513 3377 1728 3471 sinejudicio
1738 3379 1787 3452 ci·

380 3499 508 3572 vitatis.
518 3501 678 3576 Similiter
690 3522 804 3597 neque
817 3501 894 3576 dux
907 3523 1021 3598 neque
1031 3504 1117 3576 alter
1130 3513 1250 3599 potens
1261 3505 1422 3578 dominus
1435 3503 1563 3576 debent
1573 3501 1714 3576 domum
1726 3501 1787 3574 uli-

379 3622 481 3715 cujus
490 3623 577 3698 civis
591 3635 668 3719 post
680 3635 823 3699 mortem
832 3626 942 3722 ipsius
956 3627 1012 3700 vel
1021 3627 1177 3720 ejusdem
1190 3650 1245 3700 res
1259 3628 1347 3700 intra
1355 3627 1527 3700 civitatem
1537 3627 1592 3698 vel
1607 3635 1706 3698 extra
1719 3626 1787 3698 sibi

382 3769 559 3842 usurpare,
573 3747 635 3822 sed
648 3749 740 3822 bona
757 3749 907 3842 civium,
921 3749 1046 3824 domus
1061 3761 1097 3824 et
1112 3751 1244 3846 reliqua
1253 3751 1327 3823 suis
1336 3749 1523 3824 heredibus
1536 3751 1784 3844 relinquantur,

379 3879 417 3941 et
428 3870 619 3965 quodquod
633 3871 763 3946 domini
783 3875 838 3946 vel
856 3873 915 3946 alii
934 3873 1146 3970 quicumque
1159 3883 1276 3948 contra
1292 3873 1436 3948 heredes
1450 3895 1554 3969 agere
1566 3875 1685 3963 velint,
1701 3873 1785 3947 illud

380 3993 502 4066 ordine
515 3995 699 4088 judiciario
715 4008 978 4092 prosequantur.
999 4001 1081 4073 ltem
1100 3999 1313 4094 quicumque
1329 3999 1416 4072 civis
1430 3998 1687 4093 llatisponensis
1699 4019 1787 4070 con·

377 4116 493 4189 'civem
508 4139 610 4190 suum
628 4128 727 4192 extra
745 4121 918 4194 civitatem
939 4122 1125 4197 detinuerit
1145 4125 1201 4196 vel
1224 4145 1279 4196 res
1296 4126 1383 4216 ejus,
1405 4121 1655 4217 querimoniam
1669 4131 1787 4196 contra

381 4238 478 4310 illum
497 4241 697 4332 movendo,‘
708 4243 774 4316 nisi
793 4245 889 4340 prius
903 4254 1112 4340 conquestus
1127 4247 1230 4330 luerit
1247 4247 1378 4319 civitati
1395 4255 1430 4317 et
1444 4245 1576 4338 justitia
1592 4245 1658 4318 sibi
1680 4245 1786 4320 dene·

381 4371 462 4455 gata
481 4364 542 4456 sit,
561 4367 759 4440 emendabit
781 4367 945 4442 delictum
966 4369 1127 4464 episcopo
1143 4368 1263 4442 decern
1278 4369 1394 4458 libris,
1416 4367 1499 4441 daei
1519 4391 1599 4440 cnm
1620 4369 1652 4440 X
1669 4357 1781 4461 libris,

382 4485 512 4558 civitati
530 4491 658 4560 cumll
679 4489 788 4563 libris.
814 4493 897 4564 llam
919 4493 1130 4588 quicumque
1154 4493 1308 4565 residens
1330 4493 1366 4564 in
1388 4492 1528 4566 civitate
1544 4493 1718 4590 impetitur
1739 4495 1785 4568 de

381 4609 499 4682 servili
516 4611 712 4688 conditione
731 4637 802 4709 qua
821 4624 976 4690 teneatur
992 4615 1027 4688 in
1046 4617 1193 4712 presenti
1210 4615 1276 4713 (o),
1296 4617 1325 4689 si
1343 4617 1418 4690 talis
1434 4617 1594 4713 probabit
1608 4617 1704 4713 quod
1722 4617 1783 4692 de·

423 4777 461 4858 (a)
481 4779 516 4839 ln
529 4781 911 4862 repraesentaremus.

483 4886 537 4945 lll.
1589 4901 1626 4953 eo
