4602 6084
321 631 421 696 ivorcn
440 625 479 710 1.]
766 619 964 682 HISTORIA
989 618 1283 681 otrcounrlcn.
1689 620 1727 682 31

322 770 519 835 nostrorum
538 755 778 852 congregantis
795 753 1006 842 exercitum,
1023 753 1149 825 vallem
1162 752 1308 826 Arriano
1319 754 1395 826 sive
1408 752 1491 826 Arni
1506 753 1680 826 invasistis
1694 763 1730 826 et

323 881 477 979 quadm
501 889 611 954 castra
633 887 749 950 nostra
772 875 1000 948 combustioni
1024 855 1270 970 supposuistis;
1296 876 1392 970 quod
1419 885 1513 950 tanto
1536 876 1636 949 nobis
1657 876 1730 950 dis·

325 1007 448 1102 plicet,
465 1011 594 1096 quanto
609 1023 672 1072 vos
687 1001 852 1072 hactenus
871 997 990 1072 fideles
1005 997 1149 1070 devotos
1166 1007 1300 1072 nostrus
1313 1007 1347 1070 et
1364 999 1499 1094 imperii
1516 998 1731 1070 habebamus

325 1139 361 1200 et
380 1123 578 1199 executioni
595 1122 835 1196 mandatorum
854 1127 1048 1192 nostrorum
1067 1120 1300 1193 invenerimus
1321 1142 1386 1193 vos
1400 1131 1549 1216 paratos.
1567 1121 1731 1194 Homines

325 1249 429 1322 etiam
444 1256 478 1318 et
492 1245 630 1342 cepistis
648 1253 683 1316 et
702 1243 934 1333 interfecistis,
954 1251 993 1313 ut
1011 1241 1154 1334 dicitur,
1173 1253 1208 1314 et
1226 1243 1429 1316 mulieribus
1447 1243 1549 1316 valde
1566 1244 1732 1336 injuriose

326 1370 528 1466 gravamina
555 1367 731 1440 intulistis.
760 1369 873 1452 Quare
900 1365 1055 1440 fidelitati
1083 1375 1197 1438 vestre
1226 1367 1292 1437 sub
1318 1366 1434 1439 debito
1462 1365 1635 1439 fidelitatis
1661 1387 1732 1460 qua

325 1493 428 1565 nobis
452 1503 487 1564 et
508 1491 651 1586 imperio
675 1488 855 1579 tenemini,
878 1489 1029 1561 districte
1055 1489 1263 1584 precipimus
1285 1477 1449 1582 quatinus
1471 1489 1517 1562 ad
1539 1488 1734 1582 inquisitio-

327 1637 406 1688 nem
428 1615 512 1689 dioti
531 1614 698 1687 Everardi
717 1611 899 1684 Castellani
917 1611 1024 1684 nostri
1046 1611 1091 1684 ds
1108 1611 1245 1684 damnis
1262 1611 1363 1684 illatis
1383 1611 1598 1684 satisfaciatis
1618 1611 1731 1685 eidem

328 1749 363 1810 et
378 1738 512 1830 iniuriis
527 1735 758 1832 supradictis,
776 1735 930 1830 captivos
945 1734 1049 1808 etiam
1061 1755 1150 1828 quos
1166 1734 1301 1806 habetis
1315 1733 1500 1806 restituatis
1514 1733 1643 1806 eidam.

377 1861 502 1932 Datum
517 1861 635 1952 Trois,
656 1859 733 1932 lllll
754 1857 921 1948 octobris,
942 1858 1054 1952 prima
1072 1856 1287 1952 indictione(
1312 1857 1337 1950 l.

378 1984 451 2076 Ego
467 1983 641 2054 Verbosus
662 1981 846 2076 apostolice
872 1980 970 2052 Sedis
993 1980 1146 2052 notarius
1164 1989 1268 2073 atque
1290 1979 1426 2051 tabellio
1450 1979 1637 2052 autenticas
1657 1981 1734 2053 illas

330 2103 522 2200 imperiales
538 2105 665 2176 litteras
682 2125 702 2176 e
721 2103 849 2198 quibus
870 2103 935 2175 boc
959 2102 1123 2197 scriptum
1143 2111 1195 2174 est
1212 2103 1445 2197 exemplatum
1467 2103 1541 2174 vidi
1561 2103 1729 2198 imperiali

331 2228 445 2322 sigillo
466 2228 634 2318 munitas,
654 2235 688 2300 et
705 2248 765 2300 eas
781 2226 838 2298 bic
853 2225 898 2298 de
909 2225 1016 2298 verbo
1034 2225 1080 2298 ad
1097 2225 1243 2298 verbnm
1260 2224 1381 2322 scripsi
1398 2233 1433 2298 et
1450 2223 1595 2298 fideliter
1612 2247 1731 2297 exem·

331 2351 442 2446 plavi,
471 2351 567 2424 nullo
593 2351 712 2423 addito
741 2351 796 2422 vel
820 2357 963 2422 remoto.
995 2349 1037 2420 Et
1067 2347 1114 2422 ad
1140 2351 1289 2420 suturam
1315 2347 1544 2422 ostensionem
1567 2348 1731 2443 predictis

330 2473 469 2568 signum
505 2474 680 2570 proprium
708 2473 915 2568 apponendo
941 2471 1128 2566 subscripsi
1158 2471 1410 2566 aliquantulum
1440 2471 1529 2544 ultra
1557 2472 1725 2564 rigorem,

331 2617 446 2670 coram
469 2596 609 2670 domino
634 2596 792 2668 llninerio
817 2595 998 2692 Sputarcbi
1020 2603 1054 2667 et
1077 2594 1284 2668 llertaldesio
1307 2592 1484 2686 quondam
1509 2593 1677 2666 Leonardi
1696 2604 1731 2666 et

331 2718 472 2791 domino
492 2719 630 2792 Lanario
649 2718 848 2792 vicecomite
866 2717 996 2790 domini
1015 2717 1181 2790 Everardi
1197 2717 1376 2788 Castellani
1394 2715 1510 2788 Sancti
1529 2714 1679 2787 bliniatis
1696 2725 1731 2787 et

332 2841 473 2914 domino
487 2841 673 2914 Orlandino
687 2839 732 2913 de
744 2841 864 2914 Mecne
874 2894 884 2929 ,
894 2861 986 2924 anno
997 2839 1168 2914 dominice
1177 2837 1371 2912 Nativitatis
1385 2837 1607 2930 ld.CC.liXX,
1622 2837 1733 2910 indic·

333 2964 425 3036 tione
443 2964 487 3036 lll
504 2963 568 3060 (2).

368 3316 403 3392 (t)
421 3316 528 3390 Legitur
541 3315 568 3372 in
584 3316 683 3374 Comici
698 3334 705 3371 :
721 3317 824 3374 Datum
839 3317 928 3390 Troia,
941 3318 1007 3375 XVI
1016 3316 1143 3388 combis,
1162 3316 1309 3376 indictione
1319 3318 1363 3388 Ν,
1379 3317 1481 3374 scilicet
1491 3333 1561 3375 anno
1575 3321 1658 3390 ⁴²³03
1673 3334 1732 3377 orn·

332 3413 397 3469 nino
411 3419 501 3470 tamur
513 3413 625 3470 dubium
637 3417 679 3469 est
691 3429 725 3470 an
740 3417 804 3469 tunc
818 3413 946 3488 temporis
959 3415 1030 3488 apud
1041 3415 1148 3488 Troiam
1159 3421 1279 3472 moratus
1291 3414 1371 3472 luerit
1381 3414 1548 3486 Fridericus,
1560 3413 1624 3471 dum
1638 3421 1732 3472 contra

333 3515 430 3579 notae,
445 3515 476 3564 ut
489 3509 559 3582 apud
572 3509 725 3566 Zachariam
737 3509 922 3582 reperiuntur,
938 3511 1040 3584 optime
1051 3527 1142 3568 rerum
1154 3517 1182 3567 et
1195 3511 1299 3568 itineris
1313 3511 1399 3570 ordini
1414 3511 1584 3569 conveniunt.
1601 3511 1732 3570 Addimus

332 3607 444 3679 insuper
457 3605 655 3662 adnotationem
671 3605 822 3676 zacharioe3
838 3621 900 3680 qum
914 3613 956 3666 cst
972 3608 1010 3666 ita
1023 3625 1031 3664 ε
1047 3610 1149 3666 «bom.
1163 3607 1279 3666 lacobus
1290 3608 1325 3666 do
1337 3609 1424 3682 llurgo
1434 3608 1602 3666 wariensis
1614 3613 1735 3682 potestas

336 3723 349 3753 n
361 3700 490 3759 sadaleoit
498 3701 556 3758 vice
565 3702 710 3774 eonomine
721 3703 871 3760 communis
879 3703 1062 3774 Pistoriensis;
1075 3705 1148 3778 quod
1159 3710 1304 3762 constater
1313 3704 1440 3761 Everardi
1450 3704 1535 3778 ipsius
1544 3703 1696 3761 testimonio
1704 3704 1732 3759 in

337 3799 453 3854 »charta
466 3813 526 3868 quae
543 3797 571 3853 in
585 3797 680 3854 sedern
689 3797 824 3855 Censuurn
838 3798 906 3858 libro
918 3806 991 3856 extat
1001 3801 1058 3858 aad.
1075 3818 1139 3876 pag.
1152 3818 1159 3856 :
1171 3801 1281 3876 Scripta
1298 3801 1329 3856 in
1339 3799 1411 3856 coiis
1423 3799 1507 3860 Nouis
1518 3800 1603 3872 inno
1615 3805 1733 3856 romum

335 3892 496 3967 »publicent
510 3909 591 3968 prope
605 3893 692 3950 bourn
705 3892 916 3950 coldintona
928 3895 1078 3970 fornacem,
1095 3915 1161 3954 onn.
1177 3896 1281 3953 domin
1296 3897 1394 3953 Notio.
1410 3895 1610 3964 mecm,
1629 3893 1733 3951 decimo

336 4009 351 4040 ι
361 3987 567 4046 mtoeolendcr
576 3989 688 4064 aprilis,
703 3987 851 4046 indictione
860 3992 951 4048 tertia.
964 4011 977 4045 n
988 3991 1055 4050 Cum
1066 3993 1118 4052 alia
1128 3993 1217 4051 desint
1228 3998 1414 4063 monumenta,
1427 3991 1559 4064 conjicere
1569 3990 1633 4048 licet
1645 3991 1735 4048 Pisto-

331 4087 449 4156 rienscs,
459 4086 571 4144 duranto
583 4086 653 4144 inter
662 4087 762 4160 Papam
771 4092 799 4142 et
812 4085 1003 4160 imperatorem
1015 4088 1163 4160 discordia,
1173 4089 1380 4147 satisfactionem
1389 4087 1523 4144 dbtrrlbsa
1533 4101 1614 4160 quam
1623 4087 1735 4144 ineunte

334 4188 450 4240 tracmu
463 4181 538 4256 pacis
552 4183 659 4244 undem
671 4183 812 4240 dederunt.

371 4277 407 4352 li)
425 4277 487 4336 Sic:
502 4293 554 4334 non
571 4293 697 4353 expressa
709 4278 809 4335 mensis
819 4284 890 4336 nota.
