4652 6092
937 655 1247 720 bobianensis

344 1227 347 1243 .
444 1153 680 1261 Fridericus,
713 1153 974 1238 Romanomm
1006 1154 1232 1263 imperator,
1262 1153 1510 1237 Sindensibus
1543 1152 1802 1265 (Stedingon)
1884 1190 1914 1275 υι»

391 1287 520 1370 scribit
536 1287 701 1370 laudans
723 1311 788 1369 cos
815 1287 920 1396 quod
948 1286 1131 1369 auxilium
1160 1287 1285 1370 ordini
1311 1287 1630 1370 Theutonicorum
1657 1295 1801 1370 coniu-

390 1421 523 1528 lcrint,
544 1421 735 1530 simulque
752 1421 911 1502 mandat
933 1431 975 1504 ut
999 1421 1039 1502 in
1061 1431 1256 1530 posterum
1274 1422 1453 1504 eumdem
1475 1421 1648 1504 ordinem
1665 1429 1801 1530 prote-

390 1565 483 1664 gant
500 1564 538 1638 ct
555 1556 594 1635 in
609 1553 836 1637 utilitatibus
850 1553 933 1664 ejus
951 1564 1211 1662 promoveant.

468 1744 599 1818 (incdit.
615 1760 653 1804 ex
666 1746 752 1820 eopia
762 1760 781 1804 a
793 1742 955 1805 Boubmero
967 1743 1055 1804 nobis
1067 1749 1198 1805 recenter
1211 1745 1438 1804 communicata.
1453 1744 1540 1805 Nune
1551 1743 1699 1821 integrum
1712 1757 1804 1816 man-

507 1851 612 1912 datum
629 1849 823 1928 exhibemus,
836 1849 918 1929 quod
930 1865 1020 1927 supra
1031 1867 1063 1927 p.
1079 1857 1207 1912 auo-mi
1226 1849 1433 1910 tantummodo
1445 1846 1700 1926 memoravimus.)

436 2007 632 2082 Fridericus
646 2009 709 2082 Dei
728 2009 837 2104 gratia
854 2010 1085 2082 Romanorum
1101 2010 1298 2104 imperator,
1316 2030 1452 2106 semper
1468 2019 1651 2102 augustus,
1667 2011 1805 2081 Jerusa-

388 2133 455 2207 lem
472 2141 508 2206 et
524 2133 638 2206 Sicilie
654 2154 735 2224 rex,
756 2132 931 2206 universis
946 2132 1146 2208 bominibus
1165 2133 1330 2228 Stadigne
1345 2131 1411 2228 (i),
1432 2133 1479 2206 ad
1499 2153 1588 2226 qnos
1610 2132 1721 2206 littere
1740 2133 1805 2205 iste

387 2257 619 2352 pervenerint,
636 2255 800 2331 fidelibus
812 2257 899 2345 suis,
921 2257 1068 2350 gratiam
1081 2279 1179 2330 suam
1195 2267 1230 2330 ei
1244 2257 1372 2330 bonam
1387 2257 1612 2330 voluntatem.
1633 2256 1805 2330 intellexit

387 2381 521 2475 pridem
553 2381 719 2454 serenitas
743 2390 878 2468 nostra,
904 2381 1001 2474 quod
1025 2381 1071 2454 ob
1096 2382 1322 2455 reverentiam
1349 2381 1535 2474 majestatis
1564 2390 1680 2454 00000
1709 2381 1803 2454 irairi

387 2505 429 2578 Η.
458 2505 647 2578 venerabili
681 2505 845 2598 magistro
876 2503 1001 2578 domus
1034 2505 1212 2601 hospitalis
1244 2505 1368 2578 Sancte
1401 2505 1509 2578 blavia
1539 2504 1801 2578 Teutonicomm

388 2631 423 2702 in
439 2631 626 2704 Jerusalem
646 2637 681 2701 et
696 2629 859 2702 irai-vibus
876 2629 969 2718 suis,
990 2629 1153 2704 fidelibus
1169 2630 1312 2718 nostris,
1337 2629 1518 2703 commoda
1540 2629 1708 2724 plurima,
1736 2629 1802 2702 bo·

387 2775 504 2828 norem
520 2763 555 2826 et
565 2753 709 2846 gratiam
724 2752 928 2841 contulistis,
942 2761 976 2825 et
990 2763 1247 2847 perseveranter
1260 2753 1438 2826 intenditis
1452 2753 1542 2826 circa
1557 2753 1800 2824 exaltationem

386 2877 511 2952 domus
537 2899 677 2969 corum,
702 2899 806 2972 quam
832 2899 877 2951 ex
900 2878 1108 2972 plantatione
1132 2879 1387 2974 progenitorum
1415 2887 1607 2950 nostrorum
1637 2875 1799 2950 divomm

385 3010 612 3094 augustorum
640 3001 886 3076 recordationis
913 3001 1030 3074 inclite
1057 3003 1278 3076 recordamus
1301 3001 1373 3096 (a'e)
1402 3023 1571 3076 cameram
1597 3001 1794 3096 specialem.

384 3125 524 3220 Pmpter
547 3125 643 3219 quod
659 3125 880 3198 devotionem
901 3139 1051 3200 vestram
1073 3147 1152 3198 cum
1170 3127 1296 3200 affectu
1317 3126 1433 3199 debite
1453 3125 1674 3220 gratitudinis
1698 3147 1796 3198 com-

385 3249 604 3342 mendantes,
629 3249 889 3324 universitatem
910 3260 1061 3322 vestram
1091 3243 1312 3324 sollicitantes
1338 3249 1544 3324 mandamus
1571 3250 1735 3342 quatinus
1760 3249 1796 3322 iu

385 3373 546 3446 omnibus
567 3370 732 3467 negotiis,
752 3373 886 3467 quoad
903 3373 1046 3446 domum
1071 3375 1242 3470 pertinent
1266 3373 1495 3472 antedictam.
1519 3393 1583 3446 vos
1604 3372 1798 3444 exhibeatis

384 3496 563 3570 benivolos
577 3506 612 3570 et
628 3505 792 3582 attentos,
809 3518 873 3569 nec
887 3498 1102 3591 permittatis,
1123 3507 1292 3592 quantum
1307 3497 1343 3568 in
1358 3497 1460 3570 vobis
1474 3505 1542 3589 est,
1558 3495 1654 3590 quod
1670 3497 1716 3568 ab
1728 3495 1797 3566 ali-

384 3619 513 3713 quibus
537 3621 690 3715 personis
714 3620 751 3691 in
775 3621 1051 3715 possessionibus
1075 3631 1111 3694 et
1134 3621 1236 3692 bonis
1261 3621 1335 3693 suis
1358 3621 1511 3715 aliquam
1535 3619 1797 3693 minorationem

384 3745 575 3817 sustineant
595 3745 649 3816 vei
670 3745 858 3838 jacturam
880 3745 944 3818 sed
963 3745 1075 3817 taliter
1093 3744 1345 3818 manuteneatis
1365 3752 1400 3818 et
1422 3743 1616 3818 defendatis
1633 3744 1793 3836 eosdem,

384 3877 423 3940 ut
440 3889 520 3940 cum
541 3865 635 3940 idem
661 3867 825 3962 magister
841 3875 876 3940 ct
897 3868 1018 3940 iratres
1040 3867 1095 3941 sui
1119 3867 1226 3940 nostri
1243 3867 1444 3942 omnimodo
1464 3875 1680 3958 censeantur,
1700 3868 1798 3942 iuve-

383 3993 485 4066 niatis
503 3985 649 4089 proinde
669 3993 765 4089 apud
791 3991 1053 4089 prominentiam
1074 3991 1234 4065 culminis
1259 3993 1367 4065 nostri
1399 3992 1494 4067 unde
1519 4014 1584 4067 vos
1607 3993 1796 4068 debeamus

383 4117 544 4212 prosequi
568 4117 658 4191 circa
679 4117 881 4211 omniaque
902 4125 1057 4190 vestrum
1082 4116 1279 4190 contineant
1296 4115 1515 4190 commodum
1536 4127 1571 4192 et
1587 4119 1791 4214 proiectum.

429 4243 553 4314 Datum
570 4241 697 4337 Capua,
713 4243 804 4314 Xllll
817 4241 922 4335 junii,
940 4243 1045 4315 tercie
1062 4240 1271 4315 indictionis.

385 4415 456 4430 κ

416 4494 451 4567 (i)
468 4493 529 4552 Non
541 4493 587 4552 bie
599 4495 688 4570 agion
701 4495 736 4554 de
747 4495 853 4554 civibus
869 4495 1008 4554 stadensis
1021 4495 1111 4566 urbis,
1132 4493 1180 4552 sed
1192 4493 1227 4552 de
1238 4493 1353 4568 quadam
1367 4501 1447 4568 genie
1458 4493 1620 4552 000000ιοιο
1633 4493 1793 4554 Gemanica

380 4590 523 4666 Stadiuqer
536 4592 669 4652 dictorum
681 4594 752 4652 circa
763 4600 854 4668 partes
866 4592 1078 4668 Oldenburgioas
1091 4591 1280 4650 habitantium.
1294 4591 1340 4649 isti
1355 4591 1453 4650 vicinis
1465 4592 1522 4650 suis
1533 4597 1562 4649 et
1574 4593 1719 4668 praecipue
1731 4593 1793 4652 ole-
1872 4599 1877 4608 '

380 4688 444 4746 riuis
455 4688 547 4760 invisi,
563 4704 626 4747 mox
641 4689 668 4747 in
681 4691 904 4766 proscriptionem
918 4689 1084 4766 imperialem
1100 4697 1129 4748 et
1140 4689 1262 4764 papalem
1276 4687 1440 4762 inciderunt,
1455 4696 1484 4748 et
1497 4705 1569 4748 anno
1583 4693 1651 4750 tasi
1665 4707 1682 4749 a
1694 4708 1792 4750 00000-

379 4783 490 4857 signatis
505 4785 615 4845 inerunt
629 4789 807 4848 exterminati.

480 4887 536 4949 lll.
1616 4898 1653 4951 00
