4702 6110
574 627 636 690 414
1097 633 1268 698 ananim
1292 637 1461 700 sunnila!
1797 647 1878 732 [llus.
1897 653 1985 720 1231.

623 767 750 838 Datum
783 767 879 864 apud
911 768 1157 861 Numnbcmh,
1190 793 1283 846 anno
1317 773 1490 850 dominice
1525 777 1770 856 incunnatiouIs
1805 785 1987 864 millcsImo

576 889 764 982 ccxxxe,
785 893 828 964 V·
845 892 925 974 idus
941 895 1101 990 engadi,
1119 895 1308 972 indictione
1323 899 1409 993 llll·,
1428 903 1645 998 presentibus
1663 913 1769 1002 atque
1782 931 1988 1004 procuran-

576 1015 671 1088 tibus
684 1016 1041 1092 venembilibusvinis
1054 1018 1196 1093 dominc
1219 1075 1229 1094 .
1260 1077 1269 1094 .
1300 1077 1309 1095 .
1337 1026 1542 1101 cancellario
1558 1037 1674 1102 nostro
1688 1039 1723 1102 et
1741 1033 1906 1132 episcopo
1922 1038 1987 1113 lta-

576 1139 823 1238 tisponensI‚et
841 1141 982 1218 domino
994 1145 1029 1217 S.
1043 1143 1253 1240 Augustensi
1268 1147 1445 1246 episcopo,
1461 1149 1603 1226 damino
1615 1153 1740 1230 abbate
1753 1157 1870 1232 Sancti
1883 1158 1984 1236 Galli.

396 1779 524 1888 iffi·
625 1775 809 1858 Henricus
840 1775 1100 1861 Romanorum
1128 1803 1195 1862 rex
1223 1801 1357 1863 omncs
1386 1778 1644 1889 possessiones
1672 1807 1770 1892 quas
1797 1781 1916 1868 abhas
1948 1793 1984 1867 ct

570 1918 778 1992 conventus
800 1909 849 1992 de
871 1907 998 1991 Salem
1020 1935 1088 2020 per
1113 1919 1238 1994 tolum
1264 1937 1427 2023 regnum
1456 1937 1569 1997 suum
1586 1913 1730 1998 habent
1756 1925 1823 1998 aut
1844 1915 1984 1999 habene

568 2049 746 2152 poterunt
763 2041 812 2125 ab
829 2041 935 2124 omni
948 2043 1188 2126 exactionum
1202 2069 1340 2156 genere
1361 2043 1515 2156 penitus
1533 2045 1682 2156 eximit,
1700 2073 1846 2132 necnon
1861 2059 1899 2131 et
1911 2049 1984 2132 tria

567 2175 732 2284 hospitia
758 2173 930 2284 ipsorum
952 2175 992 2258 in
1015 2175 1139 2258 tribus
1158 2175 1373 2262 civitatibus
1400 2177 1507 2287 suis,
1524 2179 1664 2264 scilieet
1689 2181 1730 2264 in
1757 2181 1980 2294 Esslingen,

566 2308 606 2392 in
629 2308 857 2420 Uberlingen
874 2319 913 2392 et
934 2311 974 2392 in
997 2309 1119 2394 Ulma.

648 2549 776 2630 (Edider.
789 2549 971 2627 smonns,
985 2549 1104 2631 Apion,
1119 2569 1147 2630 p.
1165 2559 1199 2611 ⁵1
1217 2557 1247 2612 ct
1260 2547 1699 2629 as.-Lusna‚1ctcltarcttc,
1714 2559 1736 2615 t.
1748 2553 1866 2631 XVIII,
1880 2573 1909 2633 p.
1922 2563 1976 2616 511

689 2663 720 2718 et
732 2659 814 2734 51³.)

619 2869 656 2940 ln
679 2869 819 2942 nomine
838 2879 955 2942 sancte
976 2877 1011 2943 et
1030 2867 1216 2943 individue
1233 2869 1419 2944 Trinitatis.
1439 2871 1622 2944 Heinricus
1640 2871 1703 2944 Ilei
1724 2871 1834 2968 gnatia
1851 2871 1980 2946 Roma-

570 3014 693 3068 norum
708 3015 773 3067 nex
792 3001 827 3066 et
843 3015 979 3089 semper
996 3003 1181 3088 augustus,
1201 2993 1373 3068 universis
1387 3015 1531 3090 presens
1552 2995 1720 3092 scriptum
1741 2997 1881 3070 lectulis
1896 3018 1981 3090 gna·

568 3117 652 3192 tiam
680 3139 779 3191 suam
805 3127 840 3190 et
863 3139 966 3190 omne
989 3117 1134 3190 bonnm.
1164 3118 1258 3192 Scine
1283 3119 1446 3192 volumus
1468 3119 1652 3194 universos
1675 3121 1811 3216 imperii
1839 3119 1976 3212 fideles,

568 3243 770 3332 schultetos,
794 3242 968 3316 ministros
982 3251 1018 3316 et
1034 3241 1197 3315 officiales
1214 3265 1276 3338 per
1300 3251 1411 3316 totum
1434 3265 1581 3338 regnum
1598 3253 1754 3318 nostrum
1776 3245 1980 3318 constitutos

568 3365 664 3460 quod
681 3385 744 3437 uns
759 3385 821 3460 pro
834 3365 945 3438 salute
960 3363 1076 3438 anime
1090 3373 1204 3438 nostre
1223 3365 1341 3438 abbati
1356 3374 1392 3439 et
1407 3366 1596 3442 conventui
1610 3366 1656 3440 de
1668 3367 1781 3441 Salem
1794 3368 1978 3464 specialem

568 3490 713 3586 gratiam
726 3489 839 3562 lacere
852 3489 1087 3581 decrevimus,
1105 3509 1212 3584 quum
1234 3489 1301 3562 sibi
1323 3487 1459 3563 firmam
1483 3491 1520 3562 in
1536 3499 1741 3587 perpetuum
1763 3491 1894 3564 servari
1908 3512 1978 3563 ,vo-

568 3615 684 3686 lumus
706 3613 939 3686 inviolabilem
963 3621 997 3685 et
1025 3613 1172 3704 illesam3
1200 3623 1236 3686 et
1254 3613 1420 3708 quoniam
1440 3615 1555 3708 ipsum
1578 3623 1614 3687 et
1640 3621 1849 3687 conventum
1875 3635 1977 3686 snum

567 3761 630 3834 pre
650 3739 773 3811 ceteris
798 3737 843 3811 dc
863 3737 986 3811 ordine
1003 3757 1068 3810 suo
1088 3735 1286 3830 diligimus,
1304 3737 1386 3812 ideo
1403 3738 1469 3812 sibi
1489 3738 1601 3834 magis
1624 3737 1809 3835 specialem
1830 3739 1977 3833 gratiam

568 3862 714 3937 iacimus
732 3871 767 3936 et
783 3865 962 3957 majorem.
983 3862 1112 3934 Omnes
1132 3862 1239 3956 igitur
1257 3862 1493 3958 possessiones
1516 3861 1654 3936 abbatis
1672 3861 1818 3958 puudicti
1839 3871 1875 3935 et
1890 3883 1978 3935 ocn-

567 3997 693 4062 vcntus
710 3987 765 4060 sui
781 4008 844 4084 per
861 3995 972 4060 totum
990 4007 1138 4080 regnum
1158 3994 1313 4058 nostrum
1327 4007 1417 4080 quas
1429 3985 1609 4082 possident
1621 3987 1679 4058 vel
1698 3985 1816 4059 adbuc
1839 4007 1978 4080 posses·

567 4113 640 4186 suri
659 4121 740 4184 sunl
759 4111 796 4183 in
814 4117 1006 4206 posterum,
1024 4109 1155 4182 scilicet
1176 4109 1310 4202 vineas,
1328 4129 1446 4204 eguus,
1471 4109 1589 4183 hortos
1606 4119 1642 4182 et
1661 4108 1796 4182 curtilia
1817 4107 1864 4183 ab
1883 4110 1976 4183 omni

566 4245 682 4312 steum
697 4245 733 4310 et
743 4236 883 4311 collecta
898 4243 934 4309 et
947 4233 992 4308 ab
1004 4233 1100 4308 omni
1115 4233 1337 4308 exactionum
1354 4253 1483 4328 genere
1496 4231 1638 4330 penitus
1657 4231 1866 4323 exemimus,
1880 4231 1976 4326 qnod

566 4361 742 4435 sancimus
762 4361 800 4433 in
826 4369 1044 4456 perpetuum.
1064 4357 1143 4432 'Iria
1167 4357 1310 4454 insuper
1329 4356 1480 4452 hospitia
1501 4356 1656 4453 ipsorum
1679 4355 1715 4426 in
1740 4354 1853 4427 tribus
1884 4354 1976 4426 civi-

567 4487 696 4559 tatibus
710 4484 848 4575 nostris,
865 4485 995 4556 scilieet
1013 4484 1049 4555 in
1064 4481 1258 4576 Esslingen,
1270 4482 1307 4553 in
1321 4480 1532 4574 Uberlingen
1549 4489 1584 4552 et
1597 4479 1634 4552 in
1649 4478 1763 4569 Ulma,
1780 4476 1975 4551 exemimus

566 4611 672 4686 modo
695 4609 878 4698 consimili,
906 4609 953 4680 ita
974 4605 1069 4702 quod
1092 4607 1209 4680 nullus
1225 4605 1424 4680 officialium
1451 4613 1648 4677 nostrorum
1672 4603 1730 4675 vel
1745 4600 1871 4695 aliquis
1889 4599 1973 4672 alio-

564 4759 642 4812 rum
656 4736 808 4831 aliquam
824 4734 1001 4808 collectam
1018 4732 1074 4804 vel
1088 4731 1279 4828 precariam
1295 4731 1351 4804 vel
1369 4729 1503 4826 aliquid
1520 4727 1660 4802 nomine
1671 4725 1812 4800 collecte
1830 4722 1876 4797 de
1890 4723 1975 4796 hos-
