4602 6084
315 644 412 704 lnorcn
431 637 471 725 l.]
769 637 963 698 lllS'l'Olllll
988 635 1278 698 otrbottsrtclt.
1679 641 1719 700 ts

315 775 411 872 quod
425 797 496 849 non
512 775 644 868 absque
657 771 771 845 cordis
789 771 962 844 anxietate
981 771 1201 865 proferimus,
1224 769 1442 843 denuntiavit
1455 771 1492 842 in
1506 793 1569 844 uos
1587 773 1639 870 (l)
1656 797 1719 870 pro

316 901 448 975 eisdem
467 899 576 971 tribus
593 895 754 992 capitulis
771 895 971 989 inquibus,
993 917 1072 966 cum
1089 893 1244 968 defectus
1261 893 1406 984 nonsit,
1426 895 1620 987 delectum,
1636 898 1719 991 quia

317 1023 367 1096 sic
380 1024 511 1118 placet,
534 1021 672 1114 allegat.
689 1018 856 1092 Videlicet
870 1019 966 1112 qnod
980 1018 1202 1113 personaliter
1216 1038 1286 1090 non
1303 1019 1608 1112 transfretavimus,
1623 1023 1719 1114 quod

316 1165 385 1218 nou
404 1143 599 1218 miserimus
613 1151 751 1216 centum
765 1141 873 1214 millia
887 1140 1086 1232 unciarum,
1107 1141 1202 1235 quod
1214 1161 1284 1213 uon
1298 1140 1528 1215 direxerimus
1541 1144 1576 1214 Μ
1596 1143 1720 1216 milites

317 1265 484 1340 tenendos
501 1267 547 1340 ad
565 1265 742 1338 biennium
762 1263 809 1336 ad
830 1264 1003 1359 stipendia
1026 1275 1141 1338 nostra
1160 1285 1222 1359 pro
1235 1265 1392 1338 subsidio
1411 1275 1498 1336 terre
1509 1276 1637 1338 sancte.
1653 1269 1720 1353 Qui

318 1412 397 1462 cum
410 1390 457 1463 ad
475 1388 737 1462 deliberandum
751 1409 855 1483 super
869 1389 935 1461 boc
950 1387 1158 1483 provinciale
1172 1388 1353 1460 concilium
1369 1387 1597 1482 quorumdam
1608 1392 1719 1484 prela·

318 1523 427 1586 torum
443 1514 548 1586 totius
559 1513 656 1584 ltalie
672 1520 915 1600 convocasset,
936 1512 1128 1607 solempnes
1143 1511 1282 1584 nuntios
1302 1510 1348 1583 ad
1359 1511 1482 1584 Sedem
1498 1513 1719 1606 apostolicam
1742 1513 1744 1523 '

317 1636 577 1732 replicavimus,
598 1634 759 1708 videlicet
771 1635 939 1728 Reginum
954 1635 1179 1708 etBarausem
1192 1634 1481 1730 archiepiscopos,
1499 1635 1624 1710 ducam
1638 1639 1720 1732 Spo-

316 1757 374 1830 loti
388 1767 423 1830 et
437 1757 594 1830 comitem
604 1755 861 1851 llenricumlll,
876 1757 1059 1830 familiares
1065 1765 1101 1830 et
1112 1757 1231 1832 fideles
1243 1765 1376 1830 nostros
1389 1767 1424 1830 et
1434 1768 1670 1853 procuratores
1682 1762 1718 1832 iu

316 1879 731 1953 eademcausastatulosa
743 1879 1211 1975 nobisadproponeudumiu
1223 1881 1392 1974 presentia
1405 1881 1559 1953 omnium
1572 1883 1719 1976 qualiter

316 2023 460 2098 persone
491 2011 606 2074 nostre
631 2001 938 2074 transfretationem
968 2001 1148 2074 infirmitas
1177 2023 1246 2094 qua
1269 2002 1486 2097 inpromptu
1514 2013 1585 2089 cst,
1620 2009 1719 2098 cnjus

316 2127 431 2200 adhuc
454 2135 595 2198 manent
617 2125 778 2218 vestigia,
800 2125 1012 2220 propedivit,
1032 2133 1066 2197 et
1081 2125 1177 2218 quod
1194 2125 1231 2196 in
1250 2125 1498 2219 presentiarum
1519 2127 1609 2200 ultra
1627 2128 1720 2200 mille

315 2251 441 2324 milites
452 2259 585 2324 nostros
600 2249 636 2320 in
652 2249 886 2322 transmarinis
897 2250 1052 2346 partibus
1063 2250 1110 2322 ad
1122 2251 1294 2345 stipendia
1304 2259 1419 2323 nostra
1432 2271 1495 2346 pro
1503 2251 1565 2322 Dei
1579 2253 1719 2324 servitio

317 2382 512 2462 teneamus,
532 2373 692 2448 videlicet
709 2373 943 2468 septingentos
964 2373 1089 2446 milites
1108 2375 1334 2469 transalpinos
1352 2396 1413 2470 per
1427 2395 1551 2448 manus
1565 2377 1719 2470 magistri

318 2497 441 2570 domus
456 2497 740 2570 Theotonicorum
754 2495 801 2570 ad
812 2505 929 2570 nostra
946 2496 1118 2592 stipendia
1136 2497 1312 2588 solidatus,
1330 2497 1379 2570 CC
1395 2499 1465 2570 ctL
1482 2498 1607 2570 milites
1621 2501 1719 2592 regni

315 2644 403 2716 quos
429 2644 521 2696 anno
547 2621 707 2717 preterito
741 2621 786 2694 do
814 2620 960 2715 pecunia
989 2621 1133 2696 ecclesie
1165 2621 1333 2714 quictatcs
1363 2623 1519 2715 sequenti
1549 2645 1641 2696 anno
1672 2624 1719 2697 ad

315 2743 442 2816 solidos
471 2752 603 2816 nostros
632 2743 681 2816 ibi
709 2743 854 2816 lecimus
881 2742 1035 2832 retineri;
1069 2742 1165 2836 quod
1199 2743 1288 2815 inter
1313 2743 1478 2818 familiam
1505 2755 1656 2817 nostram
1684 2757 1719 2819 et

315 2867 400 2940 alios
429 2867 527 2962 regni
560 2867 702 2957 milites,
732 2869 794 2961 qut
816 2864 862 2940 ad
890 2887 1062 2960 expensas
1087 2876 1219 2940 nostras
1245 2876 1414 2940 transacto
1441 2869 1601 2963 passagio
1626 2881 1717 2942 trau-

314 2992 462 3080 sierunt,
487 2991 627 3064 fuerunt
648 2991 736 3062 ultra
760 2999 918 3080 contum,
947 2998 981 3062 at
1006 2989 1147 3084 insuper
1168 2989 1440 3084 quadringentos
1466 2992 1592 3064 militas
1618 2994 1717 3066 nobis

316 3113 561 3186 alcmbardis
583 3113 726 3186 ecclesia
750 3113 924 3186 mediante
954 3113 1157 3208 promissos,
1184 3115 1273 3186 ultra
1298 3136 1402 3208 quam
1423 3137 1468 3187 ex
1491 3115 1716 3211 promissione

316 3237 538 3327 tenebamur,
564 3235 807 3332 deputavimus
833 3256 895 3330 pro
913 3234 1036 3308 eodem
1058 3234 1197 3308 servitio
1215 3234 1514 3327 transmittendos,
1541 3237 1608 3309 nisi
1628 3239 1714 3312 dila·

316 3360 543 3432 tionietmora
556 3381 674 3432 eorum
690 3358 853 3448 ecclesia,
870 3379 932 3452 per
939 3378 1045 3452 quam
1057 3357 1239 3434 accelerari
1248 3357 1456 3447 debuerant,
1472 3360 1711 3434 consensisset.

315 3483 523 3568 Quinetiam
540 3483 737 3556 decentum
759 3481 912 3554 millibus
933 3481 1114 3554 unciarum
1139 3481 1386 3573 satisfecimus,
1414 3481 1585 3556 mittentes
1604 3485 1716 3578 primo

314 3608 350 3678 in
370 3609 478 3680 tribus
499 3608 653 3681 terminis
680 3607 860 3700 sexaginta
883 3606 991 3679 millia
1016 3606 1218 3691 unciarum
1251 3607 1288 3678 in
1316 3617 1439 3701 quarto
1464 3629 1548 3680 vero
1571 3611 1716 3684 termino

314 3731 475 3824 magister
493 3729 618 3802 domus
637 3729 920 3804 Theotonicorum
941 3729 1002 3822 qui
1023 3739 1075 3800 cst
1092 3751 1185 3800 unus
1207 3729 1252 3802 de
1272 3729 1408 3802 statutis
1426 3731 1472 3803 ad
1488 3732 1597 3826 ipsam
1611 3752 1716 3826 pecu·

315 3852 407 3924 niam
435 3851 698 3940 reservandam,
729 3851 827 3947 petiit
848 3851 1016 3944 assignari
1042 3851 1108 3922 sibi
1138 3852 1256 3924 siclam
1284 3861 1433 3924 nostram
1458 3849 1508 3948 (a)
1529 3853 1715 3925 Brundusii

313 3997 376 4070 pro
390 3985 511 4070 quarta
524 3977 695 4048 solutions
707 3975 831 4069 viginti
849 3976 996 4048 millium
1011 3976 1209 4067 unciarum,
1229 3987 1263 4048 ct
1281 3977 1392 4071 ipsam
1407 3976 1534 4070 recepit
1548 3985 1583 4048 et
1596 3975 1716 4048 uncias

313 4095 435 4169 babuit
455 4119 518 4193 pro
537 4099 669 4170 solutis.
695 4097 730 4169 Si
751 4097 893 4192 quidem
916 4096 1079 4170 dominus
1099 4097 1306 4192 apostolicus
1327 4096 1363 4166 in
1379 4096 1555 4190 presentia
1573 4097 1715 4168 fratrum

353 4295 391 4376 (a)
413 4297 470 4375 llp.
487 4299 618 4360 Martcne
630 4301 707 4362 mate
719 4301 876 4360 macario
889 4306 1012 4376 nortl-125
1025 4315 1074 4375 up.
1091 4301 1257 4374 Tommasl,
1271 4295 1385 4360 stolum
1398 4304 1539 4358 aoetrom.

349 4635 383 4710 (t)
403 4639 438 4694 29
453 4637 628 4711 septembris,
643 4645 768 4714 utsupra
781 4639 911 4711 diximus,
926 4655 953 4714 p.
969 4641 1000 4698 at
1019 4645 1047 4696 et
1061 4641 1105 4698 29.

348 4731 383 4806 (ἲ)
401 4733 507 4791 Scilicet
520 4735 554 4792 de
567 4735 665 4793 blalta:
683 4735 753 4793 idam
766 4735 812 4808 qui
827 4749 917 4809 sopra.
