4710 6076
483 695 545 758 292
984 693 1197 754 relonnlcl
1223 693 1395 754 sltcutlttt
1712 695 1791 781 [Aen.
1810 697 1895 760 1231.

486 831 589 922 raris,
607 841 642 904 et
657 839 738 904 ente
752 827 895 923 aliquod
910 831 1144 924 juramentum
1165 851 1228 923 per
1244 849 1305 902 sos
1321 829 1450 902 tactum
1463 848 1579 902 coram
1594 829 1736 924 prelatis
1751 831 1900 905 antianis

485 964 520 1028 st
537 955 726 1028 rectoribus
742 953 918 1050 protestati
941 955 1080 1025 luerunt
1098 951 1252 1024 dicentes
1274 952 1413 1024 nomine
1430 961 1465 1023 et
1484 953 1562 1024 vice
1581 951 1731 1026 civitatis
1748 954 1899 1028 Ferraria

486 1077 582 1173 quod
604 1079 712 1174 parati
735 1087 832 1151 erant
847 1079 964 1170 J'urare
981 1077 1178 1150 societatem
1198 1085 1232 1148 et
1251 1075 1365 1148 omnia
1387 1077 1500 1148 tacere
1526 1075 1720 1150 secundum
1747 1087 1899 1150 tenorem

485 1205 704 1277 instrumenti
726 1203 928 1297 syndicatus
951 1223 1070 1275 eorum
1088 1211 1123 1274 et
1144 1201 1336 1274 secundum
1357 1202 1499 1274 sormam
1515 1201 1705 1274 litterarum
1721 1202 1899 1274 transmis-

484 1351 601 1402 sarum
625 1329 784 1424 potestati
806 1339 841 1400 et
858 1327 1034 1400 communi
1055 1327 1207 1398 Ferraria
1230 1327 1275 1398 ab
1297 1325 1446 1398 antianis
1463 1335 1499 1398 et
1514 1327 1705 1398 rectoribus
1728 1325 1900 1399 societatis

483 1453 651 1549 predicte,
678 1474 720 1526 eo
737 1455 833 1527 salvo
855 1453 950 1547 quod
973 1451 1148 1548 quidquid
1173 1453 1388 1524 contineatur
1412 1451 1468 1524 vel
1496 1451 1660 1547 scriptum
1689 1451 1733 1524 sit
1759 1451 1795 1522 in
1823 1451 1899 1547 ipsa

457 1617 460 1626 «
484 1578 644 1650 societate
660 1599 728 1650 non
754 1577 946 1673 prejudicet
969 1599 1033 1649 nec
1058 1597 1183 1649 nocere
1207 1577 1315 1674 possit
1331 1577 1506 1649 communi
1525 1577 1677 1649 Ferrarie
1699 1599 1744 1649 ne
1768 1577 1898 1649 antiani

484 1702 545 1796 qui
562 1714 643 1775 sunt
659 1705 714 1776 vel
734 1725 795 1798 per
813 1711 966 1798 tempora
987 1711 1089 1773 erunt
1110 1703 1165 1774 vcl
1186 1713 1335 1775 rectores
1350 1703 1529 1776 civitatum
1548 1701 1690 1795 aliquod
1711 1723 1897 1796 gravamen

484 1825 622 1898 baveris
650 1827 707 1898 vel
732 1845 954 1921 personarum
984 1825 1158 1898 communi
1184 1825 1336 1899 Ferraria
1359 1825 1536 1922 imponere
1564 1823 1696 1922 possint
1720 1825 1900 1898 occasione

484 1950 656 2022 societatis
678 1948 854 2041 jamdicto.
883 1948 940 2021 Ad
963 1949 1029 2021 bec
1051 1949 1277 2021 incontinenti
1301 1949 1451 2022 sunexit
1474 1949 1636 2022 dominus
1653 1947 1900 2043 Laudarengus

486 2083 635 2168 potestas
659 2073 799 2146 Mantus
817 2095 878 2168 pro
902 2074 978 2168 ipsu
1001 2073 1140 2146 civitate
1156 2081 1191 2146 ct
1210 2073 1321 2168 primo
1340 2073 1471 2166 juravit
1491 2075 1688 2146 societatem
1714 2073 1841 2147 dictam
1862 2071 1898 2144 in

483 2197 657 2283 omnibus,
670 2197 760 2268 sicut
774 2196 810 2267 in
824 2217 866 2269 ea
878 2217 940 2291 per
951 2193 1142 2266 Oldradum
1152 2195 1322 2266 Fasiolum
1336 2195 1501 2290 scriptum
1511 2205 1575 2287 est,
1585 2203 1620 2267 ct
1635 2217 1755 2290 pacem
1765 2197 1900 2269 Verone

485 2331 709 2394 manutenere
733 2330 768 2393 ct
783 2341 924 2415 operam
947 2317 1030 2392 dare
1052 2327 1122 2391 toto
1146 2339 1210 2390 suo
1237 2339 1337 2414 posse
1361 2317 1457 2413 quod
1484 2319 1698 2392 observetur.
1723 2319 1767 2390 Et
1783 2319 1899 2392 omnia

483 2446 638 2540 predicta
644 2445 843 2539 jurantibus
852 2443 1010 2540 syndicis
1019 2442 1195 2538 prelibatis
1203 2442 1380 2514 civitatum
1391 2441 1576 2526 dictorum,
1581 2446 1787 2537 juraverunt
1795 2444 1899 2516 etiam

484 2569 616 2644 domini
633 2572 833 2665 Papazonus
843 2568 1115 2642 etNascimbene
1130 2565 1267 2663 syndici
1281 2567 1444 2654 Ferraria,
1457 2567 1584 2640 inserta
1598 2576 1712 2640 temen
1729 2567 1764 2638 in
1779 2589 1898 2642 eorum

478 2699 675 2790 juramento
694 2693 892 2768 conditione
920 2693 1075 2791 predicta
1102 2691 1199 2787 quod
1226 2713 1409 2764 commune
1432 2691 1586 2764 Ferrarie
1602 2691 1783 2764 occasione
1808 2689 1900 2763 dicte

483 2819 654 2894 societatis
676 2819 732 2890 vel
753 2816 937 2892 concordie
961 2819 1098 2890 nullum
1121 2839 1211 2890 onus
1238 2815 1396 2889 solvendi
1420 2815 1559 2889 baveris
1578 2816 1692 2910 aliqua
1721 2815 1900 2889 occasione

484 2941 609 3016 debeat
622 2941 778 3014 tolerare.
792 2941 996 3014 Remittents
1010 2951 1045 3013 et
1055 2943 1255 3013 absolvente
1267 2939 1358 3013 dicto
1370 2939 1562 3034 [oderingo
1578 2948 1745 3036 potestate
1761 2941 1900 3012 Mantus

485 3089 547 3161 pro
564 3067 638 3162 ipsa
661 3065 800 3138 civitate
827 3067 893 3137 sub
918 3065 1059 3138 vinculo
1084 3065 1139 3137 sui
1161 3065 1364 3138 sacramenti
1389 3074 1424 3136 et
1444 3066 1587 3138 consilio
1615 3065 1779 3137 universo
1804 3063 1900 3158 quod

485 3211 605 3262 omnes
632 3190 806 3284 sigillatim
823 3199 923 3262 ‘tunc
949 3192 1155 3282 juraverunt
1186 3189 1394 3284 expressim,
1422 3187 1572 3262 dominis
1606 3189 1749 3260 Carvolo
1773 3197 1809 3260 et
1833 3189 1900 3261 Bo·

485 3325 631 3390 nanocte
653 3315 795 3410 Ygillini
822 3315 867 3388 de
892 3315 1006 3386 blusto
1032 3314 1186 3410 syndicis
1212 3324 1247 3388 et
1272 3314 1549 3410 procuratoribus
1572 3315 1679 3410 partis
1704 3315 1838 3386 comitis
1866 3323 1900 3385 et

485 3463 604 3515 eorum
631 3441 692 3536 qui
713 3451 796 3512 tunc
816 3439 1017 3512 babitabant
1039 3439 1135 3535 apud
1160 3441 1323 3512 Sanctum
1345 3438 1560 3511 Bonitacium
1577 3447 1611 3511 et
1631 3439 1781 3510 Mentem
1803 3439 1900 3510 Sam·

486 3568 615 3639 bunum
631 3574 666 3637 et
684 3586 746 3660 pro
760 3573 856 3658 parte
871 3563 954 3636 dicti
975 3565 1110 3636 comitis
1126 3585 1246 3637 eorum
1263 3563 1402 3637 nomine
1417 3572 1452 3636 et
1468 3561 1559 3650 vice,
1574 3571 1610 3636 et
1622 3563 1901 3658 procuratoribus

485 3689 632 3780 comitis,
648 3689 820 3762 Guillelmi
838 3687 883 3761 de
901 3687 1134 3779 lendenaria,
1156 3687 1328 3781 Pegorarii
1350 3685 1475 3758 Leonis
1492 3684 1538 3759 de
1551 3685 1752 3758 Carceribus
1768 3695 1802 3757 et
1818 3685 1901 3757 alio·

485 3835 562 3886 rum
584 3811 846 3908 quatuordecim
869 3811 932 3906 qui
955 3833 1036 3882 cum
1061 3831 1102 3883 eo
1129 3811 1220 3905 capti
1243 3819 1340 3883 erant
1354 3807 1407 3905 (l)
1422 3831 1541 3882 eorum
1555 3809 1695 3884 nomine
1712 3819 1747 3882 ct
1760 3809 1850 3898 vice,
1867 3818 1902 3881 et

486 3939 629 4012 domino
647 3940 741 4011 llono
759 3937 906 4033 syndico
927 3937 1037 4032 partis
1055 3935 1263 4008 intrinsecus
1276 3937 1412 4009 Verane
1429 3935 1569 4008 nomine
1588 3933 1696 4028 ipsius
1715 3933 1822 4028 partis
1840 3934 1902 4004 sti·

487 4063 686 4159 putantibus
694 4063 809 4136 omnia
815 4063 1024 4155 juramenta,
1037 4060 1228 4156 pactiones,
1240 4059 1497 4154 promissiones,
1512 4058 1666 4145 vincula,
1677 4057 1901 4152 obligationes

486 4207 709 4283 personarum
722 4187 778 4258 vel
792 4185 962 4258 bonorum
976 4205 1047 4278 que
1063 4191 1154 4256 retro
1170 4183 1258 4256 inter
1271 4205 1454 4256 commune
1468 4184 1609 4256 Mantus
1623 4181 1717 4254 intus
1731 4182 1787 4254 vel
1801 4191 1901 4256 extra

486 4333 566 4386 cum
588 4311 714 4385 comite
730 4291 897 4384 llinzardo
920 4317 954 4382 ct
976 4318 1047 4382 tota
1069 4329 1132 4380 sua
1156 4317 1254 4402 parte
1280 4306 1450 4403 paruisset
1473 4305 1594 4380 iecisse
1611 4306 1667 4378 vel
1688 4327 1769 4377 cum
1784 4304 1902 4398 aliquo

524 4621 559 4693 (4)
581 4621 633 4678 «nt
642 4619 825 4678 mediantibus
837 4617 987 4676 rectoribus
998 4615 1172 4676 nomnndiao
1185 4622 1213 4674 et
1223 4617 1339 4676 maxime
1352 4615 1492 4686 Postumis,
1506 4615 1610 4674 liberati
1623 4613 1731 4672 luerunt
1740 4623 1832 4670 comes
1845 4611 1899 4669 Vc·

491 4737 504 4772 ι
518 4733 599 4774 ronne
610 4723 639 4774 et
649 4717 727 4775 amici
737 4717 798 4790 ejus
808 4715 843 4774 de
851 4715 1039 4774 carceribus.»
1052 4714 1179 4774 odronto.
1194 4716 1292 4772 Pctoo.
1308 4713 1344 4772 ad
1361 4729 1424 4771 nnn.
1439 4715 1504 4771 ⁴2³⁴
1526 4727 1571 4786 ap.
1585 4712 1741 4780 liemon,
1750 4707 1900 4782 Annqotc,

488 4821 509 4871 t.
525 4813 570 4886 tv,
585 4831 612 4888 p.
628 4817 707 4873 tras.
