4710 6076
362 657 372 676 ‘
417 672 514 730 rura.
534 669 594 752 ru]
865 665 1062 728 rnsronra
1088 665 1383 727 nrrnouarrcn.

634 947 1433 962 *un—*affl
1437 947 1619 958 ..ι-ιι--ιι

471 1169 655 1253 Henricus
668 1171 927 1253 Romanorum
942 1196 1006 1252 rex
1026 1171 1218 1253 canonicis
1236 1171 1369 1254 beotae
1386 1171 1528 1254 blaciae
1545 1181 1582 1253 et
1597 1171 1698 1254 beati
1717 1173 1834 1256 nual-

416 1303 513 1386 berti
540 1303 589 1384 de
612 1303 732 1414 Aquis
754 1303 927 1413 indulget
952 1313 994 1386 nt
1021 1305 1189 1387 Gerardo
1214 1303 1342 1387 comiti
1367 1304 1537 1387 Gelrensi
1561 1305 1760 1414 praedium
1784 1307 1833 1388 de

416 1435 588 1520 Moldoke
602 1463 690 1519 num
704 1436 938 1546 pertinentiis
957 1434 1039 1546 ejus
1052 1436 1171 1519 libere
1185 1439 1367 1544 vendent,
1378 1463 1423 1520 eo
1432 1437 1647 1521 conditione
1664 1448 1706 1522 ut
1719 1465 1833 1549 peco-

418 1569 523 1650 niam
541 1595 611 1678 pro
625 1569 736 1652 bonis
751 1569 835 1652 aliis
848 1569 971 1652 eidem
985 1568 1174 1651 Ecclesiae
1190 1569 1404 1654 utilioribus
1421 1581 1654 1655 convertent.

434 1823 436 1827 -
501 1781 618 1860 (Edidit
631 1784 830 1856 Lacounmr,
850 1779 1035 1843 Urltmdenlr.
1046 1781 1105 1863 fiir
1118 1780 1164 1843 dle
1181 1781 1281 1842 Gesclr.
1300 1780 1349 1842 des
1363 1779 1527 1857 Niedmtl„
1545 1801 1603 1845 zw.
1620 1783 1718 1856 Band,
1732 1803 1762 1863 p.
1782 1797 1830 1866 rt,

539 1899 571 1950 m
587 1888 669 1969 144.)

468 2073 636 2146 Henrieus
647 2075 815 2171 septimus
828 2076 1058 2148 Romanorum
1075 2097 1137 2148 rex
1151 2087 1184 2149 et
1199 2099 1335 2174 semper
1349 2085 1531 2171 augustus.
1548 2079 1673 2150 Notum
1688 2081 1834 2152 facimus

421 2197 592 2274 universis
606 2197 741 2295 imperii
758 2197 921 2272 fidelibus
938 2201 1155 2296 presentibus
1175 2209 1209 2274 et
1230 2202 1356 2274 lutaris
1376 2202 1473 2297 quod
1493 2224 1557 2275 nos
1578 2204 1834 2277 considerantes

419 2331 546 2394 statam
565 2329 600 2394 et
618 2322 853 2419 dampnaque
867 2324 1034 2420 capellani
1048 2324 1153 2396 nostri
1168 2325 1324 2398 canonici
1341 2327 1439 2400 beate
1453 2327 1560 2400 biario
1573 2337 1607 2402 ot
1619 2328 1710 2401 beati
1726 2328 1845 2402 Adai:

420 2444 505 2516 berti
522 2445 566 2517 de
582 2445 693 2540 Aquis
714 2447 750 2518 in
769 2447 870 2520 bonis
887 2468 1008 2524 eorum
1028 2447 1125 2544 apud
1141 2449 1300 2521 bloldeke
1318 2458 1352 2521 ct
1370 2451 1445 2542 ejus
1464 2451 1679 2546 pertinentiis
1695 2451 1831 2544 jamdiu

419 2568 674 2664 sustinuerunt,
701 2569 849 2667 provida
875 2569 1120 2644 deliberatione
1143 2571 1190 2644 ad
1211 2573 1365 2670 ipsorum
1391 2574 1590 2670 petitionem
1622 2575 1832 2649 indulsimus

418 2690 514 2785 quod
526 2696 598 2786 jam
616 2693 746 2766 dictum
767 2694 927 2790 predium
947 2695 993 2768 de
1010 2695 1169 2769 Moldele
1186 2720 1265 2770 cum
1288 2698 1502 2793 pertinentiis
1524 2698 1598 2770 sois
1620 2699 1727 2774 libere
1746 2723 1830 2774 uen-

419 2813 503 2888 dant
526 2815 652 2890 dilecto
678 2828 795 2891 nostro
819 2819 970 2894 Gersrdo
993 2822 1108 2894 comiti
1137 2819 1311 2914 Gelrensi,
1336 2844 1378 2895 eo
1408 2833 1508 2918 pacto
1533 2834 1568 2895 ct
1591 2833 1708 2898 tenore
1733 2829 1829 2922 quod

418 2939 564 3013 eandem
588 2942 771 3037 pecuniam
794 2967 899 3038 quam
924 2945 1006 3018 inde
1027 2947 1218 3042 receperint
1243 2947 1355 3019 locent
1380 2957 1413 3018 ct
1440 2947 1523 3019 dent
1547 2970 1609 3044 pro
1632 2949 1732 3020 bonis
1754 2951 1831 3022 aliis

417 3062 503 3158 ipsis
517 3065 629 3159 magis
649 3067 839 3140 commodis
853 3077 887 3141 et
906 3069 1113 3162 utilioribus
1128 3072 1173 3144 ita
1193 3071 1291 3166 quod
1304 3074 1377 3166 jam
1394 3072 1486 3144 dicte
1501 3073 1644 3146 ecclesie
1663 3075 1699 3144 in
1714 3075 1831 3148 reddi-

418 3187 511 3261 tibus
526 3190 592 3262 hao
610 3192 742 3265 ratione
762 3193 891 3266 nnllam
910 3195 1058 3267 sentiant
1077 3195 1359 3282 diminutionem,
1386 3197 1449 3270 sed
1466 3209 1691 3292 augmentum
1710 3200 1831 3295 pocius

417 3313 608 3409 percipiant
620 3325 655 3388 et
671 3317 736 3389 hoe
753 3317 933 3392 evidenter
947 3318 982 3390 in
998 3319 1084 3416 ipsis
1102 3321 1257 3394 ecclesiis
1270 3321 1483 3396 ostendatur.
1501 3321 1557 3394 ild
1576 3322 1626 3395 rei
1648 3333 1775 3396 certam
1793 3325 1829 3394 in

417 3448 592 3530 posterum
609 3439 821 3515 evidentiam
846 3453 1040 3538 presentem
1061 3455 1189 3518 cartam
1214 3445 1297 3519 inde
1318 3447 1546 3542 conscriptam
1569 3447 1682 3540 sigillo
1703 3449 1831 3539 majcs-

418 3558 496 3630 tatis
508 3571 623 3634 nostre
637 3563 783 3638 lecimus
797 3567 1015 3639 communiri.

465 3678 589 3754 Aetam
607 3684 726 3778 [anno]
754 3689 1043 3763 combined.
1068 3693 1144 3763 XX.
1172 3693 1243 3765 llll.
1268 3695 1393 3766 Datum
1418 3693 1648 3789 llquisgreni,
1673 3695 1831 3768 kalendis

416 3804 547 3900 aprilis.

657 4089 859 4102 ———--——.-.-
866 4096 870 4102 .
878 4096 893 4102 u·
904 4097 1078 4106 -u--a--n---u
1086 4100 1092 4106 .
1100 4101 1118 4106 ...
1126 4101 1131 4106 -
1140 4099 1620 4109 ..ψο--η-η--ι--ι-μ--σ-ι-ι-κ-υ--ονη

470 4340 653 4426 llenrieus
671 4347 931 4433 Romanorum
951 4377 1018 4434 rex
1033 4352 1189 4436 laudum
1209 4354 1435 4440 balneorum
1458 4359 1558 4440 inl'ra
1580 4385 1712 4443 muros
1735 4361 1831 4443 oiri-

417 4473 505 4556 tatis
524 4475 714 4585 Aquensis
735 4482 1070 4567 constitutoruma
1097 4487 1335 4570 ministeriali
1355 4516 1425 4573 suo
1442 4491 1651 4574 Willielmo
1673 4493 1831 4579 bewaro

417 4607 528 4691 titulo
546 4611 773 4695 venditionis
788 4613 994 4699 alienatum
1013 4629 1049 4700 et
1065 4619 1104 4699 in
1119 4647 1258 4704 manus
1273 4647 1362 4704 suas
1382 4623 1637 4734 resignatum,
1653 4625 1831 4710 ccclesiae

418 4741 587 4850 ‚lqnensi
602 4745 752 4853 speciali
768 4748 935 4856 capellae
952 4752 1094 4832 sanein
1109 4765 1334 4862 perpetuum
1347 4755 1507 4840 oonlert.

1875 1177 2019 1230 Aquisgrnni.

1889 1233 1911 1274 1·
1920 1231 1984 1285 aprili
1992 1245 2005 1274 ¹.

1869 4379 2015 4432 [Aquinatem.

1854 4433 1919 4486 aprili
1927 4433 2016 4474 lneuntc
2027 4435 2035 4485 J
