4702 6110
358 683 456 744 Ianum.
472 679 516 758 d]
805 671 1001 736 HISTORIA
1026 667 1319 733 btrtottttrtcn

590 936 879 954 ffl-——na—-a

412 1171 597 1258 Heuricus
622 1171 883 1257 Romanorum
910 1195 977 1254 rex
1004 1167 1132 1253 abbati
1163 1179 1201 1251 et
1226 1167 1427 1252 conventui
1449 1169 1497 1252 de
1522 1169 1622 1254 Petri
1652 1171 1769 1255 domo
1809 1197 1955 1304 *m

361 1301 668 1416 (Petershausen)
683 1303 858 1414 indulget
870 1311 914 1388 ut
929 1329 962 1386 ει
951 1303 1135 1386 'domum
1153 1301 1348 1412 aliquam
1337 1327 1378 1383 rn
1394 1302 1522 1386 civitat
1505 1303 1631 1388 tibus
1621 1305 1769 1416 amperii
1810 1305 1952 1350 ml*

361 1439 403 1523 fu
404 1439 660 1548 erintadepti,
677 1421 827 1521 nullam
838 1437 928 1521 inde
945 1437 1037 1520 dare
1051 1435 1261 1546 precariam
1273 1443 1486 1520 teneantur.

442 1653 548 1732 (Ildid.
563 1651 680 1729 Lauro,
695 1647 903 1729 amoto,
917 1655 941 1712 t.
956 1649 1074 1726 XVIII,
1089 1666 1121 1729 p.
1138 1647 1222 1728 41³.)

411 1840 580 1914 Henncus
594 1839 657 1912 Dei
673 1839 783 1934 gratia
796 1839 1025 1914 Romanorum
1039 1858 1103 1910 rex
1117 1847 1152 1911 et
1166 1857 1301 1933 semper
1317 1847 1503 1932 augustus,
1521 1835 1684 1914 fidelibus
1698 1840 1773 1913 suis

364 1963 535 2038 universis
557 1963 716 2038 officiatis
737 1971 772 2036 et
793 1963 930 2036 civibus
946 1961 1075 2056 qnibns
1095 1981 1238 2057 presens
1261 1961 1427 2055 scriptum
1449 1960 1646 2036 exhibitum
1669 1964 1774 2036 luerit

365 2087 510 2182 gradem
539 2108 639 2160 snam
666 2095 702 2159 et
722 2107 825 2160 omne
846 2085 990 2158 bonnm.
1011 2085 1097 2158 Cum
1118 2107 1166 2159 ex
1183 2085 1300 2158 innata
1319 2085 1421 2156 nobis
1444 2085 1541 2180 regia
1563 2085 1775 2180 benignitate

367 2212 443 2284 loca
464 2209 586 2284 divino
608 2209 718 2283 cultui
735 2205 929 2304 mancipata
951 2208 1117 2304 ampliare
1132 2207 1388 2299 studuerimus,
1409 2207 1458 2282 ad
1481 2209 1627 2284 saltum
1648 2211 1776 2284 utrius·

365 2355 435 2430 qne
451 2334 524 2407 vite
536 2333 637 2407 nobis
649 2353 719 2406 non
737 2331 946 2426 ambigimus
957 2333 1189 2427 profuturum.
1205 2332 1294 2405 Iliae
1306 2341 1359 2406 est
1374 2332 1471 2428 qnod
1484 2354 1548 2406 nos
1561 2334 1776 2410 attendentes

367 2457 587 2531 devotionem
610 2464 645 2530 et
671 2456 852 2530 honestam
874 2455 1171 2528 conversationem
1195 2454 1398 2530 dilectorum
1421 2465 1614 2530 nostmrum
1641 2458 1777 2532 abbatis

367 2591 402 2654 et
424 2589 614 2656 conventus
642 2579 688 2654 de
711 2578 801 2652 Petri
827 2578 949 2671 domo,
975 2577 1021 2652 de
1043 2586 1159 2652 nostre
1183 2578 1399 2654 celsitudinIs
1420 2580 1530 2675 gratia
1555 2580 1777 2678 indulgemus

367 2703 497 2778 eisdem
510 2703 608 2799 quod
629 2703 659 2776 si
677 2703 830 2798 aliquam
845 2703 988 2778 domum
1003 2721 1066 2798 per
1082 2703 1291 2797 emptionem
1310 2703 1368 2776 rel
1390 2701 1610 2777 donationem
1629 2705 1665 2777 in
1690 2727 1778 2779 ιιοι-

367 2829 428 2901 tris
442 2828 640 2903 civitatibus
654 2827 772 2924 adepti
787 2828 926 2916 Ineunt,
945 2829 992 2900 ab
1005 2827 1100 2900 omni
1113 2827 1296 2901 exactione
1314 2827 1546 2923 precariarum
1569 2829 1776 2904 inhabitator

368 2952 523 3048 ejusdem
537 2951 663 3027 domus
683 2953 729 3026 sit
750 2951 949 3044 absolutus,
969 2971 1036 3024 nec
1056 2950 1124 3047 ipsi
1148 2949 1329 3025 occasione
1349 2952 1505 3046 ejusdem
1526 2951 1652 3026 domus
1669 2954 1776 3026 ullam

368 3077 451 3150 dare
472 3075 663 3173 precariam
682 3084 874 3149 teneantur.
898 3075 1115 3171 Qnapmpter
1130 3073 1341 3149 mandamus
1361 3076 1463 3149 vobis
1481 3074 1677 3152 firmissime
1696 3100 1777 3174 pre-

367 3199 533 3294 cipientes
547 3207 907 3294 qnatenusprenotato
925 3197 1042 3271 abbati
1054 3207 1090 3272 et
1104 3220 1169 3271 sno
1188 3199 1375 3273 eonventni
1389 3211 1611 3274 memoratam
1625 3211 1775 3276 nostram

368 3323 512 3414 gratiam
535 3331 570 3394 et
587 3321 838 3417 indulgentiam
855 3331 964 3396 ratam
988 3343 1030 3395 ac
1054 3321 1188 3396 firmam
1210 3323 1439 3416 conservetis,
1459 3323 1612 3419 alioquin
1635 3347 1776 3419 gravem

367 3445 532 3516 offensam
552 3455 668 3518 nostre
683 3445 899 3520 celsitudinis
916 3446 1109 3520 incurretis.
1130 3447 1200 3520 Nos
1215 3467 1299 3520 vem
1321 3446 1368 3521 ad
1388 3427 1552 3540 majorem
1565 3449 1774 3522 evidentiam

368 3575 403 3638 et
422 3567 529 3639 robur
549 3568 737 3642 valiturum
755 3569 1002 3666 premissorum
1021 3589 1164 3666 presens
1183 3569 1349 3665 seriptum
1366 3579 1481 3644 nostre
1496 3571 1712 3646 celsitudInis
1727 3573 1775 3646 si-

368 3690 450 3785 gillo
463 3691 630 3784 jussimus
645 3694 864 3766 communiri.

418 3815 542 3888 Datum
568 3813 663 3910 apud
681 3815 907 3911 Uhedingen,
928 3837 1021 3890 anno
1042 3816 1214 3892 dominice
1237 3817 1482 3892 incarnationis
1504 3819 1685 3894 millesimo
1706 3821 1773 3895 dn·

369 3937 555 4012 centesimo
568 3939 739 4032 vigesimo
752 3960 856 4028 nono,
872 3940 905 4012 X
919 3939 1085 4016 kalendas
1102 3941 1314 4034 novembris,
1333 3941 1522 4018 Indictione
1535 3943 1648 4018 tertia.

421 4466 604 4553 Hernicus
626 4469 884 4554 Romanorum
900 4495 967 4554 rex
983 4469 1128 4555 civibus
1145 4472 1193 4556 de
1206 4471 1377 4584 Irajecto
1391 4475 1551 4566 llberam
1564 4486 1772 4570 auctorita-
1795 4506 1973 4606 mu

367 4611 445 4685 tem
458 4601 654 4715 indulget
643 4627 814 4714 ipsorum
826 4603 1015 4688 civitam
1028 4605 1327 4715 muris7fossatis
1340 4609 1482 4695 aeoliis
1495 4615 1770 4704 munitionibus

369 4733 579 4818 muniendi.

469 4871 525 4933 111.
1577 4891 1612 4946 ιιι
