4658 6132
631 552 689 614 tot
1126 561 1338 628 intuente!
1363 563 1537 626 subdunt
1841 563 1920 642 [dnn.
1940 564 2028 626 1229.

630 687 735 760 litatis
755 697 789 762 et
803 691 996 764 devotionis
1015 693 1142 767 indicia
1160 695 1207 792 (a)
1223 699 1405 772 clementer
1420 700 1471 772 eis
1489 697 1707 788 indulsimus,
1727 706 1762 770 et
1781 699 1952 793 supplices
1966 722 2031 772 re-

631 811 786 906 cepimus
816 813 852 886 in
882 815 991 909 gratie
1019 828 1134 892 nostre
1158 819 1289 911 sinum,
1316 821 1540 917 procedentes
1565 821 1705 895 aliunde
1737 842 1817 893 cum
1848 821 2031 896 victorioso

629 937 783 1008 exercitu
808 947 924 1012 nostro
950 940 997 1012 ad
1022 941 1166 1014 aliorum
1188 953 1381 1018 nostrorum
1406 945 1585 1018 rebellium
1604 945 1766 1040 reliquias
1790 947 2025 1020 conterendas.

630 1057 731 1142 Quod
754 1058 928 1134 devotioni
950 1071 1064 1136 vestra
1086 1063 1322 1158 significamus
1345 1068 1391 1142 ad
1414 1068 1600 1163 gaudium,
1622 1077 1662 1140 ut
1683 1067 1728 1140 de
1756 1071 1922 1163 presentis
1942 1093 2030 1143 suc-

629 1203 748 1255 cessus
772 1187 995 1282 prosperitate
1012 1188 1192 1262 nobiscum
1219 1191 1439 1282 colletemiui,
1458 1191 1590 1264 firmam
1608 1213 1705 1288 spem
1727 1199 1922 1288 certamque
1938 1193 2029 1267 lidu-

630 1304 718 1378 ciam
736 1319 949 1382 assumentes
967 1309 1063 1405 quod
1079 1311 1183 1386 deute
1196 1316 1340 1389 Domino
1361 1317 1498 1410 majoris
1518 1317 1629 1390 leticie
1643 1338 1708 1389 vos
1722 1317 1758 1387 in
1776 1316 1934 1412 proximo
1948 1339 2027 1413 par-

628 1431 748 1528 ticipes
763 1433 939 1508 iaciemus.

681 2021 884 2131 Gregorius
897 2047 996 2129 papa
1013 2021 1212 2105 Parisiensi
1229 2021 1403 2130 episcopo
1421 2021 1578 2104 mandat
1598 2030 1640 2103 ut
1657 2022 1707 2104 ad
1726 2047 1766 2104 se
1782 2023 2025 2132 personaliter

626 2153 752 2236 ueniat
765 2178 853 2236 cum
869 2178 1037 2264 congruo
1053 2153 1280 2236 bellatorum
1294 2163 1497 2264 apparatu,
1513 2181 1579 2238 seu
1596 2156 1743 2238 mittere
1759 2156 1807 2239 ad
1821 2155 2023 2240 Ecclesiam

626 2311 825 2370 romanam
843 2285 924 2368 sine
939 2310 1047 2368 mora
1062 2295 1248 2395 procuret.

705 2525 822 2608 (lncdlt.
839 2543 878 2588 ex
897 2527 1015 2606 Regest.
1034 2527 1169 2607 Gregor,
1183 2545 1253 2589 aun.
1273 2529 1336 2602 111,
1351 2539 1385 2589 n⁰
1399 2537 1452 2603 ot,
1468 2530 1499 2589 ln
1518 2529 1637 2592 collect.
1655 2531 1731 2592 Btbl.
1751 2533 1848 2594 Parta.
1868 2531 2018 2594 linerat.

743 2631 1212 2712 autemap.ltsr1tnno.,daool.
1228 2630 1334 2708 eccm,
1349 2634 1388 2695 nd
1401 2651 1473 2696 ann.
1489 2643 1604 2714 mm
1619 2637 1769 2712 XXXVI.)

673 2847 869 2941 Gregorius,
887 2856 969 2937 etc,
984 2847 1172 2920 venerabili
1189 2847 1328 2919 tratri...
1348 2847 1531 2921 Parisiensi
1547 2848 1709 2944 episcopo
1721 2847 1866 2920 salutem
1880 2859 2018 2944 etapos·

625 2971 761 3044 tolicam
778 2971 1065 3044 benedictionem.
1083 2970 1169 3042 Cum
1183 2971 1306 3044 caritas
1321 2993 1391 3044 uon
1404 2993 1552 3065 querens
1567 2991 1637 3066 que
1652 2993 1716 3044 sua
1731 2981 1811 3044 sunt
1827 2973 1934 3046 nichil
1951 2971 2018 3044 hu·

624 3117 765 3168 manum
783 3116 856 3168 asa
872 3103 1007 3189 reputet
1020 3094 1189 3183 alienum,
1207 3094 1357 3188 quisque
1370 3094 1519 3168 caritatis
1534 3103 1664 3168 amator
1680 3095 1800 3166 merito
1814 3103 1925 3188 potest
1943 3115 2016 3190 pm·

623 3217 738 3314 prium
754 3217 921 3290 extimare
936 3215 1109 3311 quidquid
1131 3217 1286 3290 imminet
1306 3217 1457 3289 llcclesie
1481 3217 1646 3310 generali,
1671 3238 1735 3288 nec
1758 3215 1862 3290 debet
1884 3218 2017 3314 proprio

622 3362 763 3436 parcere
778 3339 840 3412 ubi
854 3339 1007 3436 periculo
1023 3348 1134 3435 potest
1145 3339 1286 3412 obviare
1299 3339 1486 3431 communi,
1501 3362 1545 3413 ne
1558 3339 1743 3413 universali
1758 3341 1896 3414 utilitati
1906 3341 2015 3414 videa·

623 3473 679 3536 tur
693 3463 843 3558 prolerre
860 3463 1043 3557 privatam.
1060 3464 1150 3536 Sane
1164 3484 1305 3536 romana
1316 3463 1467 3537 Ecclesia
1485 3463 1521 3534 in
1537 3462 1596 3536 tali
1612 3485 1705 3535 nunc
1718 3472 1770 3536 est
1782 3465 1925 3536 articulo
1940 3485 2015 3536 cou-

620 3587 740 3660 stituta
764 3585 859 3680 qnod
883 3585 929 3658 ad
954 3586 1103 3658 duorum
1126 3587 1270 3659 alterum
1290 3587 1429 3660 videtur
1449 3586 1618 3674 adducta,
1640 3586 1802 3660 videlicet
1825 3595 1886 3658 aut
1905 3607 1943 3658 se
1959 3595 2015 3659 aut

621 3711 849 3784 universalem
860 3709 1314 3802 Ecclesiam,fideliumsulta
1325 3710 1494 3798 subsidio,
1506 3710 1858 3800 auxitiantebomim,
1869 3719 2011 3800 tueatur,

621 3844 682 3908 nut
701 3856 738 3907 sc
761 3857 840 3906 cum
857 3834 1019 3906 omnibus
1044 3833 1206 3907 membris
1232 3833 1321 3926 suis,
1338 3833 1432 3928 quod
1450 3833 1556 3922 absit,
1573 3833 1767 3906 conculcari
1790 3833 1961 3928 permittat
1983 3843 2015 3904 et

619 3959 769 4055 patiatur
786 3979 868 4032 seve
882 3959 1004 4052 subJ‘ici
1022 3957 1196 4049 servituti,
1213 3957 1250 4028 F.
1270 3957 1361 4030 dicto
1377 3956 1579 4052 imperatore
1593 3965 1709 4030 contra
1725 3958 1836 4028 mum
1853 3965 1888 4028 et
1904 3955 2014 4026 Eccle-

619 4081 705 4156 siam
723 4080 907 4155 fraudes...
922 4081 968 4176 (l)
987 4081 1125 4175 negotio
1139 4080 1377 4152 miserabiliter
1391 4082 1492 4152 Terre
1505 4087 1621 4152 sancte
1632 4080 1774 4152 contuso
1788 4087 1824 4150 et
1835 4078 1927 4150 viras
1939 4099 2013 4150 cum

619 4205 812 4278 Sanaceuis
830 4215 864 4277 et
881 4205 958 4278 aliis
977 4203 1175 4278 infidelibus
1192 4204 1297 4300 impie
1313 4204 1485 4276 moliente.
1506 4203 1618 4289 Quare
1633 4201 1790 4274 videntes
1810 4210 1846 4273 et
1866 4201 2014 4274 dolentes

619 4329 715 4424 quod
731 4329 840 4425 ipsius
857 4329 896 4402 F.
915 4329 1035 4424 iniqua
1056 4327 1217 4426 superbia
1235 4337 1269 4402 et
1284 4327 1432 4426 superba
1449 4327 1611 4422 iniquitas
1629 4348 1763 4422 semper
1780 4323 1934 4398 ascendit
1950 4323 2012 4396 nisi

660 4557 699 4640 (a)
712 4561 748 4622 lu
760 4560 912 4638 impresso,
919 4555 1034 4640 fututa
1051 4559 1137 4620 mala.

660 4663 696 4746 (b)
710 4665 798 4728 Deest
810 4665 853 4728 tbl
866 4665 978 4744 nltquld
990 4668 1022 4726 ln
1035 4664 1142 4726 codice
