4642 6106
540 613 602 676 254
987 625 997 644 ·
1039 613 1260 680 lnlnslttct
1285 615 1463 682 securint
1760 619 1845 702 [du.
1862 619 1950 686 isal.

541 747 589 824 ed
612 759 739 822 oertam
765 749 960 826 cautionem
988 751 1210 848 prestandum
1236 753 1282 826 ab
1303 753 1456 830 Ecclesia
1476 751 1545 826 sibi
1567 753 1726 850 patum,
1752 755 1953 832 fraternitati

541 883 656 950 vestre
675 875 886 970 presentium
910 876 1114 950 auctoritate
1137 875 1347 952 mandamus
1370 886 1542 974 quatenus
1564 899 1586 952 a
1609 878 1749 974 prelatis
1769 889 1806 954 et
1825 879 1953 976 prinei·

541 999 646 1096 pibus
664 1019 813 1094 quorum
829 999 970 1073 nomina
983 999 1085 1072 vobis
1098 1001 1136 1074 in
1153 1001 1289 1098 seriptis
1304 1001 1579 1094 transmittimus,
1591 1001 1786 1076 cautionem
1800 1001 1954 1100 recipere

540 1121 730 1218 procuretis
748 1123 852 1214 juxta
874 1125 1020 1198 formum
1041 1145 1149 1220 quam
1170 1124 1237 1197 sub
1261 1123 1356 1198 bulla
1378 1133 1494 1198 nostru
1521 1125 1689 1199 mittimus
1715 1125 1949 1200 interclusam.

538 1249 663 1321 Datum
675 1247 845 1340 laterani,
861 1249 953 1322 XVII
973 1249 1140 1323 kalendas
1156 1249 1332 1339 februarii,
1350 1249 1570 1346 pontificatus
1585 1249 1693 1323 nostri
1707 1271 1800 1323 anno
1813 1259 1950 1346 quarto.

587 1371 898 1446 ilecsuntnomina
910 1399 918 1444 ε
931 1373 1154 1458 coloniensis,
1165 1373 1451 1469 Maguntinensis,
1461 1373 1953 1470 Magdeburgensiellmmen·

540 1495 601 1582 sis,
617 1494 860 1588 Treveriensis,
871 1495 1097 1588 Pataviensis,
1112 1497 1432 1592 Babembergensis,
1446 1497 1691 1594 Erbipolensis,
1707 1495 1953 1572 Alberstuden·

540 1620 601 1712 sis,
612 1619 1068 1718 Spirensis,Warmecensis,
1079 1621 1352 1715 Argentinensis,
1363 1619 1575 1714 leodiensis,
1587 1619 1953 1716 Treiectensis,Cnme·

540 1745 710 1837 recensis,
731 1745 906 1835 tielensis,
923 1745 1135 1834 Besiliensis,
1158 1745 1439 1837 constantiensis,
1459 1745 1701 1840 Augustensis,
1721 1742 1950 1836 Brixinensie,

540 1869 732 1960 curiensis,
753 1867 993 1961 Tridentinus;
1018 1891 1082 1942 rex
1098 1867 1254 1956 Boemie,
1275 1868 1352 1942 dux
1372 1869 1535 1962 Bavarie,
1558 1869 1635 1942 dux
1657 1869 1811 1962 Austris,
1838 1889 1954 1942 eomes

541 1993 714 2090 palatinus
734 1993 837 2082 lleni,
860 1992 1110 2088 lantegraviua,
1129 1992 1206 2066 dux
1227 1991 1392 2082 saxonie,
1414 2013 1530 2066 eomes
1553 1993 1598 2066 de
1618 1993 1757 2086 llanult,
1778 1991 1855 2068 dux
1869 1993 1953 2066 Bru·

541 2119 671 2212 nuntie,
688 2115 764 2188 dux
780 2117 1014 2212 Lothoringie,
1030 2137 1145 2190 comes
1158 2115 1267 2208 Burri,
1288 2114 1365 2188 dux
1380 2113 1426 2188 de
1441 2115 1637 2210 [lemburg.

592 2365 763 2461 Epiaoopo
779 2363 986 2438 Veroellensi
1004 2372 1039 2437 et
1060 2363 1308 2438 Mediolanensi
1323 2364 1433 2438 electo
1448 2362 1501 2460 (l)
1519 2363 1555 2436 in
1575 2362 1737 2436 eumdem
1754 2362 1899 2438 modum
1914 2372 1955 2436 ut

545 2511 650 2586 supra
664 2489 831 2585 scriptum
843 2497 908 2577 est,
924 2487 1056 2580 [verbis
1070 2495 1304 2582 competenter
1316 2487 1489 2576 mutetis]

592 2615 663 2688 ileo
678 2621 759 2685 sunt
777 2613 918 2684 nomina
937 2612 974 2682 in
988 2611 1111 2683 Tuscia
1126 2637 1134 2681 :
1148 2611 1239 2702 Pisa,
1255 2611 1359 2702 Luca,
1373 2609 1554 2700 Florentio,
1570 2608 1738 2700 Aretium
1752 2609 1951 2700 Pistorium,

543 2741 644 2830 Sene,
661 2737 804 2836 comites
820 2735 961 2830 palatini
975 2735 1118 2825 Guerre,
1135 2755 1250 2808 aemes
1267 2733 1462 2808 Willelmus
1475 2731 1739 2826 Aldebrandini,
1759 2755 1875 2808 eomes
1890 2735 1953 2807 Sa·

545 2861 690 2952 bundie,
708 2857 861 2931 Dellinus
871 2859 1054 2930 Ravennae
1071 2855 1086 2952 (
1107 2857 1135 2956 ).

591 2983 662 3058 Hoc
684 2989 767 3054 sunt
791 2981 931 3054 nomina
953 2981 989 3052 in
1015 2980 1222 3056 lombardia
1249 3007 1257 3052 :
1281 2979 1520 3054 Cremonensis
1540 2979 1724 3078 episeopus
1744 2989 1780 3054 et
1800 3001 1954 3054 commu·

544 3107 647 3198 nitas,
672 3105 865 3180 Parmensis
887 3104 1071 3201 episeopus
1089 3113 1124 3178 et
1139 3105 1382 3196 communitae,
1403 3103 1582 3200 Papiensie
1600 3104 1783 3200 episeopus
1801 3115 1836 3178 et
1860 3125 1954 3178 eom·

543 3231 713 3316 munitus,
741 3230 905 3323 Regium,
924 3229 1084 3318 Mutina,
1111 3227 1363 3320 Mediolanum,
1389 3229 1611 3322 Pergamum,
1635 3227 1761 3320 Cuma,
1784 3227 1952 3318 Novaria,

543 3353 768 3444 Alexandria,
784 3353 991 3442 Veroellnm,
1008 3352 1214 3444 Taurinum,
1231 3353 1368 3443 Pudnu,
1384 3352 1594 3440 Tarvisium,
1614 3350 1786 3440 Vioentie,
1803 3351 1951 3442 Verona,

543 3481 697 3570 Mantua,
716 3479 847 3550 Brixia.

591 3607 661 3677 lieo
675 3615 758 3676 suut
778 3601 919 3674 nomina
935 3601 972 3672 in
994 3601 1182 3696 Romaguia
1206 3627 1214 3671 :
1234 3599 1407 3691 Bononia,
1425 3600 1601 3692 Faventia,
1623 3601 1803 3692 Ravenna,
1824 3599 1955 3673 Arimi·

543 3751 647 3820 num,
672 3725 825 3800 marchio
847 3723 1017 3812 Estensis,
1036 3725 1190 3798 marollio
1210 3724 1469 3815 illontisierruti,
1495 3745 1611 3798 eomes
1633 3725 1748 3798 Sancti
1772 3724 1950 3816 Bonilaeii,

542 3853 718 3941 Ezolinus,
736 3849 975 3942 Selinguerra,
993 3847 1209 3920 marchiones
1224 3847 1423 3942 Melespine.

590 3975 753 4069 Sequitur
767 3975 875 4047 torma
889 3973 983 4068 pacis
1000 3999 1008 4042 :
1027 3972 1066 4042 ln
1081 3971 1220 4042 uomina
1235 3969 1384 4043 Domini.
1404 3967 1527 4042 Amen.
1545 3971 1615 4044 Nos
1626 3969 1829 4044 Bartholdus
1840 3969 1954 4066 Aquif

542 4099 704 4191 legensis,
722 4108 788 4171 eto.
809 4096 928 4194 (qoam
942 4118 1046 4191 supro
1061 4095 1228 4186 dodim
1249 4117 1285 4191 p.
1302 4095 1388 4185 sto,
1406 4100 1444 4164 n⁰
1457 4091 1514 4190 V).

583 4297 625 4370 (a)
643 4292 694 4356 Sta
706 4295 738 4354 ln
752 4290 870 4354 dnobus
883 4292 990 4370 eoptts,
1005 4289 1157 4352 evidenter
1170 4293 1271 4352 antem
1284 4287 1442 4366 legendnm
1464 4287 1642 4350 vonam.

582 4635 616 4706 (t)
635 4631 741 4690 Soilieet
751 4629 908 4690 Gnillelmus
920 4631 955 4689 de
963 4629 1084 4702 itmolio,
1102 4629 1202 4690 aleetm
1215 4629 1302 4705 pridie
1318 4629 1380 4688 idus
1392 4627 1511 4688 oetobris
1529 4629 1599 4688 ttet
1611 4628 1657 4700 (tt
1670 4624 1799 4700 odtoltrd.
1814 4623 1854 4684 ct.
1871 4623 1954 4684 onca-

546 4732 599 4808 top.
615 4731 741 4806 srcttep.
757 4729 905 4790 tledtoloa.
916 4746 961 4806 ep.
973 4731 1081 4802 nnn,
1094 4729 1217 4791 iteam
1233 4729 1324 4788 Gemi.
1343 4729 1429 4800 litat„
1443 4733 1463 4786 t.
1479 4725 1516 4798 X,
1526 4742 1555 4801 p.
1571 4725 1642 4798 toll,
1747 4739 1750 4746 ·
