4710 6076
380 709 477 768 inurar.
497 703 558 789 lt]
836 704 1033 767 HISTORIA
1056 702 1348 766 otuuouorlct.
1729 694 1789 758 33¹1

426 842 542 914 Testes
552 837 600 912 hii
616 845 698 911 sunt
714 835 924 912 Lndewions
937 839 1015 914 dux
1026 838 1186 912 Bawario
1202 837 1375 934 palatinos
1389 855 1504 910 eomes
1514 833 1621 926 Boni,
1641 832 1787 946 imipoi-
1917 900 1925 911 .

378 964 446 1037 dos
458 961 535 1036 dux
546 958 684 1034 Austris
699 969 735 1034 et
745 959 860 1044 Stiria,
876 960 955 1034 Otto
973 958 1066 1032 filins
1077 961 1178 1036 ducis
1191 959 1363 1051 Bawarie,
1382 958 1562 1032 Heinrions
1575 955 1668 1030 filins
1685 955 1786 1030 ducis

377 1085 526 1177 dustria,
543 1083 581 1158 C.
596 1082 828 1178 Bnregravins
845 1082 890 1157 do
908 1082 1142 1176 Nnorenbero,
1160 1085 1282 1157 Comes
1303 1084 1534 1158 Hartmannos
1554 1079 1600 1154 de
1614 1081 1785 1154 Wirtten-

378 1209 460 1282 bero
476 1220 511 1281 et
526 1227 642 1281 eomes
666 1206 705 1280 C.
727 1203 820 1279 filius
837 1227 939 1297 snus,
960 1226 1076 1280 eomes
1094 1207 1265 1302 Repertus
1288 1205 1507 1298 detestatio,
1529 1205 1650 1278 Comes
1672 1205 1711 1276 B.
1740 1205 1786 1280 de

379 1333 563 1431 Greispach
575 1343 610 1410 et
625 1333 807 1408 Renum
824 1330 916 1406 filins
935 1355 1034 1422 snus,
1052 1331 1245 1408 Friderions
1258 1331 1594 1427 deTrnhendingen,
1613 1329 1734 1404 Comes
1744 1330 1781 1406 C.

380 1457 425 1531 de
435 1457 609 1554 Ottingen,
620 1455 820 1551 Wittegowi
833 1457 947 1531 senior
958 1467 994 1531 et
997 1457 1115 1550 junior
1123 1455 1168 1530 do
1177 1455 1340 1545 Aibeoke
1354 1455 1514 1530 tilbertus
1523 1457 1568 1530 de
1576 1455 1785 1528 Humeheim

379 1591 414 1654 et
427 1583 530 1656 ambo
550 1580 613 1654 filii
629 1581 743 1678 patrui
762 1581 831 1670 soi,
851 1579 1046 1655 Waitherns
1061 1579 1108 1654 de
1118 1580 1323 1674 Veimingon
1338 1589 1373 1653 et
1387 1579 1616 1676 Maronordus
1632 1579 1786 1674 flagela-

379 1705 465 1795 rins,
478 1705 518 1778 Ε.
531 1705 665 1802 dapifer
675 1701 907 1800 deWalpuro,
921 1703 959 1777 C.
970 1713 1006 1778 et
1016 1704 1056 1776 E.
1070 1703 1234 1800 pincerne
1247 1703 1293 1778 de
1303 1703 1551 1796 Winterstetin,
1563 1713 1598 1776 et
1608 1703 1666 1776 alii
1677 1723 1784 1798 qnam

380 1829 509 1922 plores.

428 1951 554 2024 Datum
568 1951 665 2048 apud
682 1949 846 2025 Werdam
862 1949 929 2047 (4),
947 1949 1024 2023 xvi
1042 1947 1207 2024 kalendas
1221 1949 1374 2045 angusti,
1395 1947 1582 2022 indictione
1596 1949 1671 2021 XV.

433 2596 616 2682 Henrious
633 2596 892 2681 Romanorum
905 2623 970 2680 rex
986 2607 1122 2682 notum
1136 2595 1227 2679 facit
1240 2597 1346 2707 quod
1358 2597 1457 2682 oiroe
1472 2597 1520 2681 de
1534 2595 1788 2683 Frankenfurt
1863 2667 1891 2702 ,,
1969 2634 1976 2660 ·

380 2729 486 2811 omni
494 2727 574 2839 juri
587 2728 899 2813 renuntiaverunt
917 2728 967 2813 ab
984 2728 1077 2838 ipsis
1090 2729 1261 2838 impetito
1275 2755 1389 2838 super
1404 2740 1573 2840 pratum,
1589 2731 1736 2843 sylvam
1748 2744 1787 2816 et

379 2887 521 2972 pesona
532 2863 660 2947 euriae
676 2862 839 2948 Riedern
856 2889 976 2974 quam
996 2874 1105 2974 pater
1126 2891 1219 2948 suus
1238 2863 1444 2973 imperator
1460 2863 1672 2948 Friderions
1690 2891 1788 2950 oon-

280 3093 284 3100 ,
380 2995 507 3080 ventui
525 2995 573 3078 de
588 2994 768 3106 Hegrrehe
787 2993 945 3108 (Hmna)
964 2995 1189 3080 contulerat.

460 3236 590 3316 (Edider.
606 3237 760 3311 Frcnunn,
776 3233 976 3318 arautem,
989 3253 1018 3316 p.
1036 3244 1106 3298 tto.
1119 3267 1157 3282 -
1167 3236 1333 3310 Bonum,
1351 3233 1417 3298 cod
1433 3233 1548 3317 diplom
1569 3235 1788 3316 moowsmnoo-

491 3342 587 3422 ficut,
601 3342 628 3416 1,
642 3359 673 3421 p.
689 3340 750 3420 to.)

429 3555 609 3629 Heinrions
622 3555 788 3652 septimos
801 3553 922 3630 divina
934 3557 1072 3630 favente
1085 3556 1266 3631 clementia
1278 3557 1508 3630 Romanorum
1522 3579 1586 3631 rex
1603 3567 1639 3630 et
1652 3579 1791 3654 semper·

382 3687 563 3772 augustus,
576 3679 749 3753 universis
761 3679 797 3751 io
811 3688 1029 3776 perpetuom.
1041 3679 1177 3766 Quanto
1188 3701 1252 3754 nos
1260 3679 1366 3754 fidem
1376 3701 1417 3753 ao
1426 3678 1645 3754 devotionem
1655 3681 1788 3754 ordinis

384 3801 614 3875 cisterciensis
627 3802 789 3876 inmnltis
803 3802 912 3876 simne
925 3802 1077 3898 experti,
1093 3811 1189 3876 tanto
1206 3804 1355 3899 amplius
1371 3825 1413 3877 ea
1426 3824 1526 3898 quea
1537 3804 1786 3899 predeoessori·

383 3926 451 4000 bue
467 3935 501 3998 et
516 3927 716 4022 parentibus
727 3927 852 4000 nostris
865 3927 916 4000 eis
929 3949 1046 4001 amore
1059 3927 1226 4000 virtmnm
1240 3928 1361 4001 collata
1374 3937 1456 4000 sont
1471 3939 1693 4022 augmentare
1707 3951 1787 4025 pro-

383 4049 545 4143 ponimus
562 4058 598 4120 et
612 4049 658 4122 ab
677 4049 771 4122 omni
785 4051 948 4146 sornpnio
965 4071 1169 4125 oonservare
1182 4051 1218 4124 in
1232 4061 1406 4147 posterum
1419 4051 1562 4126 eisdem.
1581 4053 1654 4128 Hau
1670 4054 1787 4148 itaque

382 4171 513 4244 ratione
529 4169 625 4246 dnoti
649 4172 697 4247 ad
714 4173 869 4247 notitiam
886 4175 1125 4248 universorum
1144 4195 1191 4247 ex
1213 4175 1443 4276 insinuatione
1461 4176 1670 4270 presentiam
1683 4179 1788 4272 rupi-

384 4317 462 4368 mus
475 4294 657 4392 pervenire
678 4294 775 4390 qnod
796 4319 877 4370 onm
897 4319 919 4370 a
940 4297 1158 4372 serenissimo
1183 4297 1324 4373 domino
1338 4299 1542 4393 imperatore
1556 4308 1653 4395 patre
1671 4311 1787 4376 nostro

421 4602 460 4672 (t)
476 4599 525 4658 iiio
537 4599 765 4676 interpretandum
777 4601 921 4678 praecipue
932 4618 967 4660 ex
979 4603 1089 4662 testium
1100 4603 1254 4662 nominibus
1264 4619 1406 4662 domemus
1420 4605 1603 4664 oomuwero
1615 4606 1644 4664 in
1656 4607 1786 4666 Bawarin.

385 4697 475 4756 Verbo
487 4703 577 4756 antem
592 4697 690 4758 Werdo
708 4698 781 4774 apud
799 4699 908 4758 latinos
927 4699 1027 4760 diversi
1046 4699 1204 4760 Germaniae
1222 4701 1273 4760 toni
1290 4701 1470 4775 designantur,
1481 4700 1583 4760 anilioat
1595 4703 1786 4778 Domuwerm,

385 4793 593 4868 Kaiserswerth,
607 4795 883 4868 wnonnmnemsr,
897 4803 925 4855 et
938 4795 1067 4854 werden.

484 4895 539 4956 ΙΙΙ.
1592 4909 1629 4962 tt
