4702 6110
1097 641 1267 706 lllllllllcl
1293 643 1461 708 suarim

364 1201 543 1308 'statutae
623 1199 808 1284 Henricus
844 1199 1104 1283 Romanorum
1134 1225 1201 1284 rex
1228 1201 1403 1314 indulget
1432 1212 1476 1286 ut
1504 1227 1575 1312 pro
1602 1202 1835 1314 qmbusdam
1861 1203 1986 1290 lendis

568 1335 747 1418 eeclesiae
762 1331 1060 1442 Herbipolensis‚
1076 1359 1175 1444 quae
1191 1333 1241 1417 ab
1253 1359 1299 1418 ea
1312 1334 1360 1418 ll.
1376 1335 1425 1418 de
1438 1335 1650 1446 Bolespem
1668 1347 1707 1420 et
1733 1337 1783 1422 ab
1798 1337 1872 1421 hoc
1886 1339 1986 1422 Con-
2060 1336 2062 1338 ’

568 1469 685 1552 radus
702 1467 750 1550 de
762 1465 964 1576 Winsperc
985 1475 1185 1578 tamquam
1212 1467 1454 1552 subrasallus
1475 1477 1699 1576 tenuerunt,
1719 1479 1758 1554 et
1780 1483 1881 1581 qu'ae
1899 1481 1987 1580 post

569 1600 863 1712 resignationem
877 1599 927 1682 ab
940 1609 1103 1710 utroque
1115 1599 1293 1684 eeclesiae
1305 1601 1520 1711 praedictae
1532 1601 1750 1710 indamad
1763 1603 1985 1686 instantiam

571 1733 735 1818 Conradi
757 1734 806 1817 de
828 1733 1029 1843 Winsperc
1050 1759 1119 1844 per
1135 1735 1355 1846 episcopum
1375 1735 1588 1820 marchioni
1610 1737 1659 1820 de
1685 1735 1815 1820 Baden
1830 1737 1986 1820 fuerunt

569 1867 726 1974 collem,
746 1867 849 1950 idem
873 1867 1095 1974 Comedus,
1116 1867 1244 1979 regins
1268 1869 1549 1976 ministerialis,
1573 1869 1613 1950 in
1636 1869 1983 1979 compensationem

569 1999 748 2084 ecclesiae
762 2009 907 2109 septem
924 1999 1035 2082 villas
1048 2025 1096 2082 ex
1112 2025 1183 2084 suo
1196 2001 1425 2110 patrimonio
1437 1999 1621 2084 conterat.

403 1309 505 1362 walle-l

649 2231 747 2312 (Edit.
763 2231 794 2290 tn
813 2227 941 2290 umus
963 2228 1061 2301 note„
1076 2235 1139 2290 tam
1157 2229 1257 2304 XXX,
1272 2231 1391 2308 paral,
1409 2247 1441 2309 p.
1467 2239 1542 2306 art,
1557 2239 1592 2292 n·
1607 2239 1737 2307 too,ax
1754 2229 1984 2312 orlgmallunda

687 2337 818 2415 atgtllum
831 2333 979 2412 appendet
991 2352 1030 2396 ax
1044 2333 1104 2396 mn
1116 2337 1217 2398 mata
1228 2336 1311 2412 flavi,
1325 2336 1409 2398 rubri
1422 2343 1453 2398 et
1464 2337 1570 2398 vtrldts
1582 2337 1700 2399 colorta.
1715 2337 1812 2400 Locus
1824 2339 1934 2400 manda
1947 2353 1983 2400 ac

688 2445 752 2506 dica
764 2445 876 2521 peracti
888 2445 1000 2522 negotii
1012 2441 1168 2503 emunt·
1176 2443 1334 2504 Memorat.
1346 2457 1466 2522 qnoque
1478 2449 1509 2504 et
1517 2445 1683 2524 gumantoa
1695 2449 1820 2506 utract.
1834 2443 1981 2520 aratam,

689 2565 734 2626 ap.
753 2545 1212 2621 eramusmaerore
1231 2547 1355 2622 Wirab„
1368 2558 1427 2610 ate
1438 2547 1483 2628 b.)

621 2765 657 2834 ln
681 2761 819 2834 nomine
840 2769 957 2832 sancte
974 2771 1010 2832 et
1030 2761 1214 2835 individue
1231 2761 1418 2836 Trinitatis.
1440 2761 1622 2836 Heinricua
1642 2761 1705 2836 Dei
1725 2761 1836 2857 gratia
1857 2762 1982 2836 Roma·

572 2909 697 2960 norum
710 2907 775 2960 rex
787 2894 822 2956 et
839 2905 976 2978 semper
993 2893 1174 2974 augustus.
1192 2883 1298 2977 Regia
1315 2883 1503 2976 mejestatis
1520 2884 1687 2958 condecet
1710 2885 1921 2958 honoeutem
1938 2905 1982 2958 ea

571 3032 641 3108 qne
656 3030 720 3082 suo
733 3029 904 3082 consensu
917 3015 1084 3102 geruntur
1099 3016 1133 3081 et
1147 3009 1266 3081 favore
1280 3027 1343 3103 per
1357 3029 1456 3080 suam
1472 3009 1577 3082 etiam
1593 3007 1848 3105 providentiam
1869 3007 1982 3082 tirmi-

572 3137 650 3210 tatis
667 3134 789 3207 robore
806 3132 951 3205 stabiliri
966 3143 1002 3204 et
1015 3133 1219 3228 scriptorum
1236 3133 1400 3206 memorie
1414 3133 1661 3224 commendari,
1682 3143 1722 3222 ut
1737 3135 1872 3206 nullum
1892 3133 1982 3208 obli·

570 3259 685 3333 vionis
699 3257 839 3353 capiant
855 3257 1057 3351 scrupulum
1071 3257 1128 3328 vel
1143 3257 1286 3351 aliquod
1304 3255 1526 3330 detractionis
1544 3256 1699 3330 senciont
1720 3257 1977 3332 detrimentum.

570 3383 626 3457 Au
646 3381 802 3455 omnium
820 3381 925 3473 igitur
943 3389 1014 3452 tam
1040 3380 1257 3476 presencium
1280 3401 1385 3474 qnam
1405 3390 1484 3476 poet
1509 3381 1703 3454 futurorum
1730 3381 1892 3455 noticiam
1916 3403 1980 3458 vo·

570 3511 685 3580 lamus
707 3504 888 3601 pervenire
908 3505 1005 3598 quod
1024 3503 1194 3598 quaedam
1215 3503 1439 3600 proprietates
1457 3503 1711 3599 Herbipoleuais
1729 3505 1875 3578 ecclesie
1891 3527 1981 3600 quaa

570 3631 716 3706 dilectus
735 3639 852 3704 noster
874 3631 916 3700 Η.
935 3629 1060 3703 nobilis
1083 3629 1139 3702 uir
1161 3627 1206 3702 de
1225 3629 1417 3724 Bokespero
1437 3627 1482 3701 ab
1503 3629 1579 3724 ipsa
1601 3627 1712 3701 tenuit
1735 3629 1881 3702 ecelesia
1900 3631 1981 3722 jure

570 3755 693 3828 feudali
701 3762 735 3826 et
742 3775 830 3848 quas
837 3751 951 3826 tidelis
958 3752 1259 3826 nosterCnnradns
1267 3751 1500 3846 deWinsperc
1508 3751 1543 3823 in
1551 3751 1653 3826 feodo
1663 3752 1774 3825 tenuit
1783 3752 1829 3825 ab
1838 3751 1974 3841 mem,

569 3877 663 3951 idem
681 3879 725 3948 Η.
745 3877 871 3950 nobilis
892 3875 938 3949 de
960 3875 1153 3970 Bokeepere
1175 3875 1243 3948 sibi
1261 3897 1282 3948 a
1299 3873 1393 3948 dieto
1414 3873 1508 3948 fideli
1531 3883 1647 3948 nosue
1669 3875 1707 3947 C.
1727 3874 1773 3950 de
1799 3875 1980 3973 Winsperc

568 4001 665 4098 prins
686 3999 876 4094 resignatas
893 3999 1082 4072 venerabili
1098 4019 1141 4071 ac
1157 3999 1284 4072 dilecto
1298 3998 1445 4093 principi
1469 4009 1584 4072 nostre
1602 4001 1798 4072 Hermanno
1815 3999 1979 4097 episeopo

568 4123 806 4220 Herbipolensi
824 4132 860 4196 et
880 4121 944 4216 ipsi
966 4121 1111 4195 ecclesie
1132 4121 1340 4216 resignarit3
1356 4129 1392 4193 et
1407 4118 1549 4194 demum
1569 4121 1645 4217 ipsa
1667 4121 1852 4218 episeopus
1869 4131 1905 4196 et
1921 4143 1979 4194 ec·

569 4251 672 4324 clesia
701 4248 841 4322 easdem
864 4247 1087 4343 proprietates
1112 4247 1179 4320 sibi
1205 4247 1395 4342 resignatas
1420 4243 1466 4318 ad
1489 4244 1687 4342 petitionem
1710 4246 1854 4342 sepefati
1874 4246 1911 4318 C.
1933 4245 1979 4318 de

567 4375 747 4469 Winsperc
767 4393 847 4446 cum
865 4372 971 4444 totius
989 4370 1192 4465 integritatis
1208 4371 1287 4463 jure
1316 4369 1442 4444 dilecto
1467 4377 1584 4442 nostro
1611 4422 1621 4440 .
1652 4424 1661 4442 .
1692 4368 1909 4443 marchioni
1932 4367 1979 4442 de

568 4497 684 4572 Baden
712 4495 918 4569 unanimiter
946 4515 988 4568 ae
1016 4493 1202 4566 liberaliter
1224 4493 1452 4566 contulerunt.
1478 4491 1556 4588 lpse
1578 4500 1695 4566 autem
1717 4491 1899 4566 Cunradus
1920 4513 1977 4565 eo-

566 4623 706 4697 clesiam
739 4621 1020 4716 Herbipolensem
1054 4640 1117 4692 sua
1151 4618 1359 4715 proprietate
1394 4616 1488 4691 dioto
1515 4671 1524 4689 .
1556 4669 1564 4688 .
1596 4615 1822 4688 marchioni
1854 4615 1977 4688 collata

567 4749 687 4819 nolens
712 4744 852 4820 destitui
885 4743 940 4818 vel
966 4742 1136 4836 desolari,
1165 4742 1411 4838 patrimonium
1440 4763 1564 4833 sunm,
1588 4738 1751 4815 videlieet
1781 4739 1843 4814 has
1876 4739 1977 4812 villas
