4642 6106
422 668 519 728 bonor.
536 665 580 742 4.]
871 653 1068 716 HISTORIA
1093 653 1384 716 ulrnouurmu.
1774 649 1835 714 28³

423 801 501 874 aliis
515 793 757 891 circumposito
775 789 927 884 regionis
940 789 1125 884 superbiis
1139 789 1258 884 dirigit
1271 791 1398 886 scripta
1417 811 1499 878 sua,
1520 787 1786 862 contradictores
1801 799 1837 860 et

422 923 568 997 rebelles
589 917 730 1016 publice
747 913 940 988 diffidendo
960 921 996 984 et
1013 912 1230 1008 implorando
1245 935 1266 986 a
1282 914 1383 986 nobis
1401 922 1519 986 contm
1538 933 1599 986 eos
1615 911 1788 986 auxilinm
1801 923 1837 986 et

424 1049 589 1121 savorem.
608 1043 694 1114 Cum
710 1039 817 1134 igitur
833 1036 1001 1132 imperiali
1017 1037 1220 1110 excellentie
1237 1038 1273 1110 in
1288 1038 1355 1110 boc
1371 1058 1435 1110 vos
1449 1057 1518 1110 non
1534 1036 1655 1109 deceat
1671 1036 1836 1128 refragari

424 1173 459 1243 in
478 1191 550 1266 qno
566 1167 709 1242 cuilibet
726 1185 791 1240 vos
812 1163 942 1238 amanti
965 1163 1112 1256 obsequi
1131 1163 1321 1251 deberetis,
1338 1162 1599 1236 universitatem
1617 1169 1768 1234 vestram
1783 1182 1839 1234 ro·

424 1318 567 1392 gamus,
583 1312 765 1366 monemus
777 1297 813 1362 et
828 1289 1005 1362 hortamur
1023 1297 1151 1360 attente
1176 1311 1238 1384 per
1260 1288 1448 1384 apostolica
1472 1286 1573 1359 vobis
1592 1287 1719 1382 scripta
1741 1307 1841 1358 mnn-

425 1421 548 1494 dantes
567 1417 731 1512 quatinus
752 1413 916 1486 iacientes
934 1411 979 1486 de
999 1411 1201 1485 necessitate
1223 1413 1385 1486 virtutem
1408 1411 1604 1508 apostolicis
1623 1419 1659 1482 et
1677 1410 1841 1506 imperia-

426 1543 519 1616 libus
527 1541 745 1636 jussionibus
753 1537 901 1634 pareatis
916 1536 1091 1608 humiliter
1100 1545 1134 1608 et
1148 1536 1286 1624 devote,
1299 1538 1347 1610 ita
1359 1536 1456 1630 quod
1470 1555 1539 1608 non
1553 1545 1624 1607 tam
1638 1535 1841 1608 necessitate

427 1689 533 1762 qnam
557 1667 737 1740 voluntale
759 1663 922 1734 iacientes
942 1658 1040 1754 quod
1064 1659 1207 1753 expedit
1228 1659 1435 1755 reputemini
1464 1659 1649 1754 sapientes.
1676 1657 1840 1752 Alioquin

428 1814 497 1865 non
519 1791 630 1864 aliene
648 1787 777 1864 duritie
797 1785 860 1858 sed
881 1792 995 1858 vestre
1014 1784 1169 1858 facilitati
1185 1783 1342 1878 poteritis
1357 1784 1528 1879 imputare
1546 1784 1576 1855 si
1594 1782 1696 1855 vobis
1711 1783 1841 1856 exinde

427 1918 496 1990 alia
510 1916 673 1988 eveniant
689 1934 795 2007 quam
810 1910 937 2000 velitis,
952 1929 1031 1982 cnm
1046 1909 1082 1980 in
1094 1931 1132 1981 re
1146 1909 1205 1982 tali
1215 1907 1369 2004 predicto
1385 1907 1533 2003 principi
1550 1927 1763 2001 nequeamus
1775 1907 1840 1978 im·

426 2041 598 2134 ploratum
610 2035 781 2110 auxilium
800 2032 983 2126 denegare.

476 2165 602 2236 Datum
619 2159 792 2249 laterani,
811 2159 855 2230 lll
874 2156 955 2231 idus
970 2155 1067 2244 maii,
1084 2153 1304 2250 pontificatus
1317 2155 1423 2228 nostri
1439 2177 1531 2229 anno
1543 2153 1677 2250 quinto.

650 2463 899 2474 ..ψ--ι-οιο--ι
918 2465 962 2472 —u-
972 2463 1602 2474 -u-—p--ffl—-a--n-——a—--n--m--a
1609 2465 1632 2473 .-

482 2735 714 2842 Fridericus,
742 2735 1003 2818 Romanorum
1026 2733 1251 2844 imperator,
1272 2733 1322 2816 ad
1343 2759 1473 2842 preces
1496 2733 1671 2844 Raynerii
1696 2733 1845 2818 abbatis
1877 2743 2041 2842 {eggffl’

432 2868 559 2951 Sancti
585 2867 792 2951 Salvatoris
818 2867 866 2950 de
889 2879 1018 2950 monte
1041 2865 1193 2950 Amiato
1218 2875 1256 2948 et
1278 2866 1328 2948 ad
1349 2865 1496 2950 monita
1514 2866 1685 2977 Gregorii
1698 2894 1843 2978 papae,

430 3001 532 3084 idem
545 3000 820 3083 monasterium
835 3001 1032 3109 quondam
1048 3000 1149 3110 nigri
1171 2999 1317 3083 ordinis
1333 3025 1438 3083 nuuc
1457 3001 1497 3082 in
1515 3001 1689 3085 ordinem
1709 3001 1847 3085 Cister-

431 3135 595 3218 eiensem
613 3134 875 3218 transformari
890 3133 1081 3240 concedit,
1106 3133 1265 3244 ejusque
1282 3133 1481 3245 privilegia
1499 3133 1719 3240 confirmat,
1741 3135 1847 3218 salva

432 3265 611 3350 fidelitate
627 3293 697 3351 sua
712 3276 751 3350 et
762 3267 869 3350 omni
887 3267 1034 3375 imperii
1045 3267 1146 3376 jure.

515 3481 650 3559 (Edlder.
665 3481 824 3556 Uennoni,
839 3477 928 3542 ltalia
941 3497 1036 3556 rano,
1051 3487 1125 3543 tom.
1140 3483 1196 3556 ΙΙΙ,
1211 3499 1243 3560 p.
1255 3490 1325 3558 eto,
1341 3484 1441 3542 mlnns
1456 3481 1610 3544 emendate
1622 3487 1653 3544 et
1664 3483 1743 3542 notis
1756 3481 1844 3542 obro-

552 3587 694 3665 nologlcls
718 3603 872 3666 perperam
893 3590 1054 3666 expresse
1076 3591 1185 3649 rectius
1208 3595 1308 3650 aulem
1330 3588 1415 3650 lima
1436 3606 1472 3648 nr
1493 3590 1620 3663 mmor,
1642 3587 1737 3650 Notis.
1749 3587 1845 3660 ictor„

552 3690 648 3770 suppl.
664 3693 795 3755 deveo.
813 3693 931 3773 imper„
946 3701 1020 3756 mm.
1040 3695 1098 3769 vl,
1115 3711 1143 3772 p.
1163 3697 1227 3768 77.)

483 3875 521 3945 ln
543 3877 682 3948 nomine
702 3888 819 3950 sancte
846 3888 880 3950 et
902 3879 1085 3954 individue
1105 3880 1290 3954 Trinitatis.
1311 3878 1505 3952 Fridericus
1528 3879 1704 3952 secundus
1727 3877 1848 3953 divina

436 4001 572 4072 invente
588 4001 769 4074 clementia
783 4003 1014 4074 Romanorum
1027 4004 1224 4098 imperator,
1242 4025 1378 4099 semper
1389 4010 1573 4097 augustus,
1587 4002 1800 4076 Hierusalem
1814 4013 1849 4076 et

435 4124 549 4195 Sicilie
571 4145 646 4196 rex.
664 4124 700 4196 Si
718 4125 806 4197 inter
826 4148 928 4197 ouras
951 4127 1130 4221 regiminis
1148 4129 1343 4223 temporalis
1361 4127 1461 4219 eujus
1479 4125 1713 4198 monarchiam
1728 4125 1847 4200 divina

435 4247 615 4320 clementia
624 4248 807 4321 miserante
817 4259 986 4342 tenemus,
1001 4251 1224 4322 ecclesiarum
1233 4251 1444 4346 profectibus
1453 4251 1684 4342 consulentes,
1694 4248 1848 4324 fidelium

436 4381 628 4444 nostrorum
649 4393 719 4466 que
745 4395 809 4468 pro
831 4395 950 4445 earum
973 4373 1275 4447 commoditatibus
1299 4375 1400 4446 nobis
1420 4374 1644 4469 porriguntur
1671 4374 1850 4469 supplica-

436 4495 545 4567 tiones
558 4494 786 4588 admittimus,
803 4507 838 4570 et
853 4498 926 4592 regi
940 4519 1062 4592 regum
1083 4497 1128 4570 de
1146 4501 1247 4592 enjus
1267 4519 1373 4570 manu
1389 4517 1610 4592 quecumque
1626 4496 1717 4569 bona
1736 4497 1849 4592 possi·

435 4615 559 4689 demus
580 4617 789 4714 recepimus,
810 4629 945 4714 gratum
967 4619 1146 4694 servitium
1163 4619 1391 4706 exhibemus,
1408 4629 1443 4694 et
1458 4619 1725 4716 supplicantium
1749 4621 1850 4694 nobis

435 4741 633 4836 obligamus
655 4744 785 4816 arctius
814 4745 1020 4818 voluntates.
1040 4744 1125 4818 Cum
1154 4745 1260 4839 igitur
1290 4745 1479 4842 llaynerius
1507 4743 1715 4820 venerabilis
1741 4744 1851 4820 abbas
