4602 6084
544 651 584 711 78
1042 661 1253 726 ratosnlcr
1278 663 1452 727 SECUNDI
1760 661 1839 746 [risu.
1858 661 1945 722 1228.

544 785 591 866 de
609 785 767 868 diversis
780 790 914 872 mundi
936 793 1109 901 partibus
1126 799 1378 908 congregatis.
1410 797 1483 896 Qui
1505 822 1636 880 omnes
1652 795 1735 905 pari
1752 793 1948 876 devotione

543 917 645 997 ducti
658 917 857 1002 Cesarcam
870 933 907 1005 et
920 929 1108 1033 quaedam
1118 929 1334 1012 munierant
1347 928 1519 1034 castella,
1535 927 1587 1010 ita
1600 928 1704 1037 quod
1720 925 1815 1006 nibil
1829 922 1949 1006 defuit

543 1049 679 1131 eisnisi
693 1061 736 1134 ut
743 1054 885 1164 Joppen
899 1067 1155 1143 restaurarent
1167 1073 1204 1144 et
1218 1062 1272 1144 sic
1289 1063 1329 1144 in
1348 1071 1518 1144 sanctam
1531 1060 1726 1143 tenderent
1742 1057 1944 1140 civitatem.

544 1181 689 1263 Mirm.
707 1186 830 1268 Panis.
851 1189 946 1272 Hist.
964 1195 1055 1302 maj.
1072 1199 1224 1305 inpior.
1242 1200 1293 1276 cd
1310 1223 1399 1278 ona.

373 1819 487 1904 ,Ἣ
595 1799 823 1908 Fridericus,
844 1803 1103 1885 Romanorum
1125 1804 1343 1912 imperator,
1360 1801 1525 1911 dagoni,
1543 1799 1670 1882 abbati
1692 1793 1945 1898 Murbacensi,

542 1932 701 2040 principi
717 1959 787 2016 suo
801 1935 970 2017 concedit
988 1937 1193 2044 pedagium
1206 1937 1245 2018 in
1260 1935 1357 2017 valle
1376 1933 1559 2015 Amerini.

623 2173 754 2250 (Edider.
780 2175 896 2246 Lumo,
916 2171 1015 2236 deicis
1038 2173 1160 2246 aredio„
1178 2179 1288 2238 contio.
1308 2175 1441 2252 spicileg.
1459 2175 1576 2247 socies,
1598 2179 1671 2232 tom.
1692 2173 1725 2249 i,
1750 2173 1847 2247 operis
1861 2169 1947 2239 iiiii,

661 2297 691 2354 p.
709 2288 776 2340 97².
786 2311 827 2324 -
840 2279 1024 2356 Saburram,
1035 2279 1130 2342 Airai.
1147 2279 1296 2360 diplomi.
1309 2283 1334 2354 1,
1350 2279 1430 2360 ³⁶2.)

591 2469 1422 2588 Fridcricus,Dei'gratiaiiomanorumimperaton
1431 2487 1947 2587 semperaugustus‚tarusa1em

542 2615 699 2687 etSioiiie
711 2638 787 2687 rex.
809 2617 872 2687 Per
883 2638 1025 2710 presens
1044 2617 1208 2710 scriptum
1224 2626 1341 2687 notum
1355 2616 1498 2687 iacimus
1513 2613 1682 2687 universis
1693 2611 1854 2683 fidelibus
1870 2630 1948 2679 nos·

543 2741 603 2810 tris
613 2739 861 2834 perimperium
874 2739 1066 2810 constitutis
1083 2748 1152 2810 iam
1163 2739 1379 2834 presentibus
1392 2760 1496 2831 quam
1513 2737 1637 2807 suturis
1652 2735 1747 2828 quod
1764 2755 1827 2804 nos
1840 2742 1948 2803 atien-

543 2861 663 2933 dentes
689 2860 857 2930 sinceram
884 2857 986 2931 fidem
1017 2867 1053 2930 et
1074 2867 1172 2952 grata
1198 2859 1337 2931 servitia
1361 2879 1430 2952 que
1450 2859 1562 2951 liupo,
1600 2855 1809 2928 venerabilis
1838 2853 1947 2924 abbas

542 2982 790 3070 itiurbacensis,
813 2981 958 3052 dilectus
976 2982 1135 3076 princeps
1160 2990 1274 3054 noster
1299 2978 1365 3074 (i),
1383 2989 1576 3054 constanter
1596 2979 1757 3051 exhibuit
1778 2975 1947 3069 majestati

544 3113 657 3174 nostre
675 3124 738 3173 noc
755 3102 882 3174 desinit
898 3103 1076 3192 exhibere,
1096 3104 1319 3176 concedimus
1339 3102 1405 3174 sibi
1420 3102 1606 3196 pedagium
1630 3102 1664 3172 in
1688 3102 1778 3173 vaiie
1792 3097 1948 3170 Amerini

544 3225 672 3297 tamdiu
691 3227 876 3300 tenendum
889 3235 924 3296 ct
939 3227 1185 3320 pomidendum
1203 3225 1347 3321 paciiioe
1360 3226 1520 3319 etquiete
1531 3225 1641 3297 donec
1654 3235 1769 3296 nostre
1781 3221 1951 3318 placuerit

543 3347 722 3439 majestati.
743 3345 798 3418 Ad
815 3349 915 3440 cujus
932 3347 1164 3420 concessionis
1183 3357 1296 3420 nostre
1311 3348 1510 3420 memoriam
1527 3369 1669 3444 presens
1686 3347 1854 3442 scriptum
1874 3342 1948 3415 fieri

544 3481 578 3541 et
595 3470 707 3563 sigilio
721 3470 908 3561 majestatis
924 3480 1037 3542 nostra
1051 3471 1219 3562 jussimus
1232 3469 1448 3542 communiri.

592 3597 717 3665 Datum
732 3593 841 3682 Acon,
860 3613 950 3664 anno
965 3591 1137 3663 dominice
1153 3592 1397 3663 iucarnationis
1409 3591 1591 3662 millesimo
1603 3589 1842 3662 ducentesimo
1854 3587 1949 3660 vioe·

542 3717 629 3788 simo
643 3725 776 3801 octavo,
797 3737 914 3786 manse
929 3715 1149 3809 septembris,
1170 3716 1322 3789 secunde
1339 3714 1548 3786 indictionis.

577 4073 610 4144 (t)
628 4071 768 4128 iiicherius
781 4070 943 4126 &nonensis
957 4069 1011 4142 (ap.
1027 4069 1180 4138 D'dcssan
1195 4067 1335 4142 Spict'iep„
1351 4069 1388 4138 lt,
1407 4069 1466 4139 ott)
1481 4069 1641 4142 expeditioni
1655 4075 1742 4124 terrae
1755 4073 1866 4124 mactae
1878 4065 1952 4122 bunc

540 4169 654 4224 adfuisse
666 4167 789 4223 abbatem
802 4171 923 4236 testatur,
940 4181 955 4221 a
971 4165 1046 4237 cujus
1058 4180 1105 4220 ore
1114 4180 1172 4220 rem
1184 4165 1269 4237 ipsam
1282 4164 1411 4220 audierat.
1424 4165 1463 4220 Er
1477 4164 1637 4221 documento
1650 4165 1678 4219 in
1690 4163 1789 4220 arciiiv.
1806 4162 1949 4234 Stuttgsrt.

540 4272 673 4322 asservato
682 4279 735 4336 quo
746 4278 837 4318 comes
850 4261 985 4318 Conradus
998 4261 1032 4316 de
1042 4259 1225 4332 Wirtembcrg
1234 4259 1375 4330 quamdam
1387 4259 1474 4316 ordini
1487 4261 1633 4317 Teutonico
1643 4261 1818 4316 donationem
1827 4259 1892 4314 iacit
1904 4274 1949 4331 ap.

540 4361 631 4415 dccon
646 4362 677 4412 iii
689 4355 848 4430 septembris
861 4359 943 4425 iiiii,
960 4355 1090 4410 discimus
1102 4355 1209 4412 nomina
1224 4354 1398 4427 quorumdam
1411 4355 1523 4412 aliorum
1534 4355 1682 4412 Suevorum
1694 4356 1742 4426 qui
1757 4355 1951 4428 imperatorem

540 4453 609 4508 adira
627 4467 700 4506 snare
722 4449 829 4504 fucrant
851 4449 987 4504 comitati:
1004 4449 1106 4506 scilicet
1118 4449 1257 4506 iieiaricus
1272 4455 1300 4505 et
1319 4449 1443 4506 aliems
1454 4449 1488 4506 de
1501 4451 1605 4520 Noiien,
1619 4449 1792 4508 Eberhardus
1803 4451 1837 4506 de
1850 4449 1953 4507 iilerei·

540 4551 619 4616 chen,
645 4547 784 4602 iioinricus
803 4544 837 4600 de
858 4543 1017 4613 Schwendi,
1037 4546 1187 4617 liudigerus
1209 4547 1242 4602 de
1265 4546 1348 4614 Staio,
1369 4543 1519 4602 Leutiridus
1540 4545 1695 4617 iioseiinos,
1714 4547 1890 4603 Eberhardus
1917 4547 1952 4602 de

540 4645 653 4709 benten,
669 4641 799 4696 biotticus
813 4639 846 4694 de
855 4638 1028 4710 ingersbeim
1042 4640 1177 4696 conradus
1187 4641 1220 4696 de
1234 4639 1346 4697 iiasiscb
1358 4647 1386 4696 et
1395 4641 1471 4698 iiono
1483 4641 1517 4698 de
1526 4641 1657 4699 Sumcrau
1669 4643 1716 4715 qui
1731 4642 1759 4698 in
1772 4643 1816 4699 bis
1827 4642 1955 4716 partibus

540 4737 616 4793 obiit.
629 4737 668 4792 Ci.
681 4737 790 4804 Sracrn,
812 4733 951 4790 Wirtemb.
964 4733 1068 4804 ottob„
1084 4741 1148 4792 tom.
1161 4735 1195 4802 11,
1209 4739 1270 4792 ⁴75.
