4642 6106
594 625 655 686 aro
1093 642 1306 706 rnrunttrcr
1331 645 1505 707 saeuum
1811 633 1996 724 [11101911.

594 769 720 864 partes
734 761 881 870 Aprutii
895 767 1040 854 clericis
1052 773 1241 860 Ecclesiae
1254 804 1388 886 graves
1401 779 1570 890 irrogant
1587 775 1762 886 injuriam
1777 773 1893 875 unde,
1909 789 1998 849 cum

595 891 1999 1018 episcopollelracensiAnconitanaemarcbiaeetducatusSpoletanirectori

596 1025 750 1108 mandet
760 1037 801 1108 ut
810 1056 1074 1145 quaecumque
1082 1039 1121 1119 in
1131 1039 1406 1150 praejudicium
1417 1041 1651 1150 imperatoris
1659 1043 1899 1149 praesumpta
1910 1037 2000 1114 sunt

594 1159 857 1269 emendentur,
879 1165 959 1274 ipse
982 1195 1136 1280 quoque
1163 1177 1357 1257 emendari
1384 1175 1497 1258 faciat
1519 1201 1615 1284 quae
1638 1169 1876 1282 apraedictis
1888 1161 2001 1276 justi-

594 1289 712 1372 tiariis
726 1303 859 1376 contra
876 1299 1084 1384 Ecclesiam
1101 1317 1191 1388 sunt
1206 1317 1461 1416 praesumpta.

674 1529 791 1612 (Edtdlt
804 1537 957 1620 lloeruan,
972 1541 1079 1604 naue
1091 1545 1207 1608 Frtedr.
1223 1549 1266 1621 11,
1282 1549 1400 1610 docum.
1416 1566 1448 1626 p.
1463 1557 1532 1622 tat,
1547 1539 1998 1624 n·s‚excregor.1xurgoet‚

712 1655 783 1700 000.
800 1643 853 1716 lv,
868 1654 903 1703 n·
917 1655 1039 1706 1111-
1050 1651 1123 1710 Call.
1139 1668 1208 1714 com
1222 1653 1341 1714 collect.
1357 1655 1400 1715 La
1412 1655 1498 1714 Porta
1508 1653 1550 1714 du
1564 1651 1673 1730 Ι111011.)

640 1857 845 1955 Gregorius,
870 1876 959 1958 otc,
980 1869 1154 1946 Friderico
1179 1873 1300 1946 illustri
1321 1875 1549 1946 Romanorum
1571 1867 1765 1967 imperatori
1781 1883 1917 1959 semper
1930 1881 2000 1932 au-

593 1993 696 2076 gusto
710 1995 746 2058 et
759 1989 833 2080 regi
850 1990 975 2064 Sicilie.
993 1995 1191 2068 Serenitatis
1208 2006 1265 2070 tac
1279 1997 1406 2069 litteras
1418 1997 1516 2070 solita
1534 1995 1745 2088 benignitate
1757 1987 1951 2083 recepimus
1967 1991 2001 2054 et

594 2128 664 2197 que
677 2109 940 2184 continebantur
960 2115 995 2185 in
1009 2117 1060 2188 cis
1075 2119 1271 2192 notavimus
1284 2119 1475 2213 diligenter.
1490 2119 1575 2192 Nam
1590 2117 1678 2190 sicut
1696 2137 1742 2188 ex
1760 2123 1878 2184 tenore
1895 2106 2001 2180 colle-

595 2228 711 2319 gimus
727 2235 940 2326 earumdem,
955 2239 1181 2314 referentibus
1197 2243 1256 2314 tibi
1274 2243 1482 2336 quibusdam
1492 2241 1686 2334 justitiariis
1701 2237 1769 2310 tuis
1785 2235 1877 2308 circa
1888 2237 2002 2326 partes

595 2349 730 2444 rtprutii
752 2356 946 2428 constitutis
959 2368 993 2430 te
1007 2363 1131 2434 asseris
1145 2365 1318 2458 accepisse
1331 2365 1426 2458 quod
1441 2384 1623 2436 commune
1639 2361 1866 2442 esculanum,
1883 2350 2002 2424 fideles

595 2475 715 2562 nostri,
732 2479 882 2568 qaedam
902 2481 1006 2555 leuda
1023 2485 1121 2577 regni
1141 2487 1190 2556 tui
1205 2487 1358 2560 detinere
1375 2487 1585 2558 contendunt
1604 2504 1669 2556 nac
1683 2483 1885 2577 permittant
1898 2472 2000 2546 etiarn

594 2597 735 2668 servitia
760 2602 856 2673 curie
886 2612 944 2676 tue
974 2605 1090 2678 debita
1116 2609 1247 2680 eisdem
1269 2609 1461 2700 justitiariis
1484 2606 1660 2688 exbiberi;
1686 2601 1911 2690 nibilominus
1934 2594 2002 2666 alia

593 2719 744 2810 quedam
759 2723 864 2796 lenda
878 2727 923 2798 ad
939 2749 1083 2818 regnum
1100 2731 1214 2824 ipsum
1227 2731 1413 2826 spectantia
1429 2730 1660 2818 destruentes,
1672 2733 1809 2822 propter
1822 2717 2002 2814 quodjura

594 2849 629 2909 et
644 2843 785 2914 servitia
800 2845 862 2916 tibi
880 2846 997 2919 debita
1015 2851 1275 2923 subtrabuntur.
1303 2854 1415 2938 Quare
1434 2875 1455 2924 a
1477 2852 1577 2924 nobis
1599 2847 1784 2944 imperialis
1797 2836 2002 2916 excellentia

597 2964 790 3053 postulabat
813 2975 853 3036 ut
874 2968 1089 3042 insolentiam
1110 2973 1309 3064 hujusmodi
1332 2973 1527 3046 cohibentes
1550 2975 1740 3046 laceremus
1763 2966 1825 3038 tibi
1848 2979 2002 3054 congrua

598 3083 755 3154 satisfieri
774 3085 819 3156 de
837 3089 1038 3172 subtractis,
1056 3101 1090 3163 et
1110 3094 1242 3166 eisdem
1265 3095 1424 3167 fidelibus
1437 3095 1561 3168 uostris
1576 3094 1716 3165 firmiter
1733 3085 1881 3162 inhiberi
1903 3079 2003 3154 atde

598 3213 710 3276 cetero
728 3207 854 3280 similia
875 3231 943 3280 non
963 3227 1173 3304 presumant.
1191 3219 1318 3288 Verum
1332 3217 1475 3311 predicti
1485 3217 1661 3309 justitiarii
1679 3215 1730 3285 tui
1749 3211 1829 3284 talia
1845 3202 2004 3280 ecclesiis

597 3337 632 3398 et
646 3329 801 3420 personis
822 3332 1062 3405 ecclesiasticis
1082 3346 1116 3407 ct
1135 3339 1211 3409 aliis
1230 3337 1390 3412 fidelibus
1406 3341 1529 3412 nostris
1542 3337 1702 3412 110001οι11
1719 3334 1895 3407 districtus
1916 3327 2006 3400 irro-

597 3471 680 3542 gare
698 3453 861 3524 dicontur
878 3475 947 3548 que
971 3477 1049 3526 cum
1070 3461 1220 3552 graviter
1241 3463 1358 3534 oculos
1375 3462 1493 3534 divine
1512 3462 1697 3555 majestatis
1717 3455 1909 3542 offendant,
1933 3469 2006 3520 ιιοιι

598 3574 698 3646 decet
712 3575 922 3669 imperialem
939 3579 1241 3652 mansuetudinem
1256 3584 1422 3656 sustinere
1439 3606 1502 3656 nec
1516 3606 1580 3656 nos
1595 3603 1777 3678 possumus
1789 3579 1823 3648 in
1838 3569 2008 3670 patientia

599 3697 741 3767 tolerare
757 3723 764 3766 :
784 3697 1018 3792 depredantur
1034 3702 1127 3772 enim
1143 3703 1317 3788 ecclesias,
1336 3705 1476 3798 capiunt
1491 3705 1643 3790 clericos,
1658 3711 1776 3796 captos
1793 3718 1882 3771 ausu
1897 3689 2009 3765 sacri-

599 3817 676 3907 lego
696 3819 891 3888 carceribus
910 3821 1048 3892 tradunt
1064 3833 1098 3893 et
1113 3824 1229 3894 adhuc
1242 3825 1334 3895 Berr.
1359 3827 1518 3897 clericum
1536 3826 1689 3898 detinent
1704 3817 1866 3894 carcerali
1881 3822 2010 3887 custo-

599 3937 656 4008 die
674 3940 921 4033 mancipatum,
938 3942 1097 4014 homines
1114 3944 1263 4037 spoliant
1283 3954 1317 4015 et
1334 3955 1383 4016 101
1395 3957 1430 4017 01
1445 3957 1537 4018 tanta
1553 3947 1600 4017 ibi
1615 3945 1832 4017 committunt
1850 3933 2009 4010 enormia

599 4059 696 4148 qnod
722 4059 828 4131 iidem
849 4061 968 4134 fideles
989 4065 1095 4134 nostri
1114 4067 1177 4134 vix
1201 4076 1343 4158 possunt
1365 4068 1468 4139 etiam
1487 4067 1670 4162 respirare;
1692 4075 1727 4138 et
1742 4073 1781 4136 ut
1800 4059 1886 4133 dicti
1905 4055 2011 4149 justi·

600 4179 691 4248 tiarii
712 4183 972 4254 excusationem
991 4185 1139 4258 babeant
1161 4186 1197 4258 in
1217 4188 1385 4279 peccatis,
1407 4211 1486 4260 cum
1508 4191 1682 4261 offendant
1704 4199 1773 4260 tam
1793 4182 1948 4276 graviter
1970 4198 2011 4248 se

602 4301 740 4388 tingunt
754 4302 917 4392 ollensos,
939 4307 1079 4374 attasi
1098 4318 1241 4398 possunt
1260 4321 1443 4400 provocent
1462 4313 1507 4383 ad
1527 4312 1704 4382 offensam.
1731 4309 1824 4380 Licet
1846 4312 1967 4376 autem
1987 4321 2011 4370 a

604 4420 764 4490 fidelibus
779 4424 905 4493 nostris
920 4426 981 4494 tibi
998 4447 1038 4495 ac
1055 4427 1122 4496 tuis
1138 4432 1301 4519 premissa
1319 4429 1389 4500 fieri
1409 4453 1476 4502 non
1494 4432 1687 4520 credamus,
1704 4429 1787 4522 quia
1803 4436 1922 4497 tamen
1937 4439 2010 4491 non

604 4539 1062 4634 estintentionisnostrejuri
1078 4556 1112 4616 et
1125 4548 1244 4619 honori
1260 4558 1318 4620 tuo
1333 4551 1367 4620 in
1382 4551 1496 4644 aliquo
1507 4551 1677 4645 demgari,
1694 4572 1756 4646 per
1769 4543 2011 4620 venerabilem

606 4657 744 4728 tratrem
769 4661 970 4754 episcopum
989 4666 1229 4738 belvacensem
1255 4671 1402 4744 marcbie
1422 4673 1631 4746 Anconitanc
1652 4695 1694 4746 ac
1716 4673 1866 4746 ducatus
1889 4663 2015 4760 Spole·
