4702 6110
383 621 481 684 Ianicu
497 619 540 700 4]
829 616 1026 680 HISTORIA
1051 613 1344 676 draconarius.
1733 609 1795 672 469

383 756 469 828 Cum
483 755 600 850 itaque
619 763 736 850 preter
753 753 948 848 generalem
971 759 1088 827 nostre
1108 749 1300 824 serenitatis
1323 747 1556 844 provisionem
1576 769 1617 820 ac
1637 745 1792 820 debitum

382 899 455 973 quo
475 875 650 950 universis
671 886 829 950 tenemur
845 875 1017 962 ecclesiis,
1034 873 1229 970 specialiter
1246 871 1499 944 cathedralibus
1520 892 1589 964 quo
1608 870 1656 944 ad
1677 881 1792 944 nostre

383 1023 525 1076 manum
542 1001 746 1074 excellentie
767 1000 804 1072 in
821 1000 990 1094 regalium
1011 999 1214 1074 investitura
1237 1005 1430 1092 respectum
1448 996 1577 1068 babent
1599 1005 1790 1086 teneamur,

383 1147 446 1198 uos
470 1126 747 1201 inordinatione
772 1133 1021 1221 prememorata
1042 1121 1281 1218 tranquillitati
1302 1129 1338 1193 et
1357 1119 1426 1214 juri
1449 1119 1629 1213 utriusque
1650 1120 1793 1192 ecclesie

383 1249 579 1322 consultum
592 1258 627 1321 et
641 1257 859 1345 prospectum
873 1269 948 1321 esse
961 1247 1194 1339 advertentes,
1208 1244 1301 1317 idem
1315 1243 1492 1317 arbitrium
1506 1244 1793 1317 ratnmbabentes

383 1369 643 1463 confirmamus,
660 1371 727 1468 ipsi
741 1372 847 1444 robur
859 1371 952 1444 vires
967 1380 1002 1444 et
1018 1371 1196 1443 munimen
1215 1373 1363 1463 anguste
1383 1368 1568 1460 majestatis
1588 1368 1792 1464 impercien-

382 1507 452 1586 tes,
476 1503 511 1568 et
529 1495 559 1568 si
577 1494 664 1590 quid
682 1494 719 1566 in
739 1495 871 1590 prelato
891 1494 1032 1568 arbitrio
1049 1494 1134 1567 citra
1154 1493 1384 1586 legitimarum
1409 1491 1625 1564 sanctionum
1644 1491 1793 1586 solemp-

382 1619 507 1693 nitates
523 1619 671 1710 dietum,
692 1617 857 1714 scriptum
873 1627 925 1692 est
943 1619 1020 1691 sive
1042 1619 1188 1708 iactum,
1207 1617 1253 1691 de
1270 1615 1485 1712 plenitudine
1501 1615 1596 1710 regie
1616 1617 1792 1710 potcstatis

381 1765 451 1838 qua
473 1753 637 1838 tanquam
657 1743 739 1815 viva
756 1751 792 1815 et
809 1743 958 1815 animata
975 1744 1033 1815 lex
1056 1742 1093 1813 in
1116 1742 1215 1814 terris
1235 1763 1340 1838 supra
1360 1741 1456 1835 leges
1473 1761 1594 1812 sumus
1615 1737 1688 1836 (t),
1711 1763 1793 1835 sup·

382 1869 513 1964 pientes
528 1867 645 1940 omnia
660 1887 730 1962 qne
748 1867 794 1940 ad
809 1866 915 1959 hujus
931 1865 982 1939 rei
1001 1866 1157 1960 vigorem
1174 1875 1210 1938 et
1226 1866 1383 1938 clientum
1399 1867 1511 1938 lacere
1524 1873 1681 1960 possunt,
1698 1864 1790 1937 dicta

382 2001 418 2066 et
443 2000 521 2066 acta
547 1990 692 2084 intelligi
720 1999 884 2086 tanquam
910 2012 1077 2086 expressa
1101 1987 1228 2063 inerint
1254 2011 1300 2063 ea
1325 1985 1436 2084 hujus
1445 1996 1561 2062 nostre
1582 1989 1793 2061 auctoritatis

382 2114 660 2211 interpretatione
680 2113 924 2190 inviolabiliter
945 2123 1145 2191 statuentes.
1167 2115 1325 2220 Veterem
1345 2119 1487 2210 qnoque
1505 2135 1655 2188 errorem
1673 2113 1792 2209 appel-

382 2226 531 2329 lationis,
548 2237 638 2310 tituli
652 2258 693 2310 ac
706 2237 855 2311 nominis
868 2219 1030 2336 Cyoensis
1043 2239 1265 2334 corrigimus,
1282 2215 1478 2328 abolemus,
1499 2259 1674 2312 cassamus
1693 2247 1729 2312 et
1745 2239 1790 2310 ir·

381 2361 539 2452 ritamus,
552 2361 698 2433 titulum
713 2369 749 2434 et
767 2383 892 2436 nomeu
905 2361 1190 2456 Nuenbnrgensis
1204 2361 1357 2457 episcopi
1371 2367 1441 2434 tam
1463 2361 1499 2434 in
1516 2360 1623 2434 saonis
1634 2361 1792 2456 apicibus

381 2507 403 2558 a
424 2493 541 2558 nostra
564 2483 975 2580 cuda-pmficisoentibus
994 2504 1104 2580 qnam
1119 2485 1275 2557 omnium
1297 2484 1472 2558 communi
1493 2485 1738 2580 appellatione,
1756 2486 1792 2557 in

381 2631 562 2705 procerum
584 2620 779 2683 nostrorum
803 2619 882 2682 netu
899 2621 935 2684 et
956 2631 1139 2700 consessu,
1157 2611 1194 2682 in
1210 2611 1290 2683 aula
1309 2609 1415 2704 regali
1439 2609 1614 2703 acriisque
1636 2610 1796 2706 sollemp-

381 2733 486 2806 nibus
500 2755 635 2832 necnon
650 2734 688 2805 in
703 2741 774 2807 toto
787 2735 1018 2807 Romanorum
1036 2734 1180 2830 imperio
1194 2717 1399 2808 mandantes
1411 2742 1447 2805 et
1457 2739 1645 2806 statuentes
1655 2733 1795 2806 abhinc

381 2857 418 2928 in
437 2867 538 2930 antea
551 2845 804 2956 ‘universaliter
823 2857 868 2929 ab
885 2857 1047 2948 omnibus
1067 2859 1287 2952 frequentari.
1316 2859 1444 2930 Omnes
1465 2865 1617 2951 preterea
1638 2855 1795 2951 quicum-

380 3001 449 3074 que
463 2974 747 3082 Nuenbnrgen'sis
762 2982 906 3054 ecclesie
916 2981 1120 3079 ¹episcopum
1137 2983 1174 3055 in
1189 2981 1413 3077 ignominiam
1429 2989 1490 3054 aut
1501 2981 1665 3055 lesionem
1680 2983 1792 3078 ipsius

380 3101 565 3196 Cvcensem
579 3093 847 3202 nominaverint,
856 3104 985 3176 mulcta
997 3113 1032 3176 et
1042 3103 1159 3176 banno
1173 3112 1312 3176 centnm
1324 3101 1490 3176 librarum
1499 3103 1574 3176 anri
1586 3103 1785 3196 bannimus,

378 3244 526 3316 quarum
548 3207 700 3327 mediam
722 3219 852 3320 partem
872 3223 939 3319 ipsi
959 3225 1103 3297 ecclesie
1120 3225 1191 3297 lese
1209 3224 1239 3296 si
1261 3245 1360 3296 suam
1378 3235 1605 3319 persequatur
1626 3225 1786 3318 iujuriam

379 3346 516 3450 cedere,
541 3339 714 3442 r'eliqu'a'ua¹
731 3329 921 3450 voro'llsoo
941 3355 1058 3420 nostro
1079 3347 1253 3420 sancimus
1273 3345 1451 3442 applicari.
1479 3348 1529 3420 Ne
1559 3349 1629 3421 ulla
1649 3371 1788 3444 quoque

379 3469 589 3563 ambiguitas
599 3474 704 3566 super
715 3469 784 3542 hiis
798 3451 963 3572 deinceps
977 3471 1108 3544 oriatur
1122 3479 1183 3544 eut
1195 3479 1311 3544 nostre
1324 3471 1547 3566 perennitatis
1561 3471 1785 3564 confirmatio,

379 3597 544 3664 statutum
563 3593 792 3667 et'ordiuatio
818 3591 1040 3666 ineterunm
1061 3593 1210 3667 valitura
1230 3616 1252 3668 a
1273 3613 1449 3688 quoquam
1471 3605 1651 3667 revocetur
1668 3595 1703 3666 in
1723 3597 1788 3671 du-

378 3713 493 3804 bium,
510 3713 556 3788 ad
574 3717 625 3789 rei
650 3727 745 3820 geste
765 3719 965 3790 memoriam
988 3727 1058 3817 mm
1078 3715 1297 3813 presentibus
1316 3739 1420 3812 quam
1443 3721 1559 3791 lutura
1580 3721 1789 3814 posteritatis

378 3837 541 3911 omnibus
558 3839 634 3912 evis
651 3839 930 3915 innotescendam
947 3853 1138 3940 presentem
1153 3843 1318 3938 pagiuam
1333 3843 1502 3938 conscribi
1517 3851 1551 3916 et
1565 3844 1666 3940 sigilli
1681 3848 1786 3919 nostri

378 3960 523 4034 lecimus
540 3961 765 4059 impressione
782 3965 947 4038 roborari.
1209 3951 1215 3964 ’

426 4083 552 4158 Datum
567 4087 663 4183 apud
674 4083 930 4184 Geylonbuseu,
945 4111 1037 4163 anno
1051 4088 1225 4163 dominice
1236 4089 1481 4163 incarnationis
1493 4089 1541 4164 bl.
1554 4091 1617 4165 CC.
1631 4093 1740 4166 XXX.
1756 4096 1783 4184 l,

377 4207 500 4302 quinto
518 4208 598 4282 idus
607 4209 711 4304 junii,
727 4211 917 4286 indictione
928 4213 1005 4303 llll,
1021 4233 1113 4286 anne
1125 4212 1224 4306 regui
1238 4213 1345 4285 nostri
1363 4235 1468 4286 nono.

427 4333 543 4406 Testes
563 4333 614 4404 hii
635 4341 716 4405 sunt
734 4333 844 4408 abbas
865 4335 980 4408 Sancti
1004 4335 1107 4426 Galli,
1133 4335 1236 4408 irater
1254 4336 1459 4410 bertholdus
1478 4338 1525 4412 de
1544 4340 1781 4430 Tauueumde,

379 4474 494 4528 comes
522 4455 705 4529 Heinricns
730 4455 776 4530 de
798 4457 1039 4550 waldinbsrc,
1063 4455 1227 4532 Gerlacus
1250 4457 1295 4532 de
1318 4459 1515 4557 Bntpugin,
1539 4462 1734 4538 Gotelridus
1753 4473 1789 4536 et

415 4721 453 4796 (t)
470 4722 533 4782 vid.
547 4739 630 4798 supra
644 4741 673 4800 p.
685 4727 735 4786 itt
747 4767 755 4796 ,
769 4729 827 4784 unt.
839 4728 871 4796 t,
886 4723 934 4782 nbi
947 4725 1042 4784 eadem
1055 4727 1145 4787 miuus
1157 4735 1248 4787 umen
1262 4727 1383 4788 absoluta
1396 4727 1591 4804 exprimuntur.
