4658 6132
323 642 421 704 inter.
438 638 482 726 3]
782 639 977 703 ltlsvoutt
1001 637 1307 702 utvtotttlvlca‘
1678 645 1736 706 183

323 777 507 852 cimatioue
527 777 634 856 totius
650 777 788 852 abbatie
803 786 839 850 et
860 777 1011 874 presenti
1032 798 1074 849 ac
1092 775 1209 848 lutura
1229 773 1396 848 silvarum
1415 774 1646 872 extirpatione
1669 781 1736 854 sub

323 901 460 976 abbatis
475 901 632 995 ejusdem
645 903 711 974 loci
725 910 894 998 potestate
907 902 1040 995 absque
1054 899 1210 972 omnium
1227 919 1451 994 personarum
1468 901 1739 977 contradictione

323 1025 519 1122 perenniter
532 1045 609 1099 esse
622 1025 815 1117 constituit;
833 1026 975 1120 insuper
989 1025 1093 1097 etiam
1114 1022 1294 1096 monacbis
1316 1031 1386 1094 tam
1399 1023 1525 1096 tuturis
1541 1045 1646 1119 quam
1661 1049 1740 1122 prc-

324 1150 481 1222 sentlbus
504 1149 649 1224 liberam
668 1150 865 1222 facultatem
888 1147 1040 1242 eligendi
1061 1145 1222 1220 abbatem
1248 1144 1293 1217 de
1308 1145 1497 1238 majestatis
1512 1167 1576 1220 sue
1595 1147 1739 1243 imperio

324 1273 508 1365 concessit,
527 1283 563 1345 et
584 1273 798 1368 ubicumque
817 1293 938 1346 eorum
957 1292 1067 1346 naves
1081 1271 1157 1344 sive
1172 1269 1261 1342 carri
1279 1270 1335 1342 vel
1350 1269 1515 1342 saumarii
1534 1269 1740 1344 advenerint

323 1395 457 1490 absque
471 1396 595 1469 telonei
610 1404 786 1468 transeant
797 1396 992 1468 exactione.
1010 1395 1079 1468 Nos
1093 1394 1217 1488 igitur,
1234 1392 1362 1464 intuitu
1377 1393 1498 1467 divine
1513 1395 1639 1488 gratia,
1660 1417 1739 1492 prc-

323 1519 495 1594 dictorum
520 1521 765 1616 imperatorum
790 1541 926 1594 necnon
950 1517 1162 1592 dilectissimi
1186 1515 1294 1612 patris
1316 1516 1423 1588 nostri
1444 1517 1553 1590 felicis
1574 1519 1739 1594 memorie

322 1645 487 1718 Fridcrici
506 1644 720 1740 imperatoris
736 1644 883 1739 vestigia
898 1652 1100 1738 sequentes,
1116 1649 1241 1713 cuncta
1258 1661 1329 1734 que
1346 1641 1397 1711 illi
1412 1649 1606 1714 statuerunt
1623 1652 1658 1714 et
1672 1663 1736 1716 noc

321 1767 444 1842 cadem
464 1768 633 1863 imperiali
648 1767 851 1841 auctoritate
866 1767 1118 1862 approbamus,
1136 1763 1300 1838 ecclesias
1313 1785 1454 1859 quoquc
1471 1773 1506 1837 et
1522 1765 1682 1838 basilicas
1697 1765 1734 1838 iu

320 1893 395 1965 suis
418 1891 558 1966 dotibus
578 1899 708 1964 erectas
725 1890 944 1984 singulariter
964 1889 1217 1984 exprimentes:
1235 1889 1356 1961 cellam
1376 1889 1486 1961 sancti
1507 1889 1645 1962 Martini
1666 1911 1735 1984 que

320 2015 520 2088 Distrammi
536 2015 622 2087 cella
634 2013 762 2087 dicitur
775 2035 881 2109 quam
894 2012 939 2087 da
955 2013 1086 2108 pretato
1101 2012 1246 2085 cenobio
1262 2012 1441 2085 fundatam
1455 2021 1490 2084 et
1504 2011 1647 2086 ditatam
1658 2033 1734 2086 esse

320 2140 559 2232 cognovimus,
576 2139 738 2212 ccclesias
750 2137 967 2228 Gemunden‚
986 2135 1158 2231 Egcrden,
1179 2135 1432 2228 Walcherigen,
1448 2135 1731 2232 Rioberspurreu,

320 2263 547 2356 Wamugow,
568 2262 711 2351 Walde,
737 2261 960 2349 liclzlrircbe,
984 2259 1254 2347 Pucsencbaim‚
1279 2259 1534 2347 Sasseuchaim,
1561 2259 1728 2350 Piburch,

319 2385 609 2478 Hadelichingeu,
632 2385 766 2476 ilerde,
787 2386 974 2480 ismpach,
996 2383 1246 2474 Chemenaten,
1271 2383 1462 2474 Munchcn,
1489 2383 1729 2476 Cbncuuowe,

319 2511 558 2607 Pbrumpach,
587 2511 821 2601 Vaterststcn,
847 2509 1056 2600 Walcbstat,
1082 2508 1293 2600 lechingen,
1320 2507 1602 2602 Unobolzingen,
1624 2508 1730 2597 Colle,

319 2635 521 2730 Streneperc
534 2641 570 2706 ct
586 2631 746 2705 basilicas
767 2632 803 2732 in
820 2631 999 2724 Abeliten,
1021 2632 1056 2704 iu
1075 2631 1315 2725 Funesingen,
1336 2630 1384 2704 ad
1402 2639 1563 2704 sanctum
1579 2633 1735 2705 Monar-

318 2756 404 2830 dum
418 2779 498 2830 cum
512 2755 631 2832 fundis
644 2767 679 2830 ct
690 2756 822 2853 prediis
840 2756 1079 2850 adjacentibus
1093 2765 1128 2830 et
1142 2756 1255 2851 plebe.
1271 2754 1520 2828 Confirmamus
1531 2757 1634 2829 etiam
1651 2757 1734 2830 huic

318 2883 524 2955 monasterio
540 2880 742 2954 auctoritate
757 2889 873 2953 nostra
886 2880 951 2953 bec
967 2879 1087 2975 pradia
1100 2880 1138 2950 iu
1154 2879 1308 2970 Leuben,
1325 2879 1363 2950 in
1377 2879 1581 2972 Wacbcwc,
1598 2881 1635 2951 in
1650 2881 1730 2956 Cre·

318 3005 482 3102 bespach,
500 3005 538 3077 iu
551 3005 701 3078 Australi
714 3006 872 3096 Monaoo,
889 3004 926 3077 in
942 3007 1165 3098 Wareugcw,
1183 3005 1220 3076 in
1235 3005 1454 3098 Otolvingeu,
1467 3006 1503 3076 in
1514 3005 1727 3100 Hechingsu,

317 3131 354 3202 in
370 3129 535 3222 biburch,
556 3130 593 3201 iu
610 3129 791 3226 lscupacb,
809 3130 846 3201 in
860 3130 1092 3224 Funesingen,
1108 3129 1145 3200 iu
1164 3129 1432 3223 Uneholzingen,
1451 3129 1487 3200 iu
1500 3131 1725 3226 llatteupacb.

317 3253 690 3350 Pretercaquacunque
703 3263 911 3350 generantur
924 3255 960 3326 in
971 3255 1079 3327 humo
1093 3253 1151 3328 vel
1164 3275 1235 3348 quc
1250 3253 1357 3327 latent
1371 3254 1559 3345 subterra,
1574 3255 1649 3327 sive
1661 3256 1728 3327 sint

318 3399 406 3451 vene
421 3378 504 3451 salis
519 3379 576 3451 vel
592 3379 672 3450 icrri
688 3379 746 3452 vcl
759 3379 893 3472 argenti
912 3380 969 3451 vel
984 3377 1168 3472 cujuslibet
1183 3377 1324 3468 metalli,
1343 3376 1456 3450 eidem
1471 3377 1546 3449 loco
1561 3378 1729 3450 concedi-

316 3521 395 3573 mus
414 3510 450 3574 et
465 3502 739 3592 corroboramus,
757 3511 792 3575 et
804 3501 888 3596 quia
903 3500 1036 3574 reditus
1055 3499 1242 3594 dequibus
1255 3499 1400 3594 imperio
1418 3500 1549 3572 servire
1563 3501 1728 3573 teneban-

316 3635 373 3698 tur
388 3635 469 3698 sunt
485 3647 548 3722 per
562 3625 753 3700 Amoldum
767 3626 893 3700 ducem
909 3623 1032 3712 ablati,
1052 3645 1166 3717 neque
1183 3623 1284 3696 nobis
1304 3643 1418 3718 neque
1432 3623 1537 3695 alicui
1552 3643 1728 3696 successo-

315 3769 394 3821 rum
406 3757 602 3823 nostrorum
611 3771 733 3844 regum
746 3759 781 3822 et
791 3749 1035 3844 imperatorum
1048 3747 1190 3842 aliquod
1200 3745 1380 3819 servitium
1393 3747 1571 3820 abeodem
1584 3747 1728 3820 cenobio

315 3873 462 3945 conferri
480 3872 692 3964 sanccimus,
710 3881 748 3944 ut
767 3872 804 3943 hi
825 3871 887 3965 qui
909 3871 1133 3966 omnipotenti
1151 3871 1223 3942 Deo
1242 3869 1421 3942 militaturi
1443 3869 1573 3943 ibidem
1595 3871 1726 3943 collecti

315 3997 442 4075 ineunt
454 3995 723 4070 habundantiori
735 3995 852 4070 studio
865 3998 1005 4070 valeant
1020 3997 1093 4068 Dec
1108 3993 1251 4068 servire.
1269 3994 1410 4067 Noverit
1422 4013 1505 4087 crgo
1521 3994 1729 4068 universitas

314 4119 470 4194 bdelium
484 4120 580 4215 quod
594 4121 667 4214 J'am
687 4119 881 4216 predictum
899 4121 1014 4192 locum
1027 4121 1078 4192 sic
1097 4119 1134 4190 in
1150 4127 1301 4192 nostram
1321 4127 1357 4191 et
1375 4117 1532 4190 omnium
1551 4139 1727 4192 successo·

315 4265 391 4317 rum
413 4253 607 4318 nostrorum
634 4267 758 4338 regum
783 4253 819 4318 ct
843 4245 1090 4342 imperatorum
1113 4243 1359 4339 protectionem
1382 4241 1599 4337 suscepimus
1623 4250 1661 4313 ut
1682 4242 1727 4315 sit

315 4369 439 4462 regalis
461 4369 600 4442 abbatia
622 4367 659 4441 in
681 4377 885 4465 perpetuum
911 4367 1111 4441 omnimoda
1129 4367 1286 4440 libertate
1308 4365 1493 4439 sublimata
1513 4376 1549 4438 ct
1566 4365 1611 4439 ab
1631 4368 1725 4439 omui

315 4493 537 4587 subjectionis
560 4491 770 4588 obligatione
786 4493 911 4586 libera,
932 4503 967 4566 ct
982 4493 1099 4564 nullus
1118 4492 1357 4587 episcoporum
1375 4491 1431 4563 vel
1449 4489 1724 4586 archiepiscopo-

313 4637 390 4688 rum
404 4615 462 4688 vcl
476 4617 607 4691 ducum
625 4619 682 4691 vel
703 4617 942 4692 marchionum
960 4617 1017 4689 vel
1032 4615 1197 4688 comitum
1210 4615 1268 4688 vel
1285 4615 1402 4709 aliqua
1421 4614 1562 4687 omnino
1577 4635 1723 4710 persona

314 4751 490 4836 presumat
506 4743 597 4815 hanc
610 4741 791 4816 molestare
807 4743 863 4816 vel
875 4741 964 4837 juris
983 4741 1038 4814 sui
1054 4749 1182 4815 statum
1199 4739 1404 4814 diminuere.
1423 4737 1459 4810 Si
1475 4735 1552 4812 dux
1565 4739 1723 4812 Bawaric
