4602 6084
558 639 601 700 (34
1058 631 1273 696 suibtuici
1297 636 1472 702 suctum
1790 637 1867 724 [lisa.
1885 639 1971 704 lm

555 769 745 880 legiomm
753 763 985 850 monasterio
993 761 1131 847 Montis
1140 763 1307 877 Virginis
1315 781 1402 880 post
1416 771 1564 855 curiam
1575 771 1798 882 Capuanum
1806 770 1975 856 indulto-

555 929 664 1008 rum,
676 902 778 983 idem
792 898 1066 982 monasterium
1079 897 1119 978 in
1133 903 1436 1008 possessionibus
1450 931 1548 1016 quas
1563 905 1604 986 in
1622 903 1814 1011 Friccnte,
1830 889 1974 988 Pesche

556 1037 604 1120 de
612 1035 753 1140 Merra,
763 1033 924 1116 Paterno
933 1039 971 1114 et
980 1031 1089 1115 Petra
1098 1030 1254 1116 Pulcina
1258 1033 1486 1146 justetenet,
1497 1036 1700 1122 molestare
1710 1045 1968 1146 praesumant.

640 1275 767 1356 (Insdlt.
780 1275 814 1334 in
826 1273 941 1336 archiv.
953 1277 1082 1336 monast
1096 1273 1209 1338 biantis
1221 1277 1306 1358 virg.
1325 1295 1365 1340 cx
1386 1281 1585 1342 mmmm
1597 1277 1735 1358 damnali
1753 1277 1786 1338 iu
1805 1275 1867 1337 vol.
1887 1275 1972 1350 VIII,

674 1391 710 1444 ιιο
724 1389 779 1455 ts,
793 1383 826 1442 in
838 1397 899 1460 quo
911 1381 1100 1458 privilegium
1122 1381 1204 1444 Istud
1221 1385 1426 1448 mmmmm
1446 1379 1782 1460 simonianorum
1802 1379 1850 1442 dtr
1868 1381 1974 1443 mmcd

663 1486 824 1570 fabruarii,
838 1504 909 1548 aaa
928 1483 1018 1566 1232,
1025 1483 1057 1546 6·
1071 1483 1171 1550 trudet.
1185 1519 1228 1536 -
1240 1489 1460 1554 Trmscrlbltur
1472 1509 1593 1572 quque
1604 1493 1638 1552 ln
1650 1491 1709 1552 allo
1719 1493 1916 1552 inabumsmo
1924 1505 1974 1550 su-

673 1597 773 1674 parius
785 1593 935 1669 indicato,
948 1591 1063 1656 arabia.
1077 1592 1151 1655 ibId.
1164 1593 1321 1672 vol.VIII,
1336 1607 1370 1658 n·
1383 1607 1433 1674 ia,
1447 1614 1548 1660 mensa
1559 1597 1635 1676 julio
1649 1595 1783 1668 reducto,
1794 1611 1866 1656 ann.
1882 1602 1971 1668 insi,

668 1701 766 1781 priate
780 1699 953 1782 (legandum
965 1699 1102 1780 reprimo)
1113 1699 1309 1780 indictionis.)

603 1915 811 2006 IriderIcns,
823 1912 885 1986 Dei
892 1911 1239 2007 graIIallomanomm
1246 1912 1776 2012 imperator,semperangnsius,
1784 1911 1972 1986 Iemsalem

556 2051 591 2116 at
611 2040 725 2114 Sicilie
744 2059 825 2129 rex,
854 2035 1059 2126 comitibus,
1079 2036 1292 2131 homnibus,
1313 2039 1486 2134 magistris
1508 2037 1729 2133 justiciariis,
1750 2035 1968 2132 justiciariis,

555 2163 729 2259 magistris
746 2159 961 2251 camerariis,
987 2161 1204 2252 camerariis,
1228 2163 1421 2238 castellanis
1438 2173 1474 2239 et
1497 2163 1669 2238 universis
1683 2161 1810 2256 bajulis
1832 2181 1971 2256 presen-

556 2289 650 2362 tibus
663 2297 699 2360 et
709 2285 834 2359 tuturis
851 2293 1028 2381 presentes
1040 2285 1170 2358 litteras
1183 2286 1391 2384 inspecturis
1405 2287 1570 2362 fidelibus
1583 2287 1657 2360 suis
1667 2285 1813 2382 gratiam
1825 2307 1925 2358 suam
1938 2293 1974 2358 et

557 2413 684 2486 bonam
698 2411 924 2484 voluntatem.
942 2408 1028 2481 Cum
1044 2409 1128 2482 satIs
1142 2417 1258 2484 nostre
1265 2411 1466 2486 celsitudini
1478 2410 1675 2508 dIsplioeret
1686 2410 1714 2482 si
1726 2407 1972 2482 monasterium

554 2536 681 2610 Montis
696 2533 868 2630 Virginis,
889 2531 985 2628 quod
998 2531 1093 2624 juste
1109 2533 1288 2628 diligimus
1303 2543 1338 2608 et
1347 2535 1511 2631 cupimus
1524 2537 1560 2607 in
1576 2535 1648 2608 Deo
1664 2531 1835 2622 venam,
1852 2539 1972 2628 utpote

554 2665 640 2757 quia
654 2659 743 2734 iilud
757 2668 958 2755 reputamus
968 2651 1140 2732 mmeram
1151 2659 1336 2754 specialem
1350 2681 1413 2734 seu
1431 2657 1629 2733 obedientie
1642 2679 1684 2731 ac
1694 2656 1847 2730 Ecclesia
1857 2663 1973 2728 noste

554 2785 643 2882 (ric),
664 2805 770 2880 super
785 2783 1078 2878 possessionibus,
1095 2781 1311 2856 libertatibus
1327 2793 1363 2857 et
1380 2784 1456 2858 aliis
1467 2783 1616 2878 justiciis
1631 2803 1770 2876 eorum,
1788 2789 1824 2854 ct
1836 2779 1972 2876 specia-

555 2913 632 2984 liter
664 2929 769 3004 supcr
792 2907 1069 3003 possessionibus
1097 2929 1185 3002 quas
1210 2927 1258 2982 ex
1289 2907 1463 2984 oblatIone
1488 2909 1653 2982 comitum
1677 2915 1713 2982 et
1736 2905 1906 2980 baronum
1934 2903 1971 2975 in

554 3035 729 3124 Fricento,
748 3031 879 3105 Pescho
897 3029 943 3104 de
958 3030 1093 3124 Merra,
1117 3031 1283 3124 Paterno,
1298 3033 1399 3106 Petra
1415 3032 1558 3106 Pulcina
1571 3041 1607 3105 et
1620 3027 1837 3128 pertiuentiis
1851 3049 1970 3101 earnm

555 3157 707 3252 legitime
724 3163 843 3230 tenent
859 3164 894 3228 ct
907 3155 1053 3247 babent,
1071 3163 1190 3230 contra
1207 3165 1343 3230 tenores
1356 3155 1663 3230 iustrumentorum
1682 3173 1753 3249 qne
1768 3174 1790 3228 a
1806 3149 1971 3248 predictis

556 3280 738 3354 comitibus
758 3289 793 3352 et
815 3278 1003 3352 baronibus
1020 3279 1088 3352 sibi
1110 3279 1242 3354 exinde
1260 3281 1351 3354 iacta
1368 3288 1450 3353 sunt
1469 3289 1505 3352 ct
1522 3287 1640 3353 conba
1656 3287 1810 3350 tenorem
1834 3273 1971 3370 privile·

557 3404 695 3498 giorum
708 3411 744 3475 et
757 3401 1054 3475 confirmationum
1071 3411 1265 3475 nostrarum
1281 3401 1412 3498 quade
1430 3401 1596 3500 predictis
1609 3401 1676 3498 ipsi
1694 3397 1900 3474 monasterio
1912 3395 1970 3492 pie

557 3527 766 3602 indulsimus
782 3534 860 3622 post
880 3524 1013 3597 curiam
1032 3523 1251 3621 Capuanum,
1268 3548 1291 3600 a
1306 3526 1406 3600 vobIs
1429 3547 1492 3602 seu
1510 3527 1556 3601 ab
1575 3524 1751 3620 aliquibus
1770 3521 1847 3595 aliis
1863 3520 1972 3594 susti-

556 3661 676 3728 nerent
701 3649 875 3724 molestias
902 3657 965 3722 aut
991 3669 1203 3743 gravamen,
1229 3648 1446 3724 universitati
1469 3659 1585 3724 vestm
1606 3647 1673 3720 sub
1696 3647 1840 3720 obtentu
1861 3641 1970 3739 gratie

556 3785 673 3852 nostra
688 3774 842 3849 districte
859 3771 1069 3870 precipimus
1083 3770 1226 3846 firmiter
1238 3781 1274 3846 et
1287 3773 1495 3847 mandamus
1507 3781 1681 3869 quatem
1694 3789 1759 3842 nec
1773 3789 1838 3842 vos
1851 3775 1970 3840 eontra

555 3913 710 3976 tenorem
722 3897 957 3994 predictorum
972 3895 1276 3969 Instrumentomm
1290 3905 1326 3969 et
1339 3897 1601 3993 privilegiorum
1613 3901 1805 3968 nostrorum
1817 3888 1967 3987 quesibi

555 4027 706 4121 benigne
717 4022 927 4097 indulsimus
940 4029 1018 4118 post
1029 4019 1161 4094 curiam
1171 4019 1404 4116 supradictam
1413 4043 1518 4118 super
1527 4019 1668 4118 prelatis
1677 4014 1963 4114 possessionibus,

557 4148 773 4223 libertatibus
789 4155 824 4219 et
843 4146 921 4220 aliis
930 4144 1081 4238 justiciis
1096 4153 1131 4218 et
1147 4143 1248 4216 benis
1267 4145 1362 4235 suis,
1380 4143 1513 4218 dictum
1531 4141 1776 4217 monasterium
1796 4138 1843 4213 de
1856 4139 1969 4212 Mente

557 4272 709 4368 Virginis
723 4270 841 4344 matris
852 4269 975 4342 Christi
989 4279 1024 4344 at
1036 4268 1254 4343 obedientias
1263 4271 1339 4363 ejas
1353 4277 1482 4344 temere
1495 4267 1683 4343 molestetis
1693 4287 1758 4338 nec
1768 4262 1970 4362 permittatis

560 4398 605 4470 ab
620 4395 796 4489 aliquibus
820 4393 1014 4484 molestari,
1041 4401 1081 4466 ut
1101 4391 1290 4490 superbiis
1306 4393 1437 4466 nullam
1455 4391 1653 4466 instantiam
1670 4397 1787 4463 contm
1799 4385 1969 4483 justitiam

560 4519 762 4608 audirimus,
778 4526 916 4613 propter
926 4515 1023 4612 quod
1032 4517 1305 4612 indignationem
1314 4525 1465 4592 nostram
1475 4517 1598 4590 merite
1611 4515 1785 4588 incurram
1798 4509 1965 4588 debeatis.

609 4647 734 4716 Datum
750 4641 905 4732 Tarenti,
922 4640 1090 4715 vicesimo
1103 4639 1249 4736 septimo
1267 4641 1349 4714 maii
1358 4695 1369 4735 ,
1387 4640 1498 4736 prImc
1513 4637 1723 4714 indictionis.
