4652 6092
560 627 623 692 494
1109 637 1422 702 enutrimenta.

560 765 785 863 precipiendo
797 767 1004 843 mandamus
1016 781 1188 866 quatenus
1206 773 1379 870 predictos
1394 774 1554 849 abbatem
1569 785 1604 850 et
1618 787 1828 854 conventum
1840 791 1911 856 tam
1926 782 1972 859 do

560 890 615 964 his
632 890 764 988 adque
788 893 833 968 de
855 893 965 988 gratia
983 893 1218 972 munificentie
1236 907 1352 974 nosue
1375 901 1515 974 inerunt
1535 901 1683 974 restituti
1705 925 1810 998 quam
1829 904 1875 979 de
1895 905 1972 980 aliis

561 1015 723 1090 omuibus
739 1039 810 1112 qne
825 1028 903 1114 post
918 1020 1050 1094 curiam
1065 1021 1264 1118 Capuanum
1277 1025 1480 1098 extollentia
1495 1034 1611 1100 nosue
1629 1025 1846 1122 dignoscitur
1857 1029 1972 1105 eidem

562 1141 770 1216 monastario
793 1143 1030 1237 confirmasse,
1052 1145 1098 1220 de
1121 1155 1233 1220 cetero
1253 1148 1397 1224 minime
1414 1149 1601 1224 molestetis
1617 1173 1682 1224 nec
1702 1153 1906 1247 permittatis
1927 1153 1973 1227 ab

562 1267 639 1342 aliis
654 1267 839 1361 molestari,
857 1279 897 1341 ut
911 1269 967 1343 his
980 1271 1150 1346 felicitatis
1164 1282 1278 1346 nostre
1291 1273 1502 1369 temporibus
1516 1275 1618 1372 pleno
1632 1273 1807 1372 gaudeant
1816 1277 1894 1369 jure
1908 1297 1972 1352 suo
2044 1339 2046 1342 .

562 1393 922 1490 etjustamsuporhis
925 1450 1180 1470 .......
1208 1421 1278 1471 uou
1296 1398 1639 1474 habeantmateriam
1655 1400 1902 1498 conquerendi.

610 1519 735 1592 Datum
748 1519 900 1614 Tarenti,
916 1523 977 1595 Vll
985 1522 1096 1617 junii,
1114 1523 1226 1620 primo
1242 1521 1455 1598 indictionis.

487 2157 495 2182 .
617 2106 822 2219 Gregorius
848 2132 949 2216 papa
976 2108 1152 2218 potestati
1176 2119 1215 2190 et
1235 2107 1378 2218 populo
1400 2107 1557 2192 Senensi
1579 2107 1731 2192 nuntiat
1744 2106 1917 2220 qualiter
1932 2107 1973 2188 in

561 2241 751 2354 colloquio
768 2241 871 2350 apud
889 2241 1088 2324 Perusiam
1102 2241 1277 2326 homiues
1294 2242 1403 2352 regni
1417 2268 1441 2325 a
1450 2241 1669 2352 juramento
1685 2267 1764 2354 qno
1784 2240 1973 2325 Fridcrico

557 2365 778 2486 imperatori
789 2383 899 2458 eraut
912 2373 1080 2458 adstricti
1094 2374 1290 2459 absolutos
1302 2375 1595 2484 denuntiaverit,
1604 2374 1764 2486 iujurias
1778 2375 1827 2458 ab
1839 2375 1973 2458 eodem

558 2508 748 2592 Ecclesiae
761 2507 955 2592 llomanae
968 2507 1095 2590 illatas
1107 2533 1326 2592 memorans
1339 2510 1597 2621 mundanaque
1610 2509 1738 2616 illum,
1752 2534 1831 2620 quo
1844 2517 1972 2590 tamm

559 2642 668 2726 iverit
683 2641 864 2748 uescitur,
881 2640 1095 2751 profectum
1112 2667 1209 2726 esse.

641 2859 738 2939 (Edit.
752 2875 802 2936 ap.
817 2875 858 2918 ua
871 2857 903 2920 S.
918 2857 1049 2936 Parnes,
1063 2857 1141 2918 aar.
1160 2853 1196 2917 dc
1213 2852 1244 2918 Iu
1258 2873 1338 2938 conq.
1350 2853 1385 2916 dc
1397 2853 1505 2938 Nupta
1512 2874 1573 2940 por
1587 2854 1706 2920 Clarias
1715 2854 1860 2938 d'rlnjou,
1872 2861 1896 2917 t.
1911 2855 1972 2932 lv,

677 2964 819 3044 append„
829 2981 858 3043 p.
870 2972 944 3039 2⁵43
955 2981 994 3026 ox
1002 2963 1115 3026 mehlv.
1123 2963 1243 3026 reform.
1253 2981 1302 3044 up.
1309 2965 1501 3041 Florentiam,
1510 2973 1543 3025 n·
1552 2972 1620 3026 tlt.
1627 2965 1784 3044 Parperam
1792 2962 1974 3026 auoembaoc

679 3072 802 3152 aplstola
814 3069 953 3150 Gregorio
966 3070 1080 3132 decimo
1093 3068 1292 3152 adscribitur.)

609 3257 794 3356 Gregorius
810 3258 1008 3355 opiscopus,
1023 3279 1147 3332 servus
1162 3279 1342 3332 sorvorum
1354 3260 1431 3352 Dei,
1448 3260 1582 3334 dilectis
1599 3258 1680 3334 liliis
1693 3259 1853 3356 potestati
1863 3268 1899 3333 et
1911 3281 1976 3358 po-

560 3383 1000 3485 puloSenonsisalutomot
1012 3383 1235 3480 apostolicam
1247 3383 1538 3458 benedictionem.
1551 3382 1608 3459 Ad
1621 3393 1771 3458 vestram
1783 3385 1975 3458 etaliorum

559 3509 716 3584 notitiam
738 3508 901 3581 volumus
923 3505 1106 3601 pervenire
1130 3505 1227 3601 quod
1247 3527 1311 3579 uos
1336 3506 1373 3578 iu
1395 3505 1565 3601 colloquio
1589 3506 1686 3603 apud
1707 3507 1889 3580 Perusiam
1911 3529 1976 3604 pm

560 3633 666 3709 variis
678 3631 832 3706 Ecclesia
849 3630 997 3726 negotiis
1013 3629 1234 3726 solempniter
1254 3629 1424 3704 celebrato
1446 3650 1567 3704 omnes
1586 3631 1648 3726 qui
1669 3630 1843 3706 Fridorico
1864 3632 1975 3730 impe·

561 3758 664 3832 ratori
683 3765 765 3828 sunt
782 3757 977 3850 juramento
999 3753 1175 3828 fidelitatis
1200 3753 1356 3828 adstricti
1377 3763 1413 3828 et
1433 3756 1627 3852 specialiter
1651 3755 1810 3830 homiues
1832 3755 1931 3851 regni
1953 3780 1976 3831 a

558 3885 839 3978 juramentoque
859 3879 927 3952 sibi
948 3887 1108 3952 tenentur
1129 3878 1344 3952 absolvimus
1362 3888 1398 3953 ot
1420 3878 1705 3954 denuntiavimus
1725 3881 1917 3974 absolutos,
1940 3890 1978 3956 et

562 4005 592 4079 si
608 4005 670 4100 qui
686 4005 773 4078 torto
787 4005 1023 4097 juramentum
1036 4001 1238 4096 hujusmodi
1261 4005 1317 4076 vel
1339 4002 1436 4077 aliud
1457 4014 1575 4081 contra
1587 4005 1775 4080 itomanam
1787 4005 1975 4080 Ecclesiam

561 4139 685 4228 sponte
701 4129 769 4203 sibi
788 4128 999 4225 prostiterint
1016 4129 1073 4202 vel
1091 4137 1226 4222 macta,
1252 4127 1340 4202 illud
1360 4127 1581 4204 decernimus
1596 4151 1667 4205 nou
1685 4138 1823 4224 teuore;
1847 4151 1910 4228 pro
1931 4151 1976 4204 eo

561 4254 658 4354 quod
680 4253 791 4346 idom,
811 4251 1035 4350 exigentibus
1056 4253 1169 4350 culpis
1190 4252 1283 4338 suis,
1307 4253 1442 4328 dudum
1462 4253 1830 4330 excommunicationis
1852 4255 1977 4350 laqueo

548 4381 764 4473 innodatus,
786 4379 877 4453 sicut
898 4401 961 4477 per
983 4379 1071 4452 alias
1090 4378 1218 4452 litteras
1241 4379 1464 4453 ecclesiarum
1487 4381 1628 4478 prelatis
1647 4379 1874 4478 exposuimus
1895 4379 1976 4454 dili-

562 4517 700 4603 genter,
720 4504 850 4604 pluries
866 4505 1018 4579 monitus
1040 4512 1079 4577 ut
1098 4504 1278 4579 desisteret
1293 4527 1315 4578 u
1333 4504 1592 4579 conculcatione
1608 4505 1776 4578 libertatis
1796 4503 1977 4578 ecclesias·

561 4632 642 4721 t-ico,
665 4651 736 4704 non
753 4629 866 4703 solum
885 4651 955 4703 nou
980 4628 1111 4702 destitit
1131 4627 1176 4702 ab
1194 4627 1426 4724 expoliatione
1439 4628 1677 4725 religiosarum
1697 4649 1921 4725 weormum
1940 4635 1977 4701 ot

563 4753 785 4847 clericorum,
809 4775 932 4828 verum
958 4751 1063 4828 etiam
1086 4753 1122 4826 iu
1147 4773 1207 4827 eos
1238 4751 1432 4828 immaniori
1455 4753 1645 4828 mmerimto
1671 4752 1856 4828 deseviens
1882 4753 1975 4828 bona
