4710 6076
524 676 587 738 316
1048 689 1219 750 llENlllGl
1245 690 1411 752 sarmul
1750 695 1831 778 [llas.
1850 699 1937 762 1227.

526 815 640 888 facere
663 820 952 914 presumpserint,
979 821 1065 896 iram
1088 833 1123 896 et
1148 826 1387 920 gravissimam
1408 827 1680 924 indignationem
1704 843 1818 908 nostre
1839 837 1938 909 celsi-

526 937 659 1014 tudinis
674 963 712 1016 se
727 943 885 1017 noverint
901 945 1112 1021 incursuros.

574 1065 699 1140 Actum
718 1067 814 1164 apud
832 1067 1107 1168 Aquisgrnnum,
1127 1025 1307 1150 millesimo
1329 1077 1567 1152 ducentesimo
1594 1081 1765 1176 vigesimo
1789 1085 1936 1179 septimo

525 1211 617 1264 anno
631 1191 875 1267 incarnationis
888 1196 1039 1290 Domini,
1054 1197 1098 1268 lll
1116 1197 1281 1272 kalendas
1295 1201 1427 1296 aprilis,
1446 1201 1634 1275 indictione
1648 1203 1782 1279 decima
1797 1207 1930 1301 quinta.

330 1871 478 1970 ffigf,
575 1857 759 1941 Henricus
785 1859 1046 1943 Romanorum
1071 1887 1135 1943 rex
1160 1861 1305 1945 civibus
1328 1861 1631 1946 Virdunensibus
1657 1866 1815 1947 mandat
1839 1877 1881 1948 ut
1909 1893 1931 1946 a

520 1989 783 2074 molestatione
804 1993 1049 2076 eeclesiarum
1071 1993 1388 2100 Virdunensium,
1412 1995 1646 2079 familiarum
1671 2006 1708 2078 et
1729 1997 1928 2080 hominurn

520 2125 724 2232 desistant,
740 2135 778 2209 et
796 2126 924 2210 ablata
939 2154 1027 2212 cum
1042 2128 1296 2213 satisfactione
1310 2131 1524 2213 restituunt.
1834 2121 1837 2132 ’

601 2365 610 2446 f
614 2365 713 2428 Edidit
730 2367 924 2444 Sunannonr,
947 2367 1157 2453 Mcrlwitrdiqe
1181 2367 1401 2450 llrlrnadcasr'tr
1418 2367 1465 2431 die
1481 2371 1580 2431 Dran.
1596 2367 1709 2442 Gardt,
1731 2375 1799 2432 crst.
1822 2369 1926 2449 Theil,

636 2491 667 2552 p.
685 2483 734 2549 95,
749 2485 783 2536 n⁰
798 2475 906 2550 XLVI,
921 2494 960 2538 ex
974 2479 1077 2540 eudem
1091 2479 1174 2540 fonte
1188 2481 1240 2558 qul
1253 2476 1364 2558 supra.)

563 2691 731 2764 Henricus
747 2691 809 2764 Dei
822 2693 930 2787 gratia
943 2693 1174 2765 Romanorum
1195 2713 1259 2764 rex
1279 2702 1315 2765 et
1334 2713 1468 2786 semper
1484 2700 1667 2786 angustus,
1686 2689 1820 2764 dilectis
1838 2689 1926 2763 lide-

514 2814 607 2887 libus
622 2817 695 2888 suis
711 2815 848 2890 civibus
863 2817 1139 2890 Virdunensibus
1158 2817 1302 2912 gratiam
1317 2839 1415 2890 suam
1431 2825 1466 2889 et
1483 2838 1584 2890 omne
1606 2817 1749 2888 bonum.
1768 2817 1823 2887 Ex
1841 2836 1923 2888 con-

512 2940 692 3034 questione
712 2941 851 3034 majoris
870 2943 1013 3016 ecclesie
1036 2941 1263 3016 virdunensis
1280 2953 1315 3014 et
1332 2941 1477 3014 aliarum
1499 2941 1656 3034 ejusdem
1676 2939 1842 3029 civitatiS,
1868 2940 1923 3012 vi-

513 3062 638 3136 delicet
659 3065 775 3137 Sancti
792 3065 908 3139 Vitoni
926 3077 962 3139 et
977 3067 1091 3139 Sancti
1109 3066 1264 3162 Agerici,
1284 3065 1516 3139 intelleximus
1538 3065 1634 3160 quod
1655 3086 1719 3138 vos
1744 3065 1923 3138 occasione

509 3189 692 3282 cujusdam
712 3191 803 3264 tallie
819 3192 876 3264 vel
894 3192 1033 3264 collecte
1050 3191 1223 3265 libertates
1239 3213 1359 3264 earum
1375 3189 1560 3285 infringitis
1580 3191 1625 3262 ab
1647 3189 1800 3286 ipsarum
1822 3189 1922 3260 fami·

510 3313 566 3385 liis
597 3324 632 3386 et
659 3315 859 3387 hominibus
883 3315 1066 3410 pecuniam
1090 3325 1345 3410 extorquentes.
1366 3316 1494 3388 Verum
1518 3337 1596 3386 oum
1624 3314 1661 3385 in
1685 3313 1781 3386 curia
1806 3323 1921 3384 nostra

510 3438 717 3534 Aquisgrani
733 3461 844 3536 nuper
861 3440 978 3512 habita
992 3463 1054 3537 per
1070 3442 1145 3536 ipsa
1162 3441 1379 3538 privilegien
1397 3439 1538 3512 domino
1558 3447 1593 3510 et
1608 3436 1808 3510 charissimo
1826 3445 1921 3531 patro

510 3573 625 3636 nostro
639 3563 690 3636 eis
704 3563 838 3638 indulta
852 3566 1135 3660 cognovissemus
1149 3587 1208 3638 eas
1226 3567 1271 3638 ab
1287 3563 1488 3658 hujusmodi
1505 3563 1687 3636 exactione
1705 3561 1832 3634 debere
1845 3582 1921 3632 esse

509 3689 694 3779 immunes,
711 3690 808 3784 quod
830 3691 924 3763 nulla
940 3691 1071 3764 ratione
1095 3691 1235 3786 infringi
1258 3691 1524 3780 sustineremus,
1545 3687 1744 3761 fidelitatem
1769 3693 1919 3758 vestram

509 3833 691 3885 monemus
720 3813 922 3887 auctoritate
949 3814 1045 3910 regia
1073 3813 1226 3888 districte
1251 3813 1478 3908 precipientes
1506 3821 1678 3906 qnatenus
1702 3831 1724 3882 a
1751 3809 1919 3882 dictarum

510 3937 732 4011 ecclesiarum
755 3939 991 4012 molestatione
1012 3949 1046 4012 et
1062 3939 1190 4011 familie
1211 3960 1330 4010 earum
1348 3949 1383 4010 et
1397 3937 1576 4010 hominum
1593 3934 1782 4021 desistatis,
1807 3933 1920 4006 ablata

509 4061 642 4135 eisdem
662 4084 742 4136 cum
763 4063 993 4136 satisfactione
1014 4063 1244 4154 restituendo;
1264 4061 1417 4156 alioquin
1438 4083 1500 4134 nos
1528 4059 1744 4134 insolentiam
1769 4065 1919 4132 vestram

508 4187 660 4283 graviter
672 4188 870 4284 puniemus.

558 4313 682 4384 Datum
700 4311 924 4408 Aquisgrani,
941 4335 1060 4388 mense
1073 4313 1209 4403 martio,
1229 4313 1274 4385 lll
1291 4311 1456 4385 kalendas
1470 4311 1601 4407 aprilis.
