4602 6084
577 611 618 674 28
1072 609 1282 671 rnlnentcl
1308 607 1480 670 sttctlltltl
1789 603 1867 684 [aar.
1886 604 1970 666 1227.

573 719 726 791 llomana
742 715 896 790 Ecclesia
913 715 1028 788 doleat
1043 715 1152 788 filium
1172 727 1265 792 tanta
1279 717 1465 818 educatum
1483 713 1661 808 diligentia
1674 721 1708 786 et
1722 715 1973 808 magnificentia

575 841 785 930 exaltatum,
804 860 898 910 nnnc
912 838 962 910 sie
977 838 1091 910 viliter
1105 840 1181 912 sine
1194 849 1303 912 marte
1321 839 1470 929 victum,
1492 837 1623 932 absque
1636 836 1733 908 hoste
1747 847 1968 932 prostratum,

575 965 611 1036 in
626 973 719 1038 tante
733 961 944 1034 contusionis
960 962 1182 1056 opprobrium
1195 971 1263 1034 tam
1278 961 1505 1055 ignominiose
1521 961 1703 1052 dejectum,
1715 961 1971 1055 nonminusge-

576 1089 640 1158 mit
656 1085 900 1167 exterminium
912 1084 1085 1156 exercitus
1104 1085 1279 1158 christiani
1293 1084 1355 1178 qui
1371 1105 1440 1156 non
1459 1082 1676 1154 inimicorum
1690 1083 1815 1172 gladiis
1833 1086 1888 1157 vel
1906 1087 1972 1158 vir·

577 1219 650 1282 tute
668 1208 809 1298 deleuit,
829 1205 892 1279 sed
908 1207 1099 1279 calamitate
1121 1217 1188 1279 tam
1212 1206 1398 1279 miserabili
1417 1215 1469 1278 est
1486 1213 1720 1300 consumptus.
1743 1206 1855 1278 Gemit
1871 1208 1972 1280 etiam

575 1332 670 1426 quod
683 1353 763 1427 pare
777 1331 915 1402 residua
930 1331 1133 1402 bellatorum
1144 1329 1302 1426 exposita
1316 1329 1419 1400 maris
1433 1328 1593 1422 periculis
1607 1337 1641 1400 et
1654 1328 1815 1400 fluctibus
1829 1338 1973 1424 tempes-

574 1463 682 1526 tatum
695 1455 828 1548 absque
842 1453 945 1542 duce,
956 1461 1157 1551 preceptore
1170 1453 1226 1525 vel
1237 1451 1392 1546 principe
1403 1450 1540 1524 ducitur
1554 1471 1625 1544 quo
1639 1450 1784 1544 ignorat,
1798 1453 1972 1526 modicum

574 1578 753 1673 profutura
768 1585 854 1648 tene
873 1585 988 1646 sancte
1007 1575 1227 1666 utilitatibue;
1245 1574 1375 1668 quibus
1389 1573 1504 1646 debite
1517 1573 1755 1646 consolationis
1768 1575 1925 1646 solatium
1939 1586 1973 1648 et

576 1707 766 1794 opportune
797 1697 1034 1768 subventionis
1060 1698 1248 1788 auxilium,
1281 1697 1548 1791 impedientibus
1574 1699 1646 1790 jam
1672 1697 1775 1770 marie
1801 1699 1972 1770 lrementis

575 1822 731 1916 procellis
757 1821 987 1914 temporisque
1007 1821 1184 1912 angustia,
1208 1823 1310 1912 juxta
1329 1829 1447 1892 votum
1471 1840 1540 1891 non
1562 1841 1745 1913 possumus
1767 1821 1967 1894 ministrare.

575 1944 710 2036 Plangit
724 1945 864 2037 insuper
878 1942 1053 2014 excidium
1066 1953 1153 2014 terre
1167 1951 1283 2014 sancte
1294 1965 1398 2036 quam
1412 1963 1505 2013 nunc
1517 1941 1603 2036 cripi
1616 1941 1660 2014 de
1678 1964 1889 2038 paganorum
1900 1965 1971 2016 ma·

576 2065 679 2134 nibus
701 2064 936 2158 sperabamus,
956 2085 1060 2156 quam
1075 2065 1174 2154 olim,
1192 2074 1232 2136 ut
1244 2064 1418 2154 asseritur,
1435 2073 1667 2158 recuperasset
1680 2066 1971 2138 exercituscbris-

576 2187 690 2256 tianus
718 2207 780 2280 per
804 2185 1042 2256 concambium
1067 2187 1232 2272 Damiate‚
1257 2187 1323 2258 nisi
1345 2185 1378 2258 ei
1400 2186 1503 2258 semel
1523 2195 1559 2258 ct
1587 2187 1711 2258 iterum
1739 2188 1971 2282 imperialibus

576 2311 696 2380 luisset
716 2309 835 2380 litteris
858 2307 1089 2381 interdictum.
1111 2309 1178 2394 Qui
1196 2310 1297 2382 etiam
1321 2329 1391 2380 non
1414 2309 1534 2382 luisset
1551 2310 1733 2382 conclusus
1758 2310 1971 2384 inmanibus

575 2453 787 2529 paganorum
806 2431 835 2502 si
853 2432 1028 2524 galearum
1045 2432 1255 2526 imperatoris
1274 2431 1469 2504 subsidium
1490 2440 1572 2502 tuno
1596 2433 1727 2522 luisset,
1751 2443 1791 2504 ut
1811 2456 1858 2506 ex
1876 2445 1970 2529 parte

574 2577 637 2626 sua
655 2554 861 2649 promissum
875 2555 1034 2626 extiterat
1050 2564 1084 2625 et
1098 2553 1171 2625 fieri
1187 2555 1312 2650 potuit,
1331 2555 1566 2645 subsecutum;
1587 2577 1651 2625 nec
1670 2557 1823 2630 bamiuta
1839 2558 1970 2660 perdita

574 2701 660 2772 que,
683 2686 723 2748 ut
754 2677 929 2768 asseritur,
960 2698 1024 2748 suo
1051 2677 1176 2748 tradita
1198 2679 1320 2748 nuntio
1339 2686 1373 2749 et
1392 2677 1515 2770 aquilis
1535 2677 1768 2771 imperialibus
1789 2680 1966 2774 insignita,

574 2801 695 2872 eadem
717 2797 775 2870 die
797 2799 979 2870 crudeliter
999 2799 1173 2894 expoliata
1191 2809 1225 2870 et
1245 2821 1307 2893 per
1329 2821 1410 2871 suos
1431 2799 1564 2872 deserta
1587 2797 1665 2894 (a),
1689 2800 1800 2872 viliter
1821 2811 1856 2886 et
1874 2804 1969 2893 igno·

574 2923 719 2993 miniose
743 2942 804 3014 per
825 2923 918 3014 ipsos
944 2922 1007 2992 luit
1028 2920 1225 2993 infidelibus
1250 2922 1416 2992 restituta.
1446 2922 1599 2992 Recurrit
1621 2922 1723 2994 etiem
1745 2921 1791 2995 ad
1814 2925 1969 2998 redivivu

573 3044 733 3137 suspiria,
750 3053 785 3115 et
800 3043 1017 3114 amissionem
1029 3044 1249 3138 prescriptam
1262 3045 1414 3115 recolens
1427 3043 1593 3131 Damiate‚
1610 3053 1659 3115 tot
1674 3045 1829 3116 laborum
1843 3069 1968 3142 angus·

573 3166 655 3256 tias,
678 3174 727 3236 tot
747 3185 977 3259 expensarum
1002 3165 1199 3260 dispendia,
1222 3175 1271 3240 tot
1291 3177 1415 3238 mortes
1437 3166 1611 3257 fidelium,
1631 3178 1681 3240 tot
1699 3190 1867 3242 excursus
1884 3181 1968 3243 tem

572 3309 696 3384 porum
719 3310 788 3380 que
812 3288 975 3360 inutiliter
1002 3290 1209 3360 ellluxerunt
1242 3290 1391 3360 subortis
1415 3291 1576 3384 lacrymis
1598 3291 1723 3363 dellere
1746 3314 1815 3364 non
1842 3306 1965 3383 cessat,

573 3411 722 3481 necdum
737 3410 863 3504 estqui
878 3413 1069 3482 consoletur
1082 3434 1157 3484 cam
1172 3434 1218 3484 ex
1235 3412 1395 3484 omnibus
1412 3413 1524 3506 charis
1536 3415 1612 3504 ejus
1626 3422 1661 3486 et
1674 3414 1845 3508 abstergat
1859 3418 1968 3512 lacry-

574 3553 649 3603 mas
675 3553 695 3602 a
721 3533 883 3603 maxillis.
913 3533 999 3603 Cum
1019 3555 1101 3626 ergo
1118 3555 1189 3606 vox
1206 3537 1281 3628 ejus
1299 3536 1371 3626 jam
1393 3536 1429 3606 in
1451 3537 1556 3608 Rama
1576 3536 1782 3625 insonuerit,
1798 3547 1833 3610 et
1846 3539 1969 3612 Rachel

573 3676 642 3726 non
667 3655 779 3726 solum
807 3653 910 3744 lilios,
936 3655 999 3726 sed
1024 3655 1087 3727 hee
1111 3658 1226 3730 omnia
1259 3657 1497 3730 irremediabili
1531 3660 1770 3732 lamentatione
1796 3659 1964 3756 deploret,

572 3776 653 3870 quis
676 3774 832 3847 fidelium
855 3798 893 3846 se
920 3799 940 3848 a
967 3779 1152 3869 gemitibus
1175 3789 1209 3849 et
1231 3781 1387 3874 suspiriis
1407 3782 1613 3853 continebit?
1631 3781 1710 3876 quis
1730 3782 1877 3856 liliorum
1898 3807 1968 3856 cer·

572 3919 660 3970 nens
674 3921 843 3992 aquarum
858 3899 1028 3994 prolluvia
1041 3901 1159 3972 matris
1174 3903 1282 3973 oculis
1297 3905 1501 3996 prodeuntia
1517 3905 1684 3998 lacrymas
1702 3927 1770 3978 non
1793 3907 1967 3978 effundet?

571 4021 650 4112 quis
673 4021 790 4092 matris
808 4043 875 4092 non
898 4023 1122 4116 compatietur
1138 4024 1306 4116 angustiis
1326 4047 1389 4097 nec
1409 4026 1583 4098 immensis
1605 4030 1679 4119 ejus
1698 4028 1874 4100 doloribus
1891 4049 1968 4100 con-

573 4141 702 4212 dolebit
714 4143 729 4211 l
743 4143 822 4236 quis
836 4143 989 4216 lidelium
1004 4155 1142 4240 propter
1160 4147 1225 4218 hoc
1240 4168 1308 4218 non
1324 4148 1499 4220 ardentius
1512 4150 1780 4240 inflammabitur
1794 4151 1840 4224 ad
1856 4151 1966 4222 subsi-

572 4263 669 4332 dium
697 4273 784 4335 terre
805 4275 939 4356 sancte,
965 4289 1010 4338 ne
1032 4268 1216 4340 christiana
1241 4271 1407 4362 juventus
1428 4292 1474 4342 ex
1497 4271 1667 4364 insperato
1693 4294 1775 4344 casu
1801 4283 1966 4367 prostrata

572 4384 709 4478 penitus
737 4385 896 4457 videatur
921 4397 955 4459 et
979 4389 1204 4482 ignominiose
1229 4393 1344 4464 animo
1360 4395 1598 4465 consternata?
1615 4416 1728 4468 nonne
1750 4397 1815 4498 uiri
1837 4396 1965 4469 cordati

612 4670 648 4752 (ul
672 4673 705 4734 ln
719 4673 804 4736 Mati.
822 4677 914 4737 Purls.
931 4675 1114 4742 deteriorata.
