4602 6084
327 643 422 702 laurea.
442 641 482 718 l.]
646 673 649 682 ·
769 639 965 700 distollit
990 637 1281 700 otrnottavlcrt.
1688 643 1729 704 27

326 775 384 846 nia
401 783 436 846 et
463 773 609 846 fideliter
635 795 703 866 que
725 774 955 869 spoponderat
973 775 1191 869 adimpleret,
1213 773 1287 869 ipse
1304 773 1458 846 omnium
1482 775 1728 870 promissorum

324 918 394 992 que
409 897 594 991 apostolice
612 895 693 968 Sedi
707 903 741 967 01
758 897 1001 990 crucesignatis
1022 920 1085 993 per
1101 899 1229 970 litteras
1247 919 1328 970 suas
1344 899 1468 970 lecerat
1483 899 1528 972 de
1545 902 1729 995 sponsione

323 1019 490 1114 passagii,
517 1019 784 1091 necessariorum
808 1029 843 1091 et
864 1020 994 1112 victus,
1023 1029 1057 1094 et
1083 1043 1146 1092 sue
1167 1021 1286 1093 salutis
1316 1021 1508 1112 immemor,
1535 1024 1665 1096 tamdiu
1691 1025 1727 1096 18

323 1143 423 1214 estivi
450 1143 594 1215 fervoris
622 1141 783 1215 incendio
811 1143 847 1213 in
872 1145 1012 1238 regione
1036 1145 1154 1216 mortis
1180 1155 1215 1216 et
1243 1145 1332 1216 aeris
1358 1147 1550 1241 corruptela
1580 1147 1727 1221 detinuit

323 1264 511 1337 exercitum
526 1265 767 1356 christianum,
782 1265 878 1358 quod
893 1287 961 1338 808
975 1268 1086 1338 solum
1102 1289 1227 1360 magua
1242 1289 1321 1360 pers
1338 1267 1464 1360 plebis,
1481 1290 1603 1340 verum
1623 1271 1726 1342 etiam

323 1410 392 1460 non
414 1386 551 1460 modica
573 1388 757 1459 multitudo
776 1385 943 1459 nobilium
961 1398 995 1460 01
1015 1398 1213 1482 magnatum
1233 1389 1443 1482 pestilentia,
1470 1389 1544 1460 sitis
1569 1391 1726 1464 ariditate

322 1520 356 1582 et
376 1510 493 1581 multis
511 1509 847 1582 incommoditatibus
865 1509 1047 1606 expiravit.
1068 1514 1157 1582 luter
1172 1533 1260 1605 quos
1279 1512 1479 1584 deiecerunt
1492 1513 1583 1584 hone
1598 1535 1726 1586 memo-

323 1633 372 1704 rie
394 1633 519 1705 unbilis
537 1633 591 1705 vir
612 1633 837 1726 Lantgravius
861 1641 895 1704 et
919 1633 1100 1728 episcopus
1119 1632 1345 1726 Augustensis
1364 1631 1428 1730 (1).
1452 1635 1534 1706 Pars
1554 1657 1637 1708 vero
1656 1659 1724 1708 808

323 1755 462 1828 minima
481 1755 677 1829 infirmitate
695 1765 835 1850 gravata
860 1755 1057 1850 regrediens
1081 1756 1115 1826 iu
1145 1755 1212 1827 viis
1238 1766 1273 1828 01
1296 1756 1410 1847 silvis,
1435 1757 1625 1848 montibus,
1650 1759 1723 1852 pla-

322 1875 470 1950 uitiiset
491 1879 681 1973 speluncis,
706 1879 869 1951 occubuit
887 1879 959 1969 J'am
984 1900 1030 1951 ex
1050 1887 1158 1974 parte.
1181 1881 1269 1950 Sane
1289 1879 1411 1972 reliqui
1430 1879 1493 1950 vix
1510 1879 1723 1975 imperatoris

320 1999 459 2073 obtenta
476 2001 633 2092 licentia,
654 2001 733 2074 licet
749 2004 858 2095 galee,
881 2001 1042 2075 celandre
1059 2022 1100 2072 ac
1121 2021 1228 2072 naves
1250 2001 1456 2073 sufficientes
1478 2003 1524 2075 ad
1542 2003 1721 2074 transitum

320 2123 521 2196 victualium
534 2123 711 2197 homiuum
724 2135 758 2197 et
770 2146 950 2218 equorum,
965 2133 1004 2194 ut
1016 2124 1229 2218 promiserat,
1248 2145 1315 2196 non
1328 2124 1500 2214 adessent,
1517 2124 1652 2195 1810810
1666 2133 1722 2198 ta-

319 2267 399 2318 men
415 2249 609 2320 Natiuitatis
623 2249 722 2320 bcate
738 2245 901 2340 Virginis,
924 2269 1004 2319 cum
1014 2249 1086 2340 jam
1101 2247 1264 2342 temporis
1281 2246 1443 2318 instantia
1458 2245 1664 2337 immineret,
1682 2258 1721 2316 ut

321 2391 462 2442 navesa
480 2371 714 2444 transmarinis
736 2370 890 2465 partibus
914 2367 1102 2464 inciperent
1119 2387 1287 2460 remeare,
1311 2371 1444 2442 sulcare
1458 2369 1566 2442 maria
1582 2370 1721 2442 inchoa·

320 2499 411 2584 runt,
428 2513 542 2588 sepro
556 2495 787 2566 8081801088
803 2492 926 2564 Christi
941 2492 1130 2566 discrimini
1148 2493 1395 2565 committentes
1407 2515 1449 2564 ac
1464 2492 1641 2564 credentes
1655 2494 1719 2564 im·

319 2627 509 2711 peratorem
523 2617 679 2688 cominus
693 2637 812 2688 eorum
824 2613 1008 2707 vestigium
1020 2623 1230 2688 secuturum.
1248 2613 1342 2686 ldem
1357 2637 1440 2687 vero
1450 2615 1626 2687 evacuatis
1641 2635 1719 2709 pro·

318 2739 559 2830 missionibus,
583 2739 693 2835 ruptis
715 2739 865 2810 vinculis
889 2737 1019 2832 quibus
1042 2739 1221 2810 tenebatur
1240 2737 1416 2826 astrictus,
1443 2737 1572 2810 calcato
1599 2737 1719 2808 timorc

319 2861 455 2952 divino,
475 2869 669 2956 contempta
680 2859 869 2934 reverentia
883 2860 962 2930 lesu
978 2859 1118 2949 Christi,
1136 2880 1279 2930 censura
1292 2859 1522 2932 ecclesiastica
1533 2859 1714 2952 vilipensa,

262 3061 263 3064 ,
319 2985 482 3058 derelicto
496 2986 650 3058 exercitu
664 2983 864 3072 christiano,
882 2983 1039 3077 exposita
1059 2981 1256 3055 infidelibus
1276 2992 1363 3054 terra
1384 2989 1518 3072 888018,
1539 2980 1721 3054 devotione

318 3107 437 3202 populi
457 3107 632 3180 christiani
648 3108 797 3200 abjecta,
816 3105 852 3176 iu
870 3127 972 3176 suum
987 3115 1022 3177 01
1039 3105 1143 3176 totius
1159 3105 1414 3176 christianitatis
1428 3104 1648 3199 opprobrium
1663 3125 1717 3176 re·

319 3241 462 3302 trorsum
478 3231 575 3322 abiit,
588 3239 750 3304 attractus
765 3239 799 3300 01
813 3229 946 3300 11100188
959 3227 1006 3299 ad
1022 3237 1202 3300 consuetas
1214 3229 1353 3302 delicias
1365 3227 1463 3320 regni
1475 3227 1542 3318 sui,
1556 3227 1717 3319 abjectio·

318 3373 395 3425 nem
416 3353 470 3424 sui
490 3353 603 3425 cordis
624 3353 754 3426 frivolis
778 3350 1075 3439 excusationibus,
1097 3361 1137 3422 81
1159 3351 1296 3442 dicitur,
1316 3351 1466 3443 gestiens
1488 3351 1640 3446 palliare.
1657 3349 1716 3422 dt·

318 3475 448 3548 tendite
467 3485 502 3548 et
519 3475 635 3549 videte
653 3476 682 3548 si
696 3485 748 3548 est
762 3477 858 3548 dolor
874 3474 963 3545 sicut
978 3473 1076 3545 dolor
1088 3475 1270 3568 apostolice
1284 3474 1383 3548 Sedis
1396 3473 1514 3546 matris
1526 3481 1651 3562 vostre,
1668 3471 1718 3544 sic

317 3598 501 3671 crudeliter
518 3609 553 3672 et
566 3599 665 3671 toties
678 3599 820 3694 decepte
833 3619 854 3670 8
868 3595 938 3667 lilio
951 3617 1054 3689 quem
1068 3597 1265 3687 lactaverat,
1283 3598 1319 3668 in
1334 3618 1405 3690 quo
1417 3598 1589 3670 locaverat
1602 3596 1637 3666 in
1652 3595 1718 3667 hoc

317 3725 405 3794 lacto
418 3721 579 3795 fiduciam
593 3722 666 3818 spei
679 3744 754 3813 sue,
772 3722 808 3793 in
823 3740 928 3814 88081
937 3727 986 3790 101
996 3719 1239 3792 beneficiorum
1249 3720 1497 3792 abundantiam
1511 3719 1714 3804 cumularat,

317 3843 538 3917 ‹hssimulans
551 3845 703 3932 iuterim,
721 3866 765 3916 80
779 3843 958 3916 occasione
971 3843 1111 3914 inventa
1126 3865 1163 3915 se
1178 3852 1345 3916 averteret
1362 3865 1383 3914 a
1401 3851 1489 3914 terre
1503 3849 1618 3913 sancte
1632 3832 1729 3910 sub-¹

316 3968 418 4055 sidia,
428 3969 533 4040 exilia
545 3971 734 4063 presulum,
749 3965 980 4061 spoliationes,
992 3965 1208 4059 captivitates
1216 3975 1251 4037 et
1259 3965 1400 4058 injurias
1413 3963 1618 4058 multiplices
1626 3983 1714 4055 quas

314 4091 468 4163 ecclesiis
481 4101 515 4163 et
528 4091 697 4185 religiosis
710 4100 745 4162 01
758 4087 890 4160 clericis
904 4087 1080 4180 irrogavit,
1090 4096 1124 4160 et
1131 4087 1323 4160 obaudiens
1336 4085 1492 4180 querelas
1507 4083 1714 4179 multiplices

314 4234 505 4307 pauperum
519 4213 736 4308 popularium
752 4222 786 4284 01
801 4209 967 4282 nobilium
984 4210 1180 4303 patrimonii
1192 4207 1344 4282 Ecclesia
1358 4208 1577 4280 clamantium
1595 4213 1712 4278 contra

314 4335 441 4430 ipsum,
465 4359 551 4430 quas
575 4337 733 4409 inaures
758 4333 894 4407 Domini
925 4330 1073 4403 Sabaoth
1099 4332 1272 4405 credimus
1296 4331 1470 4421 introisse,
1497 4339 1531 4402 et
1553 4325 1713 4422 quamvis

349 4603 382 4678 (1)
400 4605 454 4662 1810
464 4605 594 4678 vigesimo
606 4607 684 4664 tertio
698 4607 801 4680 augrrsti
813 4606 999 4664 succubuerat.
1011 4604 1120 4678 legitur
1129 4607 1218 4658 autam
1229 4615 1273 4672 ap.
1287 4600 1364 4657 llatt.
1376 4600 1473 4669 Paria,
1487 4598 1536 4656 sed
1547 4595 1616 4654 male
1628 4613 1636 4652 r
1648 4595 1712 4652 hona

313 4704 440 4760 memoria
452 4705 568 4776 episcopi
580 4702 778 4777 andegavensis
791 4710 817 4760 et
827 4705 1012 4778 augustensis.
