<?xml version="1.0" encoding="UTF-8"?>
<!DOCTYPE html PUBLIC "-//W3C//DTD XHTML 1.0 Transitional//EN"
    "http://www.w3.org/TR/xhtml1/DTD/xhtml1-transitional.dtd">
<html xmlns="http://www.w3.org/1999/xhtml" xml:lang="en" lang="en">
 <head>
  <title>
</title>
<meta http-equiv="Content-Type" content="text/html;charset=utf-8" />
  <meta name='ocr-system' content='tesseract 3.04.00' />
  <meta name='ocr-capabilities' content='ocr_page ocr_carea ocr_par ocr_line ocrx_word'/>
</head>
<body>
  <div class='ocr_page' id='page_1' title='image "./historiadiploma03fredgoog/historiadiploma03fredgoog_0054.png"; bbox 0 0 4602 6084; ppageno 0'>
   <div class='ocr_carea' id='block_1_1' title="bbox 332 649 1732 736">
    <p class='ocr_par' dir='ltr' id='par_1_1' title="bbox 332 649 1732 736">
     <span class='ocr_line' id='line_1_1' title="bbox 332 649 1732 736; baseline 0.003 -24"><span class='ocrx_word' id='word_1_1' title='bbox 332 654 428 714; x_wconf 78' lang='lat' dir='ltr'>laurcr.</span> <span class='ocrx_word' id='word_1_2' title='bbox 446 649 480 736; x_wconf 91' lang='lat'>1.]</span> <span class='ocrx_word' id='word_1_3' title='bbox 783 649 979 710; x_wconf 81' lang='lat' dir='ltr'><strong>HISTORIA</strong></span> <span class='ocrx_word' id='word_1_4' title='bbox 1003 651 1297 714; x_wconf 77' lang='lat' dir='ltr'>utrnottnrlcn.</span> <span class='ocrx_word' id='word_1_5' title='bbox 1694 655 1732 716; x_wconf 75' lang='lat'>41</span> 
     </span>
    </p>
   </div>
   <div class='ocr_carea' id='block_1_2' title="bbox 332 784 1737 3960">
    <p class='ocr_par' dir='ltr' id='par_1_2' title="bbox 332 784 1737 3960">
     <span class='ocr_line' id='line_1_2' title="bbox 332 784 1733 882; baseline 0.001 -24"><span class='ocrx_word' id='word_1_6' title='bbox 332 787 516 860; x_wconf 79' lang='lat' dir='ltr'>domicum</span> <span class='ocrx_word' id='word_1_7' title='bbox 533 786 586 882; x_wconf 89' lang='lat' dir='ltr'>(l)</span> <span class='ocrx_word' id='word_1_8' title='bbox 607 784 743 859; x_wconf 87' lang='lat' dir='ltr'>fidelem</span> <span class='ocrx_word' id='word_1_9' title='bbox 767 793 921 857; x_wconf 87' lang='lat' dir='ltr'>nostrum</span> <span class='ocrx_word' id='word_1_10' title='bbox 942 807 1021 858; x_wconf 92' lang='lat' dir='ltr'>cnm</span> <span class='ocrx_word' id='word_1_11' title='bbox 1042 787 1100 857; x_wconf 90' lang='lat' dir='ltr'>XL</span> <span class='ocrx_word' id='word_1_12' title='bbox 1118 786 1226 881; x_wconf 80' lang='lat' dir='ltr'>galeis</span> <span class='ocrx_word' id='word_1_13' title='bbox 1244 807 1307 882; x_wconf 94' lang='lat' dir='ltr'>pro</span> <span class='ocrx_word' id='word_1_14' title='bbox 1331 785 1440 881; x_wconf 88' lang='lat' dir='ltr'>ipsius</span> <span class='ocrx_word' id='word_1_15' title='bbox 1461 795 1549 860; x_wconf 86' lang='lat' dir='ltr'>terre</span> <span class='ocrx_word' id='word_1_16' title='bbox 1567 809 1733 860; x_wconf 82' lang='lat' dir='ltr'><strong>succursu</strong></span> 
     </span>
     <span class='ocr_line' id='line_1_3' title="bbox 332 907 1730 1006; baseline 0.003 -26"><span class='ocrx_word' id='word_1_17' title='bbox 332 911 550 984; x_wconf 82' lang='lat' dir='ltr'><strong>laudabiliter</strong></span> <span class='ocrx_word' id='word_1_18' title='bbox 565 921 600 982; x_wconf 89' lang='lat' dir='ltr'>et</span> <span class='ocrx_word' id='word_1_19' title='bbox 616 907 797 1003; x_wconf 80' lang='lat' dir='ltr'>magnilica</span> <span class='ocrx_word' id='word_1_20' title='bbox 811 907 1017 1000; x_wconf 63' lang='lat' dir='ltr'>dirigentem</span> <span class='ocrx_word' id='word_1_21' title='bbox 1040 910 1102 1003; x_wconf 91' lang='lat' dir='ltr'>qui</span> <span class='ocrx_word' id='word_1_22' title='bbox 1127 910 1309 983; x_wconf 88' lang='lat' dir='ltr'>salubriter</span> <span class='ocrx_word' id='word_1_23' title='bbox 1326 911 1504 1006; x_wconf 81' lang='lat' dir='ltr'>applicans</span> <span class='ocrx_word' id='word_1_24' title='bbox 1519 912 1730 1000; x_wconf 85' lang='lat' dir='ltr'>Damiatam,</span> 
     </span>
     <span class='ocr_line' id='line_1_4' title="bbox 332 1032 1734 1130; baseline 0.002 -24"><span class='ocrx_word' id='word_1_25' title='bbox 332 1043 366 1106; x_wconf 89' lang='lat' dir='ltr'>et</span> <span class='ocrx_word' id='word_1_26' title='bbox 391 1033 546 1106; x_wconf 89' lang='lat' dir='ltr'>exercitu</span> <span class='ocrx_word' id='word_1_27' title='bbox 570 1054 639 1105; x_wconf 93' lang='lat' dir='ltr'>non</span> <span class='ocrx_word' id='word_1_28' title='bbox 662 1032 823 1122; x_wconf 88' lang='lat' dir='ltr'>invento,</span> <span class='ocrx_word' id='word_1_29' title='bbox 846 1032 928 1124; x_wconf 90' lang='lat' dir='ltr'>quia</span> <span class='ocrx_word' id='word_1_30' title='bbox 956 1043 1131 1126; x_wconf 79' lang='lat' dir='ltr'>receperat</span> <span class='ocrx_word' id='word_1_31' title='bbox 1156 1035 1192 1104; x_wconf 94' lang='lat' dir='ltr'>in</span> <span class='ocrx_word' id='word_1_32' title='bbox 1211 1033 1382 1107; x_wconf 91' lang='lat' dir='ltr'>mandatis</span> <span class='ocrx_word' id='word_1_33' title='bbox 1407 1057 1429 1107; x_wconf 94' lang='lat' dir='ltr'>a</span> <span class='ocrx_word' id='word_1_34' title='bbox 1448 1035 1547 1107; x_wconf 87' lang='lat' dir='ltr'>nobis</span> <span class='ocrx_word' id='word_1_35' title='bbox 1565 1045 1604 1108; x_wconf 93' lang='lat' dir='ltr'>ut</span> <span class='ocrx_word' id='word_1_36' title='bbox 1622 1037 1734 1130; x_wconf 63' lang='lat' dir='ltr'>legato</span> 
     </span>
     <span class='ocr_line' id='line_1_5' title="bbox 332 1154 1737 1252; baseline 0.001 -22"><span class='ocrx_word' id='word_1_37' title='bbox 332 1157 431 1230; x_wconf 90' lang='lat' dir='ltr'>Sedis</span> <span class='ocrx_word' id='word_1_38' title='bbox 453 1157 638 1252; x_wconf 89' lang='lat' dir='ltr'>apostolice</span> <span class='ocrx_word' id='word_1_39' title='bbox 659 1156 721 1249; x_wconf 85' lang='lat' dir='ltr'>qui</span> <span class='ocrx_word' id='word_1_40' title='bbox 740 1154 906 1226; x_wconf 87' lang='lat' dir='ltr'>exercitui</span> <span class='ocrx_word' id='word_1_41' title='bbox 929 1165 1062 1250; x_wconf 89' lang='lat' dir='ltr'>preerat</span> <span class='ocrx_word' id='word_1_42' title='bbox 1082 1178 1192 1250; x_wconf 89' lang='lat' dir='ltr'>nsque</span> <span class='ocrx_word' id='word_1_43' title='bbox 1213 1157 1260 1230; x_wconf 91' lang='lat' dir='ltr'>ad</span> <span class='ocrx_word' id='word_1_44' title='bbox 1282 1157 1415 1229; x_wconf 82' lang='lat' dir='ltr'>felicem</span> <span class='ocrx_word' id='word_1_45' title='bbox 1438 1158 1625 1230; x_wconf 87' lang='lat' dir='ltr'>adventurn</span> <span class='ocrx_word' id='word_1_46' title='bbox 1651 1181 1737 1232; x_wconf 91' lang='lat' dir='ltr'>nos-</span> 
     </span>
     <span class='ocr_line' id='line_1_6' title="bbox 333 1277 1735 1374; baseline 0.001 -22"><span class='ocrx_word' id='word_1_47' title='bbox 333 1291 422 1353; x_wconf 91' lang='lat' dir='ltr'>trum</span> <span class='ocrx_word' id='word_1_48' title='bbox 439 1279 630 1353; x_wconf 80' lang='lat' dir='ltr'>intenderet</span> <span class='ocrx_word' id='word_1_49' title='bbox 645 1289 679 1352; x_wconf 95' lang='lat' dir='ltr'>et</span> <span class='ocrx_word' id='word_1_50' title='bbox 702 1289 854 1374; x_wconf 84' lang='lat' dir='ltr'>pareret,</span> <span class='ocrx_word' id='word_1_51' title='bbox 881 1277 1042 1351; x_wconf 92' lang='lat' dir='ltr'>deorsum</span> <span class='ocrx_word' id='word_1_52' title='bbox 1067 1301 1129 1374; x_wconf 90' lang='lat' dir='ltr'>per</span> <span class='ocrx_word' id='word_1_53' title='bbox 1150 1280 1278 1352; x_wconf 87' lang='lat' dir='ltr'>llnmen</span> <span class='ocrx_word' id='word_1_54' title='bbox 1303 1303 1381 1352; x_wconf 89' lang='lat' dir='ltr'>cnm</span> <span class='ocrx_word' id='word_1_55' title='bbox 1404 1281 1512 1372; x_wconf 79' lang='lat' dir='ltr'>galeis</span> <span class='ocrx_word' id='word_1_56' title='bbox 1532 1281 1577 1354; x_wconf 93' lang='lat' dir='ltr'>ad</span> <span class='ocrx_word' id='word_1_57' title='bbox 1602 1283 1735 1354; x_wconf 86' lang='lat' dir='ltr'>exerci-</span> 
     </span>
     <span class='ocr_line' id='line_1_7' title="bbox 335 1401 1736 1498; baseline 0.001 -23"><span class='ocrx_word' id='word_1_58' title='bbox 335 1415 406 1475; x_wconf 90' lang='lat' dir='ltr'>tum</span> <span class='ocrx_word' id='word_1_59' title='bbox 430 1403 652 1498; x_wconf 75' lang='lat' dir='ltr'>properabat,</span> <span class='ocrx_word' id='word_1_60' title='bbox 677 1402 736 1474; x_wconf 93' lang='lat' dir='ltr'>ubi</span> <span class='ocrx_word' id='word_1_61' title='bbox 760 1401 1018 1474; x_wconf 87' lang='lat' dir='ltr'>occurrentibus</span> <span class='ocrx_word' id='word_1_62' title='bbox 1035 1403 1067 1473; x_wconf 90' lang='lat' dir='ltr'>ei</span> <span class='ocrx_word' id='word_1_63' title='bbox 1087 1402 1224 1474; x_wconf 90' lang='lat' dir='ltr'>nunciis</span> <span class='ocrx_word' id='word_1_64' title='bbox 1245 1404 1364 1496; x_wconf 82' lang='lat' dir='ltr'>legati,</span> <span class='ocrx_word' id='word_1_65' title='bbox 1385 1404 1556 1496; x_wconf 78' lang='lat' dir='ltr'>magistris</span> <span class='ocrx_word' id='word_1_66' title='bbox 1574 1405 1736 1477; x_wconf 88' lang='lat' dir='ltr'>videlicet</span> 
     </span>
     <span class='ocr_line' id='line_1_8' title="bbox 334 1525 1736 1620; baseline 0.002 -22"><span class='ocrx_word' id='word_1_67' title='bbox 334 1526 456 1599; x_wconf 87' lang='lat' dir='ltr'>domus</span> <span class='ocrx_word' id='word_1_68' title='bbox 476 1525 601 1598; x_wconf 91' lang='lat' dir='ltr'>milicie</span> <span class='ocrx_word' id='word_1_69' title='bbox 618 1525 748 1620; x_wconf 79' lang='lat' dir='ltr'>Templi</span> <span class='ocrx_word' id='word_1_70' title='bbox 773 1533 807 1596; x_wconf 91' lang='lat' dir='ltr'>et</span> <span class='ocrx_word' id='word_1_71' title='bbox 830 1525 954 1596; x_wconf 88' lang='lat' dir='ltr'>domus</span> <span class='ocrx_word' id='word_1_72' title='bbox 979 1527 1101 1597; x_wconf 89' lang='lat' dir='ltr'>Sancte</span> <span class='ocrx_word' id='word_1_73' title='bbox 1126 1525 1233 1598; x_wconf 84' lang='lat' dir='ltr'>Maria</span> <span class='ocrx_word' id='word_1_74' title='bbox 1251 1526 1532 1599; x_wconf 72' lang='lat' dir='ltr'>&#39;theotonicorum</span> <span class='ocrx_word' id='word_1_75' title='bbox 1559 1539 1595 1599; x_wconf 91' lang='lat' dir='ltr'>et</span> <span class='ocrx_word' id='word_1_76' title='bbox 1613 1529 1736 1601; x_wconf 89' lang='lat' dir='ltr'>comite</span> 
     </span>
     <span class='ocr_line' id='line_1_9' title="bbox 334 1647 1736 1746; baseline 0 -23"><span class='ocrx_word' id='word_1_77' title='bbox 334 1650 379 1723; x_wconf 93' lang='lat' dir='ltr'>de</span> <span class='ocrx_word' id='word_1_78' title='bbox 397 1650 505 1744; x_wconf 83' lang='lat' dir='ltr'>Percy</span> <span class='ocrx_word' id='word_1_79' title='bbox 528 1649 576 1746; x_wconf 81' lang='lat' dir='ltr'>(a)</span> <span class='ocrx_word' id='word_1_80' title='bbox 598 1658 633 1722; x_wconf 91' lang='lat' dir='ltr'>et</span> <span class='ocrx_word' id='word_1_81' title='bbox 657 1669 704 1720; x_wconf 85' lang='lat' dir='ltr'>ex</span> <span class='ocrx_word' id='word_1_82' title='bbox 728 1656 825 1742; x_wconf 86' lang='lat' dir='ltr'>parte</span> <span class='ocrx_word' id='word_1_83' title='bbox 850 1647 952 1741; x_wconf 75' lang='lat' dir='ltr'>legati</span> <span class='ocrx_word' id='word_1_84' title='bbox 983 1648 1250 1742; x_wconf 83' lang='lat' dir='ltr'>precipientibus</span> <span class='ocrx_word' id='word_1_85' title='bbox 1279 1658 1317 1720; x_wconf 91' lang='lat' dir='ltr'>ut</span> <span class='ocrx_word' id='word_1_86' title='bbox 1345 1649 1489 1740; x_wconf 86' lang='lat' dir='ltr'>rediret,</span> <span class='ocrx_word' id='word_1_87' title='bbox 1523 1651 1626 1722; x_wconf 90' lang='lat' dir='ltr'>rediit</span> <span class='ocrx_word' id='word_1_88' title='bbox 1656 1673 1736 1723; x_wconf 93' lang='lat' dir='ltr'>cum</span> 
     </span>
     <span class='ocr_line' id='line_1_10' title="bbox 333 1772 1736 1869; baseline 0 -23"><span class='ocrx_word' id='word_1_89' title='bbox 333 1773 463 1847; x_wconf 90' lang='lat' dir='ltr'>eisdem</span> <span class='ocrx_word' id='word_1_90' title='bbox 480 1774 541 1869; x_wconf 93' lang='lat' dir='ltr'>qui</span> <span class='ocrx_word' id='word_1_91' title='bbox 558 1775 604 1848; x_wconf 91' lang='lat' dir='ltr'>ad</span> <span class='ocrx_word' id='word_1_92' title='bbox 620 1774 687 1846; x_wconf 91' lang='lat' dir='ltr'>boc</span> <span class='ocrx_word' id='word_1_93' title='bbox 700 1781 867 1844; x_wconf 91' lang='lat' dir='ltr'>venerant</span> <span class='ocrx_word' id='word_1_94' title='bbox 881 1780 920 1842; x_wconf 93' lang='lat' dir='ltr'>ut</span> <span class='ocrx_word' id='word_1_95' title='bbox 932 1793 995 1866; x_wconf 92' lang='lat' dir='ltr'>pro</span> <span class='ocrx_word' id='word_1_96' title='bbox 1008 1772 1210 1844; x_wconf 88' lang='lat' dir='ltr'>liberatione</span> <span class='ocrx_word' id='word_1_97' title='bbox 1225 1773 1440 1867; x_wconf 89' lang='lat' dir='ltr'>captivorum</span> <span class='ocrx_word' id='word_1_98' title='bbox 1451 1773 1736 1847; x_wconf 88' lang='lat' dir='ltr'>Soldauoredde·</span> 
     </span>
     <span class='ocr_line' id='line_1_11' title="bbox 333 1895 1735 1991; baseline -0.001 -21"><span class='ocrx_word' id='word_1_99' title='bbox 333 1906 409 1970; x_wconf 88' lang='lat' dir='ltr'>rent</span> <span class='ocrx_word' id='word_1_100' title='bbox 430 1898 620 1987; x_wconf 80' lang='lat' dir='ltr'>civitatem3</span> <span class='ocrx_word' id='word_1_101' title='bbox 641 1917 711 1991; x_wconf 90' lang='lat' dir='ltr'>que</span> <span class='ocrx_word' id='word_1_102' title='bbox 733 1895 768 1966; x_wconf 90' lang='lat' dir='ltr'>iu</span> <span class='ocrx_word' id='word_1_103' title='bbox 790 1896 884 1967; x_wconf 92' lang='lat' dir='ltr'>bunc</span> <span class='ocrx_word' id='word_1_104' title='bbox 907 1895 1051 1966; x_wconf 91' lang='lat' dir='ltr'>modum</span> <span class='ocrx_word' id='word_1_105' title='bbox 1073 1895 1198 1967; x_wconf 89' lang='lat' dir='ltr'>amissa</span> <span class='ocrx_word' id='word_1_106' title='bbox 1224 1895 1356 1983; x_wconf 86' lang='lat' dir='ltr'>extitit,</span> <span class='ocrx_word' id='word_1_107' title='bbox 1389 1917 1457 1967; x_wconf 93' lang='lat' dir='ltr'>uon</span> <span class='ocrx_word' id='word_1_108' title='bbox 1483 1917 1530 1966; x_wconf 90' lang='lat' dir='ltr'>ex</span> <span class='ocrx_word' id='word_1_109' title='bbox 1555 1897 1735 1970; x_wconf 86' lang='lat' dir='ltr'>interdictu</span> 
     </span>
     <span class='ocr_line' id='line_1_12' title="bbox 332 2015 1736 2114; baseline -0.001 -21"><span class='ocrx_word' id='word_1_110' title='bbox 332 2021 426 2114; x_wconf 88' lang='lat' dir='ltr'>quod</span> <span class='ocrx_word' id='word_1_111' title='bbox 448 2019 706 2093; x_wconf 85' lang='lat' dir='ltr'>inventionibus</span> <span class='ocrx_word' id='word_1_112' title='bbox 733 2017 833 2090; x_wconf 90' lang='lat' dir='ltr'>novis</span> <span class='ocrx_word' id='word_1_113' title='bbox 859 2015 906 2113; x_wconf 84' lang='lat' dir='ltr'>(l)</span> <span class='ocrx_word' id='word_1_114' title='bbox 933 2017 1123 2092; x_wconf 88' lang='lat' dir='ltr'>adstruitur</span> <span class='ocrx_word' id='word_1_115' title='bbox 1149 2019 1195 2090; x_wconf 89' lang='lat' dir='ltr'>de</span> <span class='ocrx_word' id='word_1_116' title='bbox 1219 2018 1421 2089; x_wconf 89' lang='lat' dir='ltr'>inhibitione</span> <span class='ocrx_word' id='word_1_117' title='bbox 1449 2019 1639 2090; x_wconf 83' lang='lat' dir='ltr'>concambii</span> <span class='ocrx_word' id='word_1_118' title='bbox 1672 2021 1736 2092; x_wconf 86' lang='lat' dir='ltr'>lla·</span> 
     </span>
     <span class='ocr_line' id='line_1_13' title="bbox 332 2141 1737 2239; baseline -0.002 -22"><span class='ocrx_word' id='word_1_119' title='bbox 332 2145 434 2217; x_wconf 90' lang='lat' dir='ltr'>miate</span> <span class='ocrx_word' id='word_1_120' title='bbox 457 2165 518 2239; x_wconf 92' lang='lat' dir='ltr'>per</span> <span class='ocrx_word' id='word_1_121' title='bbox 534 2143 664 2217; x_wconf 86' lang='lat' dir='ltr'>litteras</span> <span class='ocrx_word' id='word_1_122' title='bbox 682 2153 815 2214; x_wconf 89' lang='lat' dir='ltr'>nostras</span> <span class='ocrx_word' id='word_1_123' title='bbox 839 2141 946 2213; x_wconf 86' lang='lat' dir='ltr'>luisse</span> <span class='ocrx_word' id='word_1_124' title='bbox 965 2141 1220 2232; x_wconf 89' lang='lat' dir='ltr'>transmissum,</span> <span class='ocrx_word' id='word_1_125' title='bbox 1237 2141 1321 2235; x_wconf 90' lang='lat' dir='ltr'>quia</span> <span class='ocrx_word' id='word_1_126' title='bbox 1340 2162 1408 2213; x_wconf 94' lang='lat' dir='ltr'>non</span> <span class='ocrx_word' id='word_1_127' title='bbox 1428 2151 1480 2212; x_wconf 90' lang='lat' dir='ltr'>est</span> <span class='ocrx_word' id='word_1_128' title='bbox 1497 2142 1682 2215; x_wconf 88' lang='lat' dir='ltr'>verisimile</span> <span class='ocrx_word' id='word_1_129' title='bbox 1698 2153 1737 2214; x_wconf 90' lang='lat' dir='ltr'>ut</span> 
     </span>
     <span class='ocr_line' id='line_1_14' title="bbox 332 2263 1735 2362; baseline -0.002 -24"><span class='ocrx_word' id='word_1_130' title='bbox 332 2268 393 2362; x_wconf 91' lang='lat' dir='ltr'>qui</span> <span class='ocrx_word' id='word_1_131' title='bbox 412 2267 458 2340; x_wconf 93' lang='lat' dir='ltr'>ad</span> <span class='ocrx_word' id='word_1_132' title='bbox 476 2267 690 2340; x_wconf 88' lang='lat' dir='ltr'>liberandam</span> <span class='ocrx_word' id='word_1_133' title='bbox 711 2273 835 2338; x_wconf 91' lang='lat' dir='ltr'>terram</span> <span class='ocrx_word' id='word_1_134' title='bbox 853 2271 1006 2336; x_wconf 69' lang='lat' dir='ltr'>sancum</span> <span class='ocrx_word' id='word_1_135' title='bbox 1024 2264 1187 2358; x_wconf 87' lang='lat' dir='ltr'>expensis</span> <span class='ocrx_word' id='word_1_136' title='bbox 1211 2263 1401 2336; x_wconf 91' lang='lat' dir='ltr'>innumeris</span> <span class='ocrx_word' id='word_1_137' title='bbox 1422 2273 1457 2336; x_wconf 90' lang='lat' dir='ltr'>et</span> <span class='ocrx_word' id='word_1_138' title='bbox 1477 2264 1643 2337; x_wconf 90' lang='lat' dir='ltr'>immensa</span> <span class='ocrx_word' id='word_1_139' title='bbox 1662 2265 1735 2338; x_wconf 90' lang='lat' dir='ltr'>sol-</span> 
     </span>
     <span class='ocr_line' id='line_1_15' title="bbox 333 2385 1736 2482; baseline 0 -22"><span class='ocrx_word' id='word_1_140' title='bbox 333 2389 511 2462; x_wconf 90' lang='lat' dir='ltr'>licitudine</span> <span class='ocrx_word' id='word_1_141' title='bbox 538 2389 787 2479; x_wconf 88' lang='lat' dir='ltr'>laboravimus,</span> <span class='ocrx_word' id='word_1_142' title='bbox 821 2385 1041 2459; x_wconf 89' lang='lat' dir='ltr'>interdictum</span> <span class='ocrx_word' id='word_1_143' title='bbox 1068 2386 1260 2459; x_wconf 86' lang='lat' dir='ltr'>concambii</span> <span class='ocrx_word' id='word_1_144' title='bbox 1288 2407 1351 2482; x_wconf 90' lang='lat' dir='ltr'>per</span> <span class='ocrx_word' id='word_1_145' title='bbox 1378 2387 1473 2480; x_wconf 89' lang='lat' dir='ltr'>quod</span> <span class='ocrx_word' id='word_1_146' title='bbox 1499 2397 1636 2482; x_wconf 91' lang='lat' dir='ltr'>optatus</span> <span class='ocrx_word' id='word_1_147' title='bbox 1658 2387 1736 2460; x_wconf 87' lang='lat' dir='ltr'>finis</span> 
     </span>
     <span class='ocr_line' id='line_1_16' title="bbox 332 2507 1735 2586; baseline -0.001 -2"><span class='ocrx_word' id='word_1_148' title='bbox 332 2521 447 2586; x_wconf 89' lang='lat' dir='ltr'>nostre</span> <span class='ocrx_word' id='word_1_149' title='bbox 470 2511 692 2586; x_wconf 86' lang='lat' dir='ltr'>sollicitudini</span> <span class='ocrx_word' id='word_1_150' title='bbox 717 2519 752 2582; x_wconf 91' lang='lat' dir='ltr'>et</span> <span class='ocrx_word' id='word_1_151' title='bbox 778 2509 953 2583; x_wconf 87' lang='lat' dir='ltr'>laboribus</span> <span class='ocrx_word' id='word_1_152' title='bbox 977 2509 1174 2583; x_wconf 88' lang='lat' dir='ltr'>advenisset</span> <span class='ocrx_word' id='word_1_153' title='bbox 1199 2509 1232 2582; x_wconf 89' lang='lat' dir='ltr'>ai</span> <span class='ocrx_word' id='word_1_154' title='bbox 1255 2507 1339 2582; x_wconf 79' lang='lat' dir='ltr'>&#39;llari</span> <span class='ocrx_word' id='word_1_155' title='bbox 1370 2510 1641 2584; x_wconf 80' lang='lat' dir='ltr'>mandaremus·</span> <span class='ocrx_word' id='word_1_156' title='bbox 1664 2513 1735 2584; x_wconf 88' lang='lat' dir='ltr'>Nos</span> 
     </span>
     <span class='ocr_line' id='line_1_17' title="bbox 332 2632 1735 2733; baseline -0.003 -23"><span class='ocrx_word' id='word_1_157' title='bbox 332 2646 445 2710; x_wconf 88' lang='lat' dir='ltr'>autem</span> <span class='ocrx_word' id='word_1_158' title='bbox 467 2637 616 2733; x_wconf 88' lang='lat' dir='ltr'>acceptis</span> <span class='ocrx_word' id='word_1_159' title='bbox 633 2645 703 2708; x_wconf 89' lang='lat' dir='ltr'>tam</span> <span class='ocrx_word' id='word_1_160' title='bbox 724 2633 918 2706; x_wconf 79' lang='lat' dir='ltr'>infelicibus</span> <span class='ocrx_word' id='word_1_161' title='bbox 937 2633 982 2706; x_wconf 95' lang='lat' dir='ltr'>de</span> <span class='ocrx_word' id='word_1_162' title='bbox 1001 2633 1184 2705; x_wconf 87' lang='lat' dir='ltr'>amissione</span> <span class='ocrx_word' id='word_1_163' title='bbox 1200 2632 1356 2706; x_wconf 88' lang='lat' dir='ltr'>Damiate</span> <span class='ocrx_word' id='word_1_164' title='bbox 1372 2633 1584 2723; x_wconf 89' lang='lat' dir='ltr'>rumoribus,</span> <span class='ocrx_word' id='word_1_165' title='bbox 1608 2643 1735 2706; x_wconf 89' lang='lat' dir='ltr'>uttam</span> 
     </span>
     <span class='ocr_line' id='line_1_18' title="bbox 332 2749 1736 2855; baseline -0.003 -22"><span class='ocrx_word' id='word_1_166' title='bbox 332 2761 462 2833; x_wconf 90' lang='lat' dir='ltr'>enormi</span> <span class='ocrx_word' id='word_1_167' title='bbox 489 2761 640 2855; x_wconf 92' lang='lat' dir='ltr'>dampno</span> <span class='ocrx_word' id='word_1_168' title='bbox 668 2779 848 2854; x_wconf 82' lang='lat' dir='ltr'>possemrm</span> <span class='ocrx_word' id='word_1_169' title='bbox 878 2755 1150 2852; x_wconf 85' lang='lat' dir='ltr'>competentibus</span> <span class='ocrx_word' id='word_1_170' title='bbox 1178 2755 1339 2828; x_wconf 88' lang='lat' dir='ltr'>remediis</span> <span class='ocrx_word' id='word_1_171' title='bbox 1364 2756 1524 2847; x_wconf 90' lang='lat' dir='ltr'>obviare,</span> <span class='ocrx_word' id='word_1_172' title='bbox 1562 2749 1736 2851; x_wconf 83' lang='lat' dir='ltr'>premissis</span> 
     </span>
     <span class='ocr_line' id='line_1_19' title="bbox 332 2879 1735 2978; baseline -0.003 -22"><span class='ocrx_word' id='word_1_173' title='bbox 332 2883 378 2956; x_wconf 90' lang='lat' dir='ltr'>ad</span> <span class='ocrx_word' id='word_1_174' title='bbox 399 2883 523 2956; x_wconf 89' lang='lat' dir='ltr'>Sedem</span> <span class='ocrx_word' id='word_1_175' title='bbox 545 2881 765 2978; x_wconf 86' lang='lat' dir='ltr'>apostolicam</span> <span class='ocrx_word' id='word_1_176' title='bbox 789 2880 919 2952; x_wconf 90' lang='lat' dir='ltr'>nuntiis</span> <span class='ocrx_word' id='word_1_177' title='bbox 941 2879 988 2952; x_wconf 93' lang='lat' dir='ltr'>ad</span> <span class='ocrx_word' id='word_1_178' title='bbox 1012 2879 1220 2973; x_wconf 88' lang='lat' dir='ltr'>colloquium</span> <span class='ocrx_word' id='word_1_179' title='bbox 1243 2879 1338 2975; x_wconf 90' lang='lat' dir='ltr'>apud</span> <span class='ocrx_word' id='word_1_180' title='bbox 1362 2881 1505 2952; x_wconf 82' lang='lat' dir='ltr'>Verulae</span> <span class='ocrx_word' id='word_1_181' title='bbox 1525 2901 1603 2952; x_wconf 91' lang='lat' dir='ltr'>cnm</span> <span class='ocrx_word' id='word_1_182' title='bbox 1627 2880 1735 2952; x_wconf 83' lang='lat' dir='ltr'>felicis</span> 
     </span>
     <span class='ocr_line' id='line_1_20' title="bbox 332 3001 1733 3100; baseline -0.001 -22"><span class='ocrx_word' id='word_1_183' title='bbox 332 3005 576 3079; x_wconf 88' lang='lat' dir='ltr'>recordatiouis</span> <span class='ocrx_word' id='word_1_184' title='bbox 604 3003 794 3078; x_wconf 89' lang='lat' dir='ltr'>reverendo</span> <span class='ocrx_word' id='word_1_185' title='bbox 822 3024 912 3100; x_wconf 89' lang='lat' dir='ltr'>papa</span> <span class='ocrx_word' id='word_1_186' title='bbox 944 3003 1092 3076; x_wconf 87' lang='lat' dir='ltr'>Honorio</span> <span class='ocrx_word' id='word_1_187' title='bbox 1123 3023 1185 3097; x_wconf 92' lang='lat' dir='ltr'>pro</span> <span class='ocrx_word' id='word_1_188' title='bbox 1214 3001 1431 3096; x_wconf 88' lang='lat' dir='ltr'>disponendo</span> <span class='ocrx_word' id='word_1_189' title='bbox 1458 3011 1492 3075; x_wconf 87' lang='lat' dir='ltr'>et</span> <span class='ocrx_word' id='word_1_190' title='bbox 1516 3003 1733 3076; x_wconf 89' lang='lat' dir='ltr'>relormaudo</span> 
     </span>
     <span class='ocr_line' id='line_1_21' title="bbox 332 3125 1732 3224; baseline -0.002 -22"><span class='ocrx_word' id='word_1_191' title='bbox 332 3129 491 3224; x_wconf 79' lang='lat' dir='ltr'>passagio</span> <span class='ocrx_word' id='word_1_192' title='bbox 506 3129 755 3202; x_wconf 88' lang='lat' dir='ltr'>maturavimus</span> <span class='ocrx_word' id='word_1_193' title='bbox 776 3127 977 3216; x_wconf 87' lang='lat' dir='ltr'>convenire,</span> <span class='ocrx_word' id='word_1_194' title='bbox 1001 3127 1061 3198; x_wconf 94' lang='lat' dir='ltr'>ubi</span> <span class='ocrx_word' id='word_1_195' title='bbox 1081 3126 1126 3199; x_wconf 90' lang='lat' dir='ltr'>de</span> <span class='ocrx_word' id='word_1_196' title='bbox 1140 3125 1236 3198; x_wconf 91' lang='lat' dir='ltr'>curin</span> <span class='ocrx_word' id='word_1_197' title='bbox 1255 3127 1389 3198; x_wconf 86' lang='lat' dir='ltr'>Verona</span> <span class='ocrx_word' id='word_1_198' title='bbox 1403 3125 1606 3219; x_wconf 89' lang='lat' dir='ltr'>dispositum</span> <span class='ocrx_word' id='word_1_199' title='bbox 1624 3137 1676 3200; x_wconf 89' lang='lat' dir='ltr'>est</span> <span class='ocrx_word' id='word_1_200' title='bbox 1688 3125 1732 3224; x_wconf 84' lang='lat' dir='ltr'>(c)</span> 
     </span>
     <span class='ocr_line' id='line_1_22' title="bbox 332 3249 1733 3346; baseline -0.001 -22"><span class='ocrx_word' id='word_1_201' title='bbox 332 3273 401 3346; x_wconf 90' lang='lat' dir='ltr'>que</span> <span class='ocrx_word' id='word_1_202' title='bbox 423 3273 505 3324; x_wconf 88' lang='lat' dir='ltr'>casu</span> <span class='ocrx_word' id='word_1_203' title='bbox 524 3251 662 3323; x_wconf 78' lang='lat' dir='ltr'>fortuito</span> <span class='ocrx_word' id='word_1_204' title='bbox 682 3249 797 3323; x_wconf 84' lang='lat' dir='ltr'>extitit</span> <span class='ocrx_word' id='word_1_205' title='bbox 815 3249 993 3344; x_wconf 89' lang='lat' dir='ltr'>impedita.</span> <span class='ocrx_word' id='word_1_206' title='bbox 1016 3249 1095 3320; x_wconf 85' lang='lat' dir='ltr'>Post</span> <span class='ocrx_word' id='word_1_207' title='bbox 1115 3249 1269 3344; x_wconf 89' lang='lat' dir='ltr'>elapsum</span> <span class='ocrx_word' id='word_1_208' title='bbox 1297 3249 1459 3344; x_wconf 88' lang='lat' dir='ltr'>temporis</span> <span class='ocrx_word' id='word_1_209' title='bbox 1481 3249 1629 3345; x_wconf 91' lang='lat' dir='ltr'>spatium</span> <span class='ocrx_word' id='word_1_210' title='bbox 1652 3271 1733 3322; x_wconf 90' lang='lat' dir='ltr'>cum</span> 
     </span>
     <span class='ocr_line' id='line_1_23' title="bbox 332 3371 1732 3470; baseline -0.002 -21"><span class='ocrx_word' id='word_1_211' title='bbox 332 3376 453 3449; x_wconf 89' lang='lat' dir='ltr'>eodem</span> <span class='ocrx_word' id='word_1_212' title='bbox 472 3373 658 3470; x_wconf 84' lang='lat' dir='ltr'>apostolico</span> <span class='ocrx_word' id='word_1_213' title='bbox 676 3373 771 3469; x_wconf 90' lang='lat' dir='ltr'>apud</span> <span class='ocrx_word' id='word_1_214' title='bbox 793 3373 1011 3446; x_wconf 86' lang='lat' dir='ltr'>Ferentinum</span> <span class='ocrx_word' id='word_1_215' title='bbox 1029 3371 1167 3466; x_wconf 77' lang='lat' dir='ltr'>negotio</span> <span class='ocrx_word' id='word_1_216' title='bbox 1187 3372 1350 3465; x_wconf 81' lang='lat' dir='ltr'>exigente</span> <span class='ocrx_word' id='word_1_217' title='bbox 1364 3372 1605 3462; x_wconf 88' lang='lat' dir='ltr'>convenimus,</span> <span class='ocrx_word' id='word_1_218' title='bbox 1629 3381 1664 3445; x_wconf 90' lang='lat' dir='ltr'>et</span> <span class='ocrx_word' id='word_1_219' title='bbox 1685 3373 1732 3446; x_wconf 94' lang='lat' dir='ltr'>ad</span> 
     </span>
     <span class='ocr_line' id='line_1_24' title="bbox 333 3495 1732 3592; baseline -0.001 -22"><span class='ocrx_word' id='word_1_220' title='bbox 333 3497 602 3570; x_wconf 83' lang='lat' dir='ltr'>exhortationem</span> <span class='ocrx_word' id='word_1_221' title='bbox 629 3505 664 3568; x_wconf 92' lang='lat' dir='ltr'>et</span> <span class='ocrx_word' id='word_1_222' title='bbox 683 3495 869 3592; x_wconf 89' lang='lat' dir='ltr'>apostoliea</span> <span class='ocrx_word' id='word_1_223' title='bbox 893 3496 1022 3568; x_wconf 88' lang='lat' dir='ltr'>monita</span> <span class='ocrx_word' id='word_1_224' title='bbox 1045 3517 1108 3592; x_wconf 96' lang='lat' dir='ltr'>pro</span> <span class='ocrx_word' id='word_1_225' title='bbox 1132 3496 1187 3568; x_wconf 90' lang='lat' dir='ltr'>bis</span> <span class='ocrx_word' id='word_1_226' title='bbox 1208 3517 1278 3590; x_wconf 90' lang='lat' dir='ltr'>que</span> <span class='ocrx_word' id='word_1_227' title='bbox 1304 3517 1409 3568; x_wconf 90' lang='lat' dir='ltr'>oause</span> <span class='ocrx_word' id='word_1_228' title='bbox 1436 3495 1594 3568; x_wconf 91' lang='lat' dir='ltr'>meritum</span> <span class='ocrx_word' id='word_1_229' title='bbox 1618 3496 1732 3590; x_wconf 82' lang='lat' dir='ltr'>requi·</span> 
     </span>
     <span class='ocr_line' id='line_1_25' title="bbox 332 3619 1732 3714; baseline -0.003 -20"><span class='ocrx_word' id='word_1_230' title='bbox 332 3623 428 3694; x_wconf 89' lang='lat' dir='ltr'>rebat</span> <span class='ocrx_word' id='word_1_231' title='bbox 443 3629 593 3694; x_wconf 87' lang='lat' dir='ltr'>nostram</span> <span class='ocrx_word' id='word_1_232' title='bbox 617 3620 859 3692; x_wconf 88' lang='lat' dir='ltr'>inclinavimus</span> <span class='ocrx_word' id='word_1_233' title='bbox 878 3621 1090 3712; x_wconf 79' lang='lat' dir='ltr'>majestatem</span> <span class='ocrx_word' id='word_1_234' title='bbox 1110 3627 1150 3692; x_wconf 93' lang='lat' dir='ltr'>ut</span> <span class='ocrx_word' id='word_1_235' title='bbox 1176 3619 1446 3714; x_wconf 81' lang='lat' dir='ltr'>lerosolymitnni</span> <span class='ocrx_word' id='word_1_236' title='bbox 1471 3621 1569 3714; x_wconf 77' lang='lat' dir='ltr'>regui</span> <span class='ocrx_word' id='word_1_237' title='bbox 1595 3619 1732 3692; x_wconf 89' lang='lat' dir='ltr'>beredi-</span> 
     </span>
     <span class='ocr_line' id='line_1_26' title="bbox 332 3741 1733 3833; baseline -0.001 -17"><span class='ocrx_word' id='word_1_238' title='bbox 332 3744 453 3816; x_wconf 89' lang='lat' dir='ltr'>tariam</span> <span class='ocrx_word' id='word_1_239' title='bbox 477 3743 652 3817; x_wconf 92' lang='lat' dir='ltr'>dominam</span> <span class='ocrx_word' id='word_1_240' title='bbox 671 3743 875 3816; x_wconf 84' lang='lat' dir='ltr'>duxerimus</span> <span class='ocrx_word' id='word_1_241' title='bbox 897 3742 1039 3816; x_wconf 80' lang='lat' dir='ltr'>feliciter</span> <span class='ocrx_word' id='word_1_242' title='bbox 1064 3743 1100 3814; x_wconf 93' lang='lat' dir='ltr'>iu</span> <span class='ocrx_word' id='word_1_243' title='bbox 1121 3763 1285 3833; x_wconf 88' lang='lat' dir='ltr'>uxorem,</span> <span class='ocrx_word' id='word_1_244' title='bbox 1309 3763 1351 3814; x_wconf 90' lang='lat' dir='ltr'>ac</span> <span class='ocrx_word' id='word_1_245' title='bbox 1371 3750 1497 3814; x_wconf 88' lang='lat' dir='ltr'>statuto</span> <span class='ocrx_word' id='word_1_246' title='bbox 1515 3741 1643 3814; x_wconf 91' lang='lat' dir='ltr'>ibidem</span> <span class='ocrx_word' id='word_1_247' title='bbox 1666 3749 1733 3813; x_wconf 88' lang='lat' dir='ltr'>ter·</span> 
     </span>
     <span class='ocr_line' id='line_1_27' title="bbox 333 3862 1732 3960; baseline -0.003 -22"><span class='ocrx_word' id='word_1_248' title='bbox 333 3867 425 3940; x_wconf 91' lang='lat' dir='ltr'>mino</span> <span class='ocrx_word' id='word_1_249' title='bbox 452 3866 673 3954; x_wconf 88' lang='lat' dir='ltr'>transeundi,</span> <span class='ocrx_word' id='word_1_250' title='bbox 708 3865 792 3938; x_wconf 95' lang='lat' dir='ltr'>dum</span> <span class='ocrx_word' id='word_1_251' title='bbox 826 3866 884 3960; x_wconf 93' lang='lat' dir='ltr'>pie</span> <span class='ocrx_word' id='word_1_252' title='bbox 913 3864 1158 3939; x_wconf 91' lang='lat' dir='ltr'>reeordationis</span> <span class='ocrx_word' id='word_1_253' title='bbox 1186 3865 1225 3938; x_wconf 92' lang='lat' dir='ltr'>C.</span> <span class='ocrx_word' id='word_1_254' title='bbox 1255 3865 1450 3937; x_wconf 86' lang='lat' dir='ltr'>Portuensis</span> <span class='ocrx_word' id='word_1_255' title='bbox 1481 3865 1664 3959; x_wconf 88' lang='lat' dir='ltr'>episcopus</span> <span class='ocrx_word' id='word_1_256' title='bbox 1694 3862 1732 3934; x_wconf 92' lang='lat' dir='ltr'>in</span> 
     </span>
    </p>
   </div>
   <div class='ocr_carea' id='block_1_3' title="bbox 370 4081 1549 4376">
    <p class='ocr_par' dir='ltr' id='par_1_3' title="bbox 370 4081 1549 4376">
     <span class='ocr_line' id='line_1_28' title="bbox 371 4081 1549 4166; baseline -0.002 -21"><span class='ocrx_word' id='word_1_257' title='bbox 371 4082 414 4164; x_wconf 85' lang='grc' dir='ltr'>(ιι)</span> <span class='ocrx_word' id='word_1_258' title='bbox 431 4086 467 4146; x_wconf 92' lang='lat' dir='ltr'>In</span> <span class='ocrx_word' id='word_1_259' title='bbox 479 4085 552 4147; x_wconf 86' lang='lat' dir='ltr'>God.</span> <span class='ocrx_word' id='word_1_260' title='bbox 567 4094 642 4158; x_wconf 79' lang='lat'>⁴55,</span> <span class='ocrx_word' id='word_1_261' title='bbox 657 4081 692 4144; x_wconf 79' lang='lat' dir='ltr'>de</span> <span class='ocrx_word' id='word_1_262' title='bbox 704 4084 809 4166; x_wconf 53' lang='grc' dir='ltr'>Μὴ</span> <span class='ocrx_word' id='word_1_263' title='bbox 821 4099 871 4162; x_wconf 87' lang='lat' dir='ltr'>ap.</span> <span class='ocrx_word' id='word_1_264' title='bbox 883 4086 1050 4160; x_wconf 83' lang='lat' dir='ltr'>Tomnnasl,</span> <span class='ocrx_word' id='word_1_265' title='bbox 1065 4086 1163 4147; x_wconf 72' lang='lat' dir='ltr'>emta</span> <span class='ocrx_word' id='word_1_266' title='bbox 1176 4083 1269 4144; x_wconf 71' lang='lat' dir='ltr'>rost</span> <span class='ocrx_word' id='word_1_267' title='bbox 1288 4083 1379 4157; x_wconf 81' lang='lat' dir='ltr'>Qula,</span> <span class='ocrx_word' id='word_1_268' title='bbox 1394 4083 1549 4144; x_wconf 76' lang='lat' dir='ltr'>nectum</span> 
     </span>
     <span class='ocr_line' id='line_1_29' title="bbox 371 4187 946 4270; baseline 0 -20"><span class='ocrx_word' id='word_1_269' title='bbox 371 4187 409 4270; x_wconf 82' lang='lat' dir='ltr'>(b)</span> <span class='ocrx_word' id='word_1_270' title='bbox 430 4191 488 4268; x_wconf 82' lang='lat' dir='ltr'>Ap.</span> <span class='ocrx_word' id='word_1_271' title='bbox 505 4191 637 4253; x_wconf 85' lang='lat' dir='ltr'>Martenc</span> <span class='ocrx_word' id='word_1_272' title='bbox 650 4187 736 4250; x_wconf 79' lang='lat' dir='ltr'>nodia</span> <span class='ocrx_word' id='word_1_273' title='bbox 935 4239 946 4264; x_wconf 84' lang='lat'>‚</span> 
     </span>
     <span class='ocr_line' id='line_1_30' title="bbox 370 4291 1057 4376; baseline -0.001 -21"><span class='ocrx_word' id='word_1_274' title='bbox 370 4293 404 4376; x_wconf 79' lang='lat' dir='ltr'>(c)</span> <span class='ocrx_word' id='word_1_275' title='bbox 424 4297 459 4358; x_wconf 89' lang='lat' dir='ltr'>ln</span> <span class='ocrx_word' id='word_1_276' title='bbox 472 4296 544 4358; x_wconf 84' lang='lat' dir='ltr'>(lod.</span> <span class='ocrx_word' id='word_1_277' title='bbox 558 4302 590 4358; x_wconf 87' lang='lat' dir='ltr'>et</span> <span class='ocrx_word' id='word_1_278' title='bbox 602 4311 651 4374; x_wconf 87' lang='lat' dir='ltr'>ap.</span> <span class='ocrx_word' id='word_1_279' title='bbox 665 4295 799 4356; x_wconf 80' lang='lat' dir='ltr'>Muteno</span> <span class='ocrx_word' id='word_1_280' title='bbox 811 4291 957 4374; x_wconf 76' lang='lat' dir='ltr'>dirpoattto</span> <span class='ocrx_word' id='word_1_281' title='bbox 970 4294 1057 4356; x_wconf 86' lang='lat' dir='ltr'>mala.</span> 
     </span>
    </p>
   </div>
   <div class='ocr_carea' id='block_1_4' title="bbox 329 4633 1728 4820">
    <p class='ocr_par' dir='ltr' id='par_1_4' title="bbox 329 4633 1728 4820">
     <span class='ocr_line' id='line_1_31' title="bbox 366 4633 1728 4712; baseline -0.001 -19"><span class='ocrx_word' id='word_1_282' title='bbox 366 4637 399 4712; x_wconf 75' lang='lat' dir='ltr'>(tl</span> <span class='ocrx_word' id='word_1_283' title='bbox 417 4636 524 4694; x_wconf 88' lang='lat' dir='ltr'>Scilicet</span> <span class='ocrx_word' id='word_1_284' title='bbox 538 4637 682 4695; x_wconf 80' lang='lat' dir='ltr'>lleudcum</span> <span class='ocrx_word' id='word_1_285' title='bbox 698 4638 733 4695; x_wconf 87' lang='lat' dir='ltr'>de</span> <span class='ocrx_word' id='word_1_286' title='bbox 745 4637 826 4695; x_wconf 90' lang='lat' dir='ltr'>lllalta</span> <span class='ocrx_word' id='word_1_287' title='bbox 837 4637 934 4694; x_wconf 87' lang='lat' dir='ltr'>marini</span> <span class='ocrx_word' id='word_1_288' title='bbox 946 4636 1018 4694; x_wconf 87' lang='lat' dir='ltr'>stolii</span> <span class='ocrx_word' id='word_1_289' title='bbox 1029 4635 1208 4694; x_wconf 82' lang='lat' dir='ltr'>ammiratum.</span> <span class='ocrx_word' id='word_1_290' title='bbox 1224 4635 1263 4693; x_wconf 84' lang='lat' dir='ltr'>Gt.</span> <span class='ocrx_word' id='word_1_291' title='bbox 1275 4636 1349 4694; x_wconf 88' lang='lat' dir='ltr'>ltroo.</span> <span class='ocrx_word' id='word_1_292' title='bbox 1362 4651 1399 4694; x_wconf 81' lang='lat' dir='ltr'>uu</span> <span class='ocrx_word' id='word_1_293' title='bbox 1408 4635 1436 4694; x_wconf 84' lang='lat' dir='ltr'>S.</span> <span class='ocrx_word' id='word_1_294' title='bbox 1447 4635 1539 4694; x_wconf 74' lang='lat' dir='ltr'>Gna.</span> <span class='ocrx_word' id='word_1_295' title='bbox 1551 4635 1678 4695; x_wconf 78' lang='lat' dir='ltr'>Gltronlo.</span> <span class='ocrx_word' id='word_1_296' title='bbox 1692 4633 1728 4692; x_wconf 89' lang='lat' dir='ltr'>ad</span> 
     </span>
     <span class='ocr_line' id='line_1_32' title="bbox 329 4733 1196 4820; baseline -0.002 -28"><span class='ocrx_word' id='word_1_297' title='bbox 329 4751 393 4792; x_wconf 89' lang='lat' dir='ltr'>anu.</span> <span class='ocrx_word' id='word_1_298' title='bbox 409 4737 487 4804; x_wconf 70' lang='lat' dir='ltr'>ruat,</span> <span class='ocrx_word' id='word_1_299' title='bbox 502 4741 531 4791; x_wconf 91' lang='lat' dir='ltr'>et</span> <span class='ocrx_word' id='word_1_300' title='bbox 541 4749 610 4807; x_wconf 85' lang='lat' dir='ltr'>quae</span> <span class='ocrx_word' id='word_1_301' title='bbox 621 4749 702 4808; x_wconf 88' lang='lat' dir='ltr'>snpra</span> <span class='ocrx_word' id='word_1_302' title='bbox 715 4735 750 4792; x_wconf 87' lang='lat' dir='ltr'>de</span> <span class='ocrx_word' id='word_1_303' title='bbox 763 4733 912 4820; x_wconf 87' lang='lat' dir='ltr'>redditione</span> <span class='ocrx_word' id='word_1_304' title='bbox 923 4734 1061 4792; x_wconf 76' lang='lat' dir='ltr'>damiatae</span> <span class='ocrx_word' id='word_1_305' title='bbox 1071 4733 1196 4792; x_wconf 84' lang='lat' dir='ltr'>diximus.</span> 
     </span>
    </p>
   </div>
   <div class='ocr_carea' id='block_1_5' title="bbox 429 4833 1570 4910">
    <p class='ocr_par' dir='ltr' id='par_1_5' title="bbox 429 4833 1570 4910">
     <span class='ocr_line' id='line_1_33' title="bbox 429 4833 1570 4910; baseline -0.004 -14"><span class='ocrx_word' id='word_1_306' title='bbox 429 4833 484 4896; x_wconf 87' lang='lat' dir='ltr'>ur.</span> <span class='ocrx_word' id='word_1_307' title='bbox 1040 4904 1044 4910; x_wconf 53' lang='grc'><strong>,</strong></span> <span class='ocrx_word' id='word_1_308' title='bbox 1552 4837 1570 4891; x_wconf 80' lang='lat' dir='ltr'>s</span> 
     </span>
    </p>
   </div>
   <div class='ocr_carea' id='block_1_6' title="bbox 0 0 2307 6084">
    <p class='ocr_par' dir='ltr' id='par_1_6' title="bbox 0 0 2307 6084">
     <span class='ocr_line' id='line_1_34' title="bbox 0 0 2307 6084; baseline 0 0"><span class='ocrx_word' id='word_1_309' title='bbox 0 0 2307 6084; x_wconf 95' lang='lat' dir='ltr'> </span> 
     </span>
    </p>
   </div>
  </div>
 </body>
</html>
