4658 6132
532 644 590 704 116
1026 645 1237 706 ruruaatct
1262 645 1433 708 saeuiunt
1747 653 1929 736 [1111111229.

527 783 565 856 11
583 775 765 880 aliorum,
794 783 836 858 ut
858 774 1042 880 creditur,
1072 834 1152 855 .....
1156 776 1388 859 cardinalem
1406 778 1510 862 misit
1537 783 1586 864 ad
1613 785 1931 871 machinationem

527 907 738 990 discordiae
743 967 840 987 ......
864 907 936 1016 111
950 909 1377 1014 excommunicationem
1396 911 1633 1018 imperatoris
1638 975 1718 996 .....
1741 917 1930 1000 11111111-

526 1049 642 1144 taret,
666 1040 865 1121 intendens
893 1039 985 1147 quia
1019 1039 1139 1121 leuius
1167 1041 1218 1121 ad
1243 1040 1464 1124 electionem
1488 1043 1588 1152 regis
1614 1047 1702 1128 novi
1731 1051 1930 1132 consenti-

525 1181 643 1253 retur.
677 1172 787 1253 Coun.
814 1197 859 1250 na
886 1171 1071 1276 Facturi,
1101 1197 1164 1280 ap.
1195 1173 1337 1278 Panrz,
1369 1175 1621 1280 111111.,11,
1646 1179 1735 1258 181.
1760 1227 1815 1242 —
1842 1183 1931 1267 Otto

523 1303 726 1386 cardinalis
753 1303 801 1384 de
830 1327 977 1383 carcere
1006 1302 1181 1384 Tulliano
1204 1302 1391 1412 legatione
1413 1315 1565 1412 accepta
1585 1306 1623 1387 in
1648 1307 1870 1393 Teutoniam
1891 1325 1929 1396 et

522 1436 678 1516 Daciam
697 1435 858 1516 mittitur
873 1431 950 1543 (l),
967 1431 1076 1542 cujus
1095 1433 1252 1516 intentio
1266 1444 1346 1516 erat
1359 1435 1595 1543 imperatoris
1609 1464 1813 1546 gravamen
1827 1471 1926 1550 pro-

522 1595 655 1650 curare
682 1577 719 1649 et
751 1593 864 1676 super
895 1567 968 1648 hoc
995 1565 1196 1647 consilium
1224 1575 1395 1674 expetere
1428 1568 1578 1651 Ottonis
1609 1571 1698 1652 dicti
1734 1573 1841 1654 ducis
1878 1577 1926 1658 dc

520 1699 779 1809 Lunimburg,
792 1699 858 1780 sed
872 1699 973 1779 idem
984 1699 1073 1782 Otto
1082 1707 1213 1778 contra
1227 1696 1491 1805 imperatorem
1502 1701 1626 1781 renuit
1639 1701 1784 1812 aliquid
1794 1713 1924 1786 atten-

520 1843 600 1914 tare
617 1831 693 1942 (2).
718 1835 874 1915 Gousra.
892 1831 987 1912 llos.
1008 1831 1157 1936 Concu,
1177 1833 1310 1912 docel.
1338 1857 1399 1940 ap.
1420 1831 1575 1940 Srauvr,
1593 1833 1629 1938 l,
1650 1834 1744 1940 597,
1765 1840 1817 1916 od
1832 1866 1920 1920 ooo.

522 1967 639 2046 1228.
665 2011 720 2026 -
751 1963 809 2045 Ci.
846 1963 1129 2070 Α111111.,αρ.
1164 1963 1353 2068 Larnurrz,
1387 1991 1521 2046 coecos.
1552 1965 1714 2072 Hister,
1742 1977 1835 2052 tom.
1866 1971 1922 2076 ll,

521 2125 561 2206 p.
583 2098 855 2202 51111111.
881 2095 997 2175 1250.

518 2485 531 2518 o
548 2481 578 2520 se
588 2479 648 2518 curn
663 2461 719 2518 suis
732 2459 880 2516 fautoribus
894 2457 1042 2528 manifeste,
1056 2475 1106 2515 nos
1118 2458 1228 2516 collecto
1240 2458 1391 2515 exercitu...
1402 2464 1500 2516 terram
1509 2475 1584 2518 suam
1596 2461 1728 2520 hostiliter
1738 2465 1918 2538 ingrediendo,

518 2579 532 2612 ι
548 2559 683 2630 coegimus
695 2571 756 2613 eum
773 2555 845 2628 quod
863 2571 878 2610 1
895 2555 1034 2612 vexatione
1046 2559 1073 2610 et
1085 2553 1238 2610 resistentia
1252 2553 1338 2626 patris
1350 2553 1432 2610 nostri
1445 2555 1547 2611 destitit
1559 2562 1588 2612 et
1601 2559 1722 2615 oessarit.
1735 2578 1748 2612 1
1762 2561 1830 2616 lluic
1843 2577 1921 2634 expe·

514 2655 608 2714 ditioni
617 2653 651 2710 de
660 2669 716 2725 qua
727 2651 816 2708 omnia
829 2650 956 2707 chronica
966 2649 1054 2720 silent,
1069 2655 1175 2722 tempus
1185 2649 1315 2706 aestivum
1327 2663 1389 2706 auu.
1404 2653 1472 2708 1119
1487 2649 1666 2710 deliniendum
1675 2669 1734 2712 esse
1743 2657 1858 2713 uidetur.

552 2751 587 2824 (t)
606 2753 644 2808 De
658 2749 708 2806 hac
721 2747 852 2820 legatione
864 2747 940 2819 cujus
953 2745 1078 2820 pauciora
1091 2751 1235 2820 supersunt
1246 2745 1389 2804 admodum
1403 2753 1590 2820 monumenta,
1609 2749 1694 2808 iusirus
1708 2752 1810 2826 agimus
1823 2753 1851 2810 11
1864 2753 1918 2810 his·

512 2850 581 2906 toria
594 2847 761 2920 diplomatica
773 2845 881 2901 lisnrici
893 2845 957 2914 vit,
973 2843 1025 2900 sub
1039 2842 1092 2899 line
1106 2843 1248 2900 voluminis
1262 2859 1372 2900 111111.

549 2943 585 3016 (1)
603 2943 736 2999 Discimus
755 2946 843 2998 tamen
863 2956 896 2996 cx
910 2939 1005 2996 litteris
1026 2939 1096 3012 apud
1115 2939 1214 3012 llymer
1226 2939 1345 3010 (Foeder.
1365 2945 1391 2994 ct
1408 2945 1542 3010 convent,
1558 2941 1579 3011 l,
1595 2941 1658 3014 311)
1680 2943 1758 3001 editis
1772 2961 1829 3001 rem
1850 2945 1918 3004 serio

512 3041 593 3098 luisse
606 3045 758 3108 tractatam,
774 3051 916 3110 regemque
925 3035 1034 3107 hugliae
1047 3034 1080 3090 ad
1093 3035 1193 3090 curiam
1206 3035 1351 3092 Romanam
1362 3035 1491 3092 institisse
1504 3041 1534 3092 ut
1547 3037 1604 3112 ipse
1618 3039 1689 3095 hune
1700 3039 1838 3110 ottonem,
1849 3042 1918 3099 sicut

511 3136 645 3194 lohannes
662 3141 739 3208 pater
752 3150 817 3191 suus
833 3133 949 3205 priorem
963 3132 1087 3188 Ottonem
1102 3137 1280 3203 promoverat,
1294 3131 1424 3190 Stanticae
1438 3133 1528 3188 domui
1540 3141 1700 3207 opponeret;
1711 3137 1781 3192 undo
1797 3137 1865 3194 baec
1875 3155 1917 3195 ex-

512 3240 604 3306 carpta
619 3233 653 3289 ad
667 3232 793 3304 maj0rem
809 3229 896 3286 lucem
911 3227 1067 3284 exhibemus
1084 3245 1090 3282 :
1107 3249 1120 3280 a
1137 3227 1267 3298 tierricus
1279 3229 1326 3284 Dei
1343 3228 1429 3300 gratia
1445 3229 1607 3301 toringia,
1625 3237 1678 3288 etc.
1693 3231 1790 3290 dilecto
1804 3249 1916 3291 consan-

511 3349 526 3386 s
543 3331 639 3404 guineo
647 3345 697 3388 auo
711 3333 739 3384 et
752 3327 839 3384 amico
851 3325 961 3398 speciali
970 3325 1002 3382 Ο.
1012 3317 1072 3380 duci
1083 3325 1117 3380 de
1130 3325 1285 3382 bruneswic
1294 3324 1405 3382 salutem
1415 3325 1554 3382 etsincere
1566 3325 1716 3384 dilectionis
1727 3329 1914 3404 integritatem.

511 3447 525 3481 s
540 3427 636 3485 Audito
651 3441 737 3498 nuper
750 3441 783 3480 ax
796 3421 923 3479 relatione
937 3421 1025 3478 devoti
1049 3421 1130 3476 vestri
1144 3420 1261 3492 magistri
1275 3420 1309 3477 G.
1326 3421 1414 3478 clerici
1427 3422 1510 3478 vestri
1521 3423 1593 3496 quod
1609 3438 1744 3480 acarcere
1759 3431 1787 3481 et
1804 3426 1916 3483 vinculis

509 3543 523 3578 ι
540 3524 639 3598 quibus
650 3521 749 3579 detenti
759 3521 845 3577 inistis
854 3535 983 3594 prospere
994 3525 1021 3575 et
1031 3518 1088 3574 sine
1103 3518 1221 3590 corporis
1234 3519 1314 3576 vostri
1328 3519 1444 3592 dampno
1455 3525 1483 3575 et
1494 3519 1635 3593 dispendio
1647 3520 1727 3577 soluti
1739 3522 1803 3578 estis
1812 3523 1915 3595 perlici

508 3643 521 3676 ι
538 3621 651 3695 gratim
670 3625 699 3676 et
715 3617 825 3674 liberi...
844 3623 932 3691 grates
944 3616 1082 3672 retulimus
1094 3616 1246 3688 copiosas...
1258 3615 1344 3690 Super
1355 3613 1565 3688 predictisjurta
1576 3607 1732 3690 petitionem
1743 3619 1914 3678 1111111111

507 3739 521 3772 s
535 3718 609 3774 mino
621 3718 693 3790 Papa
708 3715 864 3788 scripsimus
880 3713 1055 3786 regmtiantes
1070 3712 1190 3768 eidem...
1204 3727 1310 3770 necnon
1324 3718 1352 3768 ct
1364 3728 1507 3784 personam
1521 3721 1639 3770 11111111
1658 3715 1818 3788 propensius
1838 3715 1913 3772 duxi·

507 3836 520 3868 1
537 3831 599 3871 mus
612 3815 637 3870 ei
649 3811 836 3869 commendare
848 3817 876 3867 ct
884 3826 933 3884 pro
942 3809 1019 3866 vobis
1032 3816 1157 3882 tanquam
1166 3825 1215 3882 pro
1227 3809 1304 3866 nobis
1318 3809 1383 3882 ipsis
1392 3812 1534 3868 effectuoso
1547 3809 1726 3884 supplicantes
1740 3827 1833 3885 rogare
1841 3815 1912 3886 quod

504 3929 518 3966 s
535 3909 646 3985 gratiam
656 3915 683 3965 at
695 3907 813 3965 favorem
826 3922 907 3980 quem
920 3921 982 3978 erga
995 3921 1136 3977 personam
1149 3911 1265 3962 vestram
1280 3906 1371 3978 gessit,
1389 3922 1422 3964 ex
1436 3907 1588 3963 interventu
1603 3914 1695 3964 nostru
1713 3909 1784 3965 circa
1803 3925 1851 3967 vos
1869 3925 1913 3966 au·

505 4022 595 4080 »gere
607 4004 671 4060 velit
682 4009 711 4059 et
724 4003 888 4073 coadunare,
899 4001 992 4058 honori
1006 4007 1096 4058 vestro
1107 4007 1136 4057 et
1146 4001 1324 4058 sublimationi
1335 4009 1422 4059 restra
1438 4002 1599 4060 intendendo
1619 4009 1648 4060 et
1667 4003 1833 4077 principibus
1853 4006 1911 4062 hle

505 4123 518 4156 1
536 4102 643 4158 mannia
653 4117 703 4174 pro
717 4115 806 4158 amore
817 4105 908 4156 nostro
918 4115 966 4156 vos
974 4097 1192 4155 commendando.
1206 4098 1238 4154 Et
1250 4104 1281 4154 ut
1293 4098 1429 4171 negotium
1443 4100 1514 4156 istud
1529 4099 1630 4156 ielieius
1641 4099 1763 4157 ellectum
1777 4102 1912 4175 mancipa-

504 4219 518 4253 »
534 4206 617 4268 retur,
633 4197 760 4254 dilectum
774 4203 895 4254 nostrum
909 4203 937 4252 at
948 4195 1073 4252 deirotum
1087 4201 1206 4252 vestrum
1219 4195 1369 4268 predictum
1382 4196 1539 4268 magistrum
1552 4197 1586 4254 G.
1603 4197 1637 4254 da
1650 4197 1726 4270 cujus
1737 4197 1873 4272 diligentia
1884 4206 1911 4256 et

506 4317 519 4350 1
538 4295 664 4353 fidelitate
677 4301 778 4351 certam
791 4293 914 4350 fiduciam
926 4293 1078 4350 obtinemus
1090 4291 1161 4364 quod
1171 4291 1316 4349 studiosius
1324 4293 1443 4365 quolibet
1456 4293 1507 4350 alio
1518 4309 1569 4367 pro
1579 4293 1656 4351 vobis
1667 4293 1807 4364 laborabit,
1821 4295 1854 4351 ad
1864 4311 1909 4350 ou-

414 4383 420 4394 '
506 4415 518 4446 1
534 4393 601 4449 riam
613 4393 759 4448 itomanam
774 4391 973 4459 destinavimus,
986 4395 1073 4445 etc...
1087 4389 1166 4445 Teste
1177 4403 1221 4444 ma
1234 4389 1294 4461 ipso
1308 4389 1379 4462 apud
1392 4390 1548 4463 hlerleberg,
1562 4395 1658 4464 quarto
1671 4391 1715 4448 die
1729 4391 1829 4464 aprilis,
1840 4407 1909 4447 anno

506 4483 1076 4563 »1111111111111191181111111111111
1100 4487 1212 4560 epistola
1234 4487 1306 4561 regis
1327 4487 1414 4562 Papae
1436 4487 1517 4546 missa
1540 4503 1602 4545 curn
1625 4488 1695 4546 notis
1717 4487 1909 4560 chronologicis

504 4587 614 4646 eisdem.
1455 4613 1458 4618 ·
