4710 6076
402 677 500 738 huam.
520 671 580 758 lo]
854 668 1050 732 HISTORIA
1075 667 1369 730 ntrtottrtmcrt.
1758 668 1820 732 329

402 807 540 882 cbizant
552 805 737 904 pecuniam
751 803 799 878 ad
813 804 1042 878 munitionem
1053 813 1204 878 vestram
1217 802 1411 878 laciendum
1424 813 1460 876 et
1476 803 1544 878 alia
1554 803 1693 899 negotia
1704 815 1818 880 vestra

402 931 591 1027 colligatis,
620 931 775 1026 sepefato
799 927 1060 1024 archiepiscope
1092 927 1295 1002 Treverensi
1323 928 1550 1001 incontinenti
1583 950 1645 1024 per
1676 929 1818 1003 latorem

403 1057 616 1153 presentium
639 1053 831 1128 remittatis.
857 1053 928 1126 Nos
946 1051 1039 1126 enim
1062 1051 1195 1125 dictum
1218 1051 1438 1148 privilegium
1466 1053 1568 1127 vohis
1593 1073 1816 1146 eoncessum,

402 1179 499 1276 quod
523 1181 560 1253 in
579 1201 687 1274 grave
707 1176 939 1276 prejudicium
953 1175 1096 1272 imperii
1117 1185 1153 1248 et
1173 1176 1273 1250 electi
1292 1177 1400 1250 vestri
1420 1176 1586 1274 principis
1608 1177 1715 1250 nostri
1736 1177 1820 1273 dig·

403 1306 556 1380 noscitur
580 1303 778 1378 redundare
796 1323 948 1375 necnon
969 1309 1004 1374 et
1024 1301 1247 1373 ecclesiarum
1261 1300 1550 1395 virdunensium,
1573 1323 1723 1396 quarum
1745 1303 1821 1378 leu-

403 1433 521 1506 datem
535 1429 700 1505 familiam
711 1429 844 1502 etalios
858 1427 991 1502 eisdem
1009 1427 1046 1498 in
1061 1425 1224 1500 domibus
1238 1428 1311 1500 suis
1329 1427 1518 1501 servientes
1537 1427 1582 1500 ab
1598 1427 1693 1501 omni
1716 1450 1821 1502 exac-

404 1557 496 1630 tione
515 1565 551 1630 et
567 1556 660 1629 tallia
682 1577 745 1628 scu
769 1574 991 1649 quacumque
1011 1551 1213 1641 exactione,
1232 1573 1295 1648 pro
1314 1573 1535 1647 quocumque
1556 1553 1695 1646 negotio
1715 1551 1818 1644 liant,

404 1691 439 1755 ct
460 1681 745 1778 predecessorum
767 1689 964 1753 nostrorum
985 1687 1020 1749 et
1038 1686 1154 1749 nostra
1171 1677 1297 1750 liberos
1317 1686 1351 1750 et
1373 1678 1544 1750 immunes
1563 1699 1640 1751 esse
1656 1679 1821 1754 decreve-

403 1813 485 1877 runt
507 1805 713 1900 privilegia,
734 1804 815 1877 licet
831 1825 896 1876 vos
913 1811 1032 1874 uonna
1051 1823 1093 1874 ea
1118 1810 1196 1896 post
1215 1801 1373 1875 iteratam
1388 1801 1655 1900 prohibitionem
1669 1813 1821 1877 nostram

403 1930 523 2003 venire
539 1929 766 2027 presumatis,
783 1949 846 2024 per
867 1926 1070 2000 sententiam
1090 1925 1285 2022 principum
1305 1935 1499 2000 nostrorum
1515 1924 1650 2000 irritum
1669 1949 1746 2002 esse
1759 1931 1822 2022 ju-

404 2054 600 2128 dicavimus
613 2063 649 2128 et
665 2053 788 2142 inane,
805 2061 841 2124 et
853 2059 1006 2124 tenorem
1020 2051 1129 2146 ipsius
1145 2073 1346 2124 conoessum
1367 2073 1427 2146 per
1444 2052 1736 2148 importunitatem
1754 2053 1820 2126 im·

404 2178 614 2276 petrantium
643 2185 679 2250 et
706 2175 849 2250 nimiam
876 2176 1136 2272 occupationem
1165 2175 1386 2250 concedentis
1416 2197 1464 2250 ex
1498 2177 1694 2250 maturitate
1727 2179 1823 2270 regie

404 2302 689 2378 considerationis
711 2301 851 2398 penitus
872 2309 1086 2374 revocantes.
1104 2301 1311 2377 blandamns
1334 2301 1438 2376 etiam
1454 2301 1555 2376 robis
1574 2312 1609 2376 et
1628 2301 1695 2374 snb
1716 2303 1821 2376 inter-

404 2427 592 2502 minatione
621 2427 748 2521 regalis
773 2425 903 2512 eliense
927 2425 1082 2500 districte
1106 2425 1318 2524 precipimus
1348 2436 1521 2522 quatenns
1547 2435 1736 2501 memorato
1757 2451 1822 2502 ar-

403 2553 625 2650 chiepiscopo
649 2573 711 2648 pro
742 2551 843 2625 nobis
867 2559 902 2624 et
930 2573 994 2648 pro
1022 2551 1099 2648 ipso
1121 2553 1167 2625 de
1193 2553 1293 2644 gravi
1316 2561 1352 2625 et
1376 2553 1583 2626 intolerabili
1606 2554 1822 2629 contumacia

403 2685 518 2750 vestra
541 2675 750 2770 condignam
776 2675 958 2748 emendam
982 2675 1135 2768 faciatis,
1159 2676 1313 2771 alioquin
1335 2698 1400 2750 nos
1428 2677 1645 2751 insolentiam
1673 2687 1823 2752 vestram

404 2799 557 2892 graviter
579 2800 766 2895 puniemus
787 2808 823 2870 et
843 2819 1009 2894 personas
1033 2809 1167 2872 vestras
1183 2811 1217 2872 et
1239 2801 1332 2873 bona
1348 2810 1418 2874 tam
1439 2801 1477 2872 in
1495 2801 1639 2898 imperio
1655 2825 1761 2897 quam
1787 2803 1823 2876 in

402 2945 510 3018 regno
530 2923 745 3018 quibuslibet
762 2944 991 3018 exponemus.
1009 2923 1178 3016 Maiestati
1200 2925 1305 2998 etiam
1322 2935 1437 2998 nostre
1456 2923 1568 3021 magis
1586 2927 1824 3002 convenitse-

403 3047 557 3122 veritatis
575 3047 612 3120 in
631 3069 695 3121 vos
713 3069 857 3120 manum
877 3047 1066 3120 extendere
1086 3069 1191 3142 quarn
1214 3071 1363 3122 errorem
1379 3060 1534 3123 vestrum
1551 3051 1733 3126 sustinere.
1754 3055 1824 3127 No-

402 3179 519 3248 lumus
541 3173 636 3247 enim
650 3171 747 3268 quod
766 3172 918 3268 exempli
939 3173 1046 3245 vestri
1066 3173 1162 3246 labes
1182 3175 1375 3271 perniciosa
1390 3175 1546 3248 civitates
1565 3175 1699 3272 imperii
1720 3177 1821 3251 nobis

402 3311 437 3372 et
453 3299 625 3396 episcopis
647 3297 721 3370 suis
747 3296 906 3370 subditas
924 3295 971 3370 ad
997 3296 1244 3372 declinandum
1266 3309 1469 3373 consuetum
1485 3310 1520 3373 et
1534 3301 1691 3374 debitum
1709 3301 1822 3374 domi·

402 3424 500 3496 nium
515 3423 644 3496 excitet
656 3432 691 3495 et
711 3422 846 3495 invitet.
865 3422 901 3495 Si
923 3443 1008 3495 vero
1027 3423 1201 3496 mandatis
1217 3425 1343 3496 nostris
1368 3435 1438 3497 tam
1457 3425 1494 3496 in
1512 3424 1693 3499 reddendo
1707 3427 1821 3522 privi-

403 3545 494 3636 legio
512 3567 619 3640 quam
634 3546 671 3618 in
688 3544 836 3620 emenda
856 3545 950 3619 dicto
969 3544 1229 3642 archiepiscopo
1242 3569 1306 3644 pro
1325 3547 1426 3621 nobis
1442 3557 1476 3622 et
1489 3570 1551 3644 pro
1569 3549 1645 3644 ipso
1663 3549 1821 3624 iacienda

402 3667 577 3742 humiliter
601 3677 637 3742 et
659 3670 785 3743 devote
811 3670 1014 3766 parueritis,
1042 3691 1105 3742 nos
1129 3669 1245 3744 eidem
1271 3671 1434 3745 dedimus
1461 3673 1498 3744 in
1525 3673 1698 3746 mandatis
1725 3675 1821 3769 quod

402 3793 524 3864 iterate
544 3793 769 3888 personaliter
793 3791 839 3865 ad
861 3814 926 3866 vos
953 3791 1107 3884 accedat,
1132 3802 1167 3866 et
1189 3793 1399 3868 offensarum
1421 3805 1615 3868 vestrarum
1642 3796 1822 3870 immemor

403 3915 544 3989 domino
562 3925 679 3990 vestro
695 3917 803 3990 electo
827 3926 863 3989 et
884 3917 1039 3990 ecclesiis
1051 3917 1342 4008 virdunensibus,
1360 3919 1482 4010 maj0ri
1503 3919 1634 3992 scilicet
1650 3930 1686 3993 et
1705 3923 1820 3994 Sancti

402 4039 517 4112 Vitoni
537 4049 572 4112 et
589 4041 704 4114 Sancti
726 4041 881 4135 Agerici,
901 4063 990 4136 quas
1010 4043 1100 4114 sicut
1119 4044 1165 4117 nb
1182 4044 1306 4118 eodem
1321 4043 1522 4117 audivimus
1536 4045 1721 4117 enormiter
1736 4045 1821 4118 des-

401 4163 558 4235 truxistis
583 4173 618 4236 et
643 4164 855 4258 integraliter
882 4165 1074 4240 reedificari
1100 4169 1263 4240 volumus
1283 4177 1318 4240 et
1339 4167 1547 4264 precipimus
1567 4191 1647 4242 cnm
1671 4169 1820 4244 emenda

401 4287 622 4383 competenti,
638 4309 703 4362 ros
718 4289 932 4363 concorditer
945 4295 1025 4385 jura
1037 4292 1192 4389 episcopi
1207 4306 1242 4366 et
1257 4303 1373 4366 nostra
1384 4315 1454 4388 que
1467 4293 1635 4366 hactenus
1648 4295 1819 4369 habuistis

400 4420 436 4484 et
447 4413 619 4487 libertates
634 4405 857 4488 ecclesiarum
878 4416 1086 4490 authoritate
1104 4428 1220 4490 uestra
1237 4418 1340 4490 saciat
1360 4417 1605 4492 inviolabiliter
1617 4419 1813 4494 observare.

451 4539 575 4611 Datum
584 4539 680 4633 apud
688 4539 927 4632 Wormatiam,
939 4549 1039 4613 sexto
1048 4541 1214 4615 kalendas
1222 4541 1318 4631 maii,
1331 4541 1520 4616 indictione
1531 4542 1666 4616 decima
1678 4544 1812 4638 quinta.

501 4883 559 4944 111.
1617 4897 1655 4950 42
