4702 6110
360 655 457 716 buras.
474 653 519 732 4.]
810 644 1008 708 HISTORIA
1034 643 1326 708 ulrtouarlclt
1715 643 1777 708 tls

361 787 525 872 busdam
541 781 673 866 edictis
689 779 866 890 spoliare.
885 778 1024 861 Videas
1037 803 1126 860 vero
1140 777 1232 888 quia
1247 803 1325 861 non
1340 777 1438 860 sicut
1449 776 1690 886 disposuerat
1702 776 1779 860 ha-

361 919 467 1002 beret
483 940 725 1027 processum,
746 913 795 995 ad
813 911 1053 995 securitatem
1076 910 1134 994 sui
1164 921 1316 1022 accepto
1337 911 1479 995 ducatu
1498 911 1622 1020 pacis,
1639 909 1776 994 abbate

363 1051 490 1134 Sancti
514 1050 612 1136 Galli
635 1049 731 1131 duce
753 1055 791 1130 et
810 1045 968 1152 comite,
988 1045 1237 1155 Ratisponam
1261 1045 1365 1129 venit
1390 1072 1479 1129 cum
1500 1071 1593 1154 pare
1612 1043 1688 1156 (1).
1707 1043 1777 1127 Ubi

363 1183 481 1268 abbas
504 1179 786 1294 pontificalibus
805 1177 854 1262 ab
872 1177 956 1287 ipso
974 1177 1151 1286 acceptis,
1173 1177 1316 1262 annulo
1333 1179 1474 1262 scilicet
1490 1187 1528 1262 et
1549 1177 1690 1286 insula,
1706 1203 1776 1260 re-

360 1317 513 1428 pedavit
535 1315 584 1399 ad
603 1339 746 1424 regem.
771 1311 936 1394 Dederat
962 1311 1091 1420 itaque
1117 1309 1239 1394 abbas
1259 1311 1293 1394 ei
1316 1311 1407 1395 CXL
1430 1311 1577 1421 argenti
1610 1336 1773 1393 marcas.

363 1450 522 1533 Cornan.
539 1475 584 1530 ns
597 1445 733 1530 Fama.
751 1472 813 1554 ap.
830 1445 967 1548 Panna,
983 1449 1143 1526 Monam.
1165 1443 1260 1526 llist.
1279 1451 1416 1540 Germ,
1435 1442 1581 1553 t.11,p.
1603 1443 1693 1524 182.

364 1787 377 1822 a
393 1783 457 1826 vare
469 1767 585 1840 rigorem
596 1771 623 1823 et
636 1763 732 1822 matris
743 1779 798 1822 non
813 1763 937 1820 deserere
949 1761 1101 1833 lenitatem,
1116 1761 1275 1820 fraternitati
1292 1770 1337 1819 tue
1355 1777 1404 1838 per
1420 1761 1566 1837 apostolica
1582 1761 1682 1836 scripta
1700 1778 1777 1820 man·

364 1865 486 1922 adamus
497 1869 628 1937 quatenns
641 1861 770 1935 inquisita
786 1859 923 1934 superbis
936 1858 1091 1932 diligentius
1103 1859 1229 1930 veritate,
1249 1859 1272 1916 si
1291 1875 1354 1916 eum
1371 1873 1453 1932 super
1471 1858 1524 1916 boc
1542 1859 1702 1933 culpabilem
1721 1874 1777 1916 nou

365 1983 378 2016 s
394 1962 545 2034 inveneris,
557 1961 645 2018 eidem
658 1965 770 2034 propter
780 1957 915 2016 infamiam
935 1957 971 2014 ob
988 1956 1040 2014 boc
1052 1963 1145 2014 contra
1157 1957 1246 2030 ipsum
1259 1962 1379 2014 exortam
1392 1957 1577 2031 purgationem
1587 1957 1701 2031 prestita
1713 1973 1779 2014 cor-

364 2059 520 2134 sporaliter
532 2059 684 2134 juramento
697 2057 814 2123 indicas,
831 2062 858 2112 et
870 2055 1011 2126 indictam,
1030 2056 1053 2112 si
1073 2071 1132 2112 eam
1150 2061 1271 2130 prestare
1292 2056 1389 2128 poterit
1401 2057 1478 2128 juxta
1493 2055 1606 2112 sormam
1624 2071 1706 2129 qnam
1726 2055 1775 2112 tibi

365 2177 378 2210 s
393 2157 525 2214 mittimus
537 2155 708 2230 presentibus
719 2153 907 2225 interclusam,
924 2152 1039 2226 recipias
1057 2152 1165 2226 publice
1183 2167 1273 2209 coram
1290 2152 1396 2224 multis,
1412 2159 1440 2209 et
1457 2153 1521 2226 quia
1538 2153 1646 2210 cronica
1662 2153 1776 2211 infirmi-

365 2273 379 2308 s
394 2261 449 2312 tate
460 2269 508 2312 seu
522 2251 616 2310 morbo
627 2252 731 2310 sontico
745 2249 843 2308 dicitur
857 2249 994 2322 laborare,
1007 2249 1096 2323 ipsum
1110 2249 1247 2306 sententis
1260 2249 1321 2306 latis
1334 2249 1362 2306 in
1375 2265 1438 2307 eum
1452 2266 1467 2307 a
1482 2250 1583 2325 prelato
1593 2252 1689 2326 legato,
1705 2252 1728 2309 si
1740 2253 1775 2310 ad

365 2373 379 2406 s
393 2352 565 2428 apostolicam
578 2351 669 2410 sedem
681 2349 710 2406 in
722 2348 837 2406 termino
848 2347 899 2406 sibi
914 2345 1015 2422 prefixa
1026 2345 1145 2420 legitimo
1156 2345 1347 2420 impedimento
1358 2347 1484 2406 detentus
1495 2355 1605 2422 propter
1618 2349 1671 2406 boc
1681 2351 1775 2410 venire

365 2471 379 2504 s
395 2449 529 2524 nequivit,
544 2447 687 2506 denunties
707 2445 867 2504 nontaceri.
886 2445 914 2504 Si
929 2459 993 2502 vero
1006 2443 1168 2518 culpabilem
1180 2443 1208 2499 in
1221 2445 1358 2518 premissis
1370 2461 1433 2504 eum
1450 2446 1578 2504 indixeris
1590 2447 1633 2504 vel
1648 2448 1775 2506 indictam

363 2567 376 2600 s
393 2547 444 2606 sibi
460 2547 643 2620 purgationem
653 2547 710 2618 jam
723 2543 823 2600 dictam
836 2547 957 2616 prestare
971 2557 1026 2598 non
1039 2541 1152 2615 poterit,
1166 2542 1327 2598 sententiam
1340 2543 1522 2616 suspensionis
1535 2559 1616 2617 quam
1632 2544 1701 2600 idem
1714 2561 1777 2602 can-

365 2664 379 2699 »
393 2644 490 2702 dinalis
504 2643 645 2700 indictum
663 2641 819 2716 episcopum
833 2646 862 2696 et
876 2637 1005 2714 quomam
1019 2638 1086 2696 alios
1098 2639 1239 2696 occasiom
1257 2639 1409 2713 hujusmodi
1427 2641 1605 2714 promulgarit
1618 2641 1719 2700 iaciens
1732 2644 1778 2700 in-

366 2739 551 2797 sviolabiliter
563 2736 715 2806 observari,
730 2733 808 2793 nobis
819 2734 950 2808 quidquid
970 2749 1052 2807 super
1070 2734 1122 2791 boc
1141 2734 1242 2791 iactum
1261 2735 1343 2791 luerit
1360 2735 1413 2793 tuis
1431 2735 1515 2793 literis
1536 2737 1646 2795 studeas
1663 2737 1778 2796 fideliter

365 2858 379 2890 s
391 2837 527 2906 intimare,
538 2840 569 2892 ut
577 2833 754 2909 procedamus
765 2832 862 2890 exinde
871 2838 951 2905 prout
958 2831 1107 2888 secundum
1113 2833 1200 2888 Deum
1208 2831 1356 2890 viderimus
1363 2832 1575 2907 procedendum.
1584 2835 1682 2892 Datum
1690 2837 1777 2910 Anag-

365 2955 379 2989 »
394 2933 455 3004 nie,
471 2933 532 2992 Vlll
546 2933 606 2990 idus
619 2931 787 3002 decembris,
802 2945 872 2986 anno
885 2929 921 2988 Vl
934 2929 966 3002 (6
981 2929 1103 2986 decemb.
1121 2929 1216 3002 lass).
1229 2931 1372 2988 -Forma
1386 2932 1586 3006 protestationis
1599 2933 1720 3005 ejusdem
1729 2935 1779 3006 ju·

364 3052 379 3087 s
392 3037 514 3090 ramento
528 3029 648 3086 firmate:
663 3028 718 3100 Ego
731 3026 961 3100 Nnemburgensis
974 3028 1116 3102 episcopus
1129 3033 1264 3100 protestor
1278 3035 1307 3084 et
1321 3043 1411 3085 assero
1425 3029 1498 3102 quod
1510 3046 1565 3086 non
1577 3029 1614 3086 lui
1627 3031 1655 3086 in
1668 3033 1778 3092 consilio

365 3149 378 3182 s
393 3145 483 3203 neque
496 3129 525 3185 in
538 3127 609 3184 iacto
622 3141 710 3199 neque
722 3125 750 3181 iu
762 3139 893 3182 consensu
908 3123 981 3196 quod
998 3123 1086 3182 littere
1097 3124 1140 3181 ille
1152 3141 1205 3198 que
1219 3125 1288 3182 lecte
1302 3125 1411 3183 luemnt
1424 3127 1451 3183 in
1466 3135 1600 3185 conventu
1614 3131 1686 3203 apud
1700 3130 1777 3188 linbi-

365 3247 378 3280 s
393 3227 475 3300 polim
489 3225 536 3282 ubi
548 3223 768 3297 archiepiscopus
776 3221 1013 3295 Magdeburgensis
1024 3227 1109 3294 elego
1123 3235 1186 3278 cum
1199 3221 1359 3294 quibusdam
1371 3222 1505 3296 episcopis
1517 3231 1547 3280 et
1556 3225 1616 3282 aliis
1627 3225 1737 3299 prelatis
1748 3231 1778 3285 et

362 3345 377 3378 s
392 3323 497 3382 clericis
510 3321 545 3380 de
558 3321 684 3380 mandato
693 3319 793 3378 domini
807 3318 914 3376 Ottonis
927 3317 1018 3376 Sancti
1032 3319 1134 3376 Nicolai
1148 3319 1296 3378 incarcere
1309 3320 1431 3378 Tulliano
1442 3320 1547 3378 diaconi
1559 3321 1700 3382 cardinalis
1713 3329 1778 3382 tunc

365 3438 379 3472 s
395 3417 540 3493 apostolice
553 3417 625 3476 sedis
639 3417 719 3492 legati
731 3431 956 3488 conveneramus,
972 3415 1068 3472 tierent
1084 3415 1128 3473 vel
1146 3415 1297 3489 legerentur
1311 3417 1425 3490 ibidem,
1443 3433 1494 3474 nec
1510 3423 1589 3476 antea
1601 3419 1701 3493 aliquid
1714 3421 1778 3480 inde

366 3536 379 3568 a
393 3515 476 3587 scivi,
491 3520 519 3571 et
531 3513 583 3573 bec
596 3531 686 3572 assero
699 3520 728 3572 et
736 3515 798 3588 juro
809 3529 870 3570 esse
880 3529 958 3580 sareu
973 3513 1012 3570 sic
1024 3528 1068 3569 me
1081 3513 1153 3570 Deus
1162 3513 1269 3586 adjuvet
1281 3520 1309 3571 et
1322 3515 1374 3571 hec
1386 3529 1463 3572 sacra
1473 3515 1521 3572 liei
1532 3517 1677 3590 evangelia.
1691 3519 1778 3594 Super

364 3633 378 3668 s
396 3613 557 3688 culparem,
565 3613 627 3686 quia
638 3617 730 3687 postea
740 3627 795 3670 non
804 3610 964 3682 contradixi,
976 3617 1005 3668 et
1014 3609 1072 3668 aliis
1081 3611 1207 3668 omnibus
1216 3611 1668 3688 misericordiamvestramimploro
1680 3617 1778 3677 etvolo

365 3731 379 3766 s
393 3719 466 3770 stare
477 3710 609 3768 mandatis
621 3711 727 3768 vestris.
742 3729 756 3763 r
769 3711 914 3780 Hennae,
930 3711 1012 3766 licis.
1028 3707 1136 3766 Friedr.
1147 3709 1184 3771 ll.
1197 3726 1226 3784 p.
1240 3712 1301 3780 est,
1314 3725 1348 3766 ex
1361 3711 1469 3784 liegest,
1483 3727 1545 3768 ann.
1559 3711 1605 3783 Vl,
1621 3723 1652 3770 n⁰
1663 3717 1726 3772 ⁴82.

399 3809 437 3882 (t)
456 3809 515 3866 lluc
528 3809 662 3882 pertinere
680 3823 822 3865 censemus
834 3807 1006 3882 privilegium
1026 3807 1061 3864 ab
1081 3806 1176 3864 eodem
1196 3807 1330 3864 midinale
1343 3807 1503 3866 monasterio
1517 3809 1552 3866 de
1564 3809 1634 3868 Banz
1645 3811 1777 3870 indultum

361 3923 415 3982 quo
432 3905 558 3963 abbatam
579 3911 607 3963 et
623 3910 786 3961 conventum
807 3905 890 3977 hujus
909 3904 961 3961 loci
982 3903 1033 3962 sub
1046 3902 1174 3962 ecclesiae
1187 3905 1354 3978 protectione
1365 3905 1469 3980 recipit.
1483 3907 1581 3963 Datum
1597 3908 1772 3982 llatisbonas,

364 4007 398 4062 at
412 4003 553 4074 februarii,
566 4001 615 4060 sed
626 4001 685 4060 sine
697 4001 761 4057 anni
771 4000 919 4058 notatione.
932 4000 984 4073 dp.
999 4001 1156 4072 Sarmens,
1171 4001 1262 4059 Grecis.
1277 4019 1332 4058 oon
1343 4005 1434 4071 Bona,
1449 4005 1510 4060 37³.
1524 4033 1560 4046 -
1571 4003 1774 4080 Ossrnnrcasn,

364 4100 456 4160 Greci.
470 4115 525 4156 voa
538 4101 628 4165 Burs,
639 4101 674 4169 2,
690 4098 782 4154 LXVI.
795 4097 887 4155 Abbas
904 4097 994 4155 Sancti
1006 4097 1076 4156 Galli
1090 4098 1137 4171 qni
1150 4099 1221 4173 apud
1236 4099 1377 4173 Esslingen
1392 4103 1409 4156 5
1422 4099 1490 4157 lebr.
1505 4100 1618 4159 incuria
1634 4104 1716 4178 regali
1727 4105 1774 4162 ad·

361 4203 434 4268 erat,
446 4212 541 4254 remus
553 4195 634 4253 finem
647 4175 748 4254 me'nsis
759 4195 880 4268 ejusdem
892 4189 1054 4253 cardinalem
1065 4196 1216 4254 conducere
1228 4211 1293 4254 sane
1304 4197 1392 4270 potuit
1404 4213 1490 4272 usque
1502 4199 1688 4272 llatisbonam‚
1702 4203 1775 4262 unde

362 4297 425 4356 Otto
438 4295 510 4353 lente
522 4294 618 4352 itinere
636 4294 664 4351 in
685 4293 786 4351 ltaliam
802 4309 938 4351 remeasse
956 4293 1072 4351 videtur.
1093 4298 1127 4351 tc
1141 4295 1218 4369 april.
1235 4297 1353 4367 ejusdem
1374 4295 1438 4352 anni
1459 4297 1530 4370 apud
1551 4297 1729 4357 liottenmann
1747 4301 1776 4360 in

363 4393 453 4468 styria
464 4393 628 4452 morabatur.
642 4391 682 4451 ci.
700 4392 789 4462 Korn,
806 4389 999 4465 serapam,
1017 4392 1063 4464 ll¹,
1077 4393 1138 4450 tae.
1154 4422 1191 4434 -
1203 4393 1346 4462 &aaran
1360 4393 1565 4465 aaronem,
1585 4399 1650 4470 stt,
1666 4410 1697 4454 n·
1712 4402 1774 4458 407.
