4710 6076
339 561 440 628 truvo.
457 557 501 643 l.]
793 555 989 619 HISTORIA
1014 551 1302 617 ulvnonsvlctt.

1210 871 1518 886 -ι-ι-ιιι-υ-σα-σ--η-ι

396 1185 580 1270 Honricus
607 1185 868 1270 Romanorum
901 1211 968 1268 rex
994 1186 1224 1270 monasterio
1266 1182 1611 1268 sanctimonialium
1649 1182 1751 1290 apud
1888 1254 1922 1288 ,ο

343 1318 612 1430 Repp'spontem
633 1317 830 1427 quoddam
847 1317 1085 1426 praediolum
1107 1315 1249 1402 ibidem
1268 1317 1405 1423 situm,
1423 1313 1563 1399 seilicet
1582 1311 1622 1394 in
1645 1337 1752 1396 saera

344 1450 466 1562 sylva,
483 1443 572 1534 ¹oum
594 1450 752 1534 deoimis
765 1459 802 1533 et
820 1449 972 1560 juribus
994 1449 1185 1558 coneedit,
1200 1449 1316 1533 totius
1336 1447 1414 1532 litis
1430 1450 1528 1532 inter
1550 1447 1753 1531 sanctimo-

344 1585 465 1668 niales
482 1567 635 1668 easdem'
652 1592 691 1668 et
709 1565 913 1696 llenriouui
935 1583 1142 1694 plebanum
1159 1584 1210 1692 de
1229 1581 1483 1667 Coohenheim
1504 1580 1639 1665 seriem
1661 1606 1750 1665 me-

345 1717 501 1832 morans
522 1691 669 1800 hennon
688 1721 726 1797 et
744 1713 902 1797 nomina
921 1714 1090 1826 quinque
1111 1713 1323 1824 primarum
1347 1711 1462 1824 hujus
1483 1711 1556 1796 looi
1576 1709 1751 1796 abbatis-

346 1873 490 1933 sarum.

352 2094 356 2108 '
380 2123 381 2128 ι
427 2089 531 2170 (mvn.
545 2087 754 2162 Senosrmm,
768 2085 863 2150 Alsat.
878 2085 1043 2168 dtpbruot„
1059 2093 1133 2150 tom.
1147 2089 1181 2163 Ι,
1201 2103 1234 2165 p.
1253 2095 1328 2162 tat,
1349 2097 1384 2148 ιιο
1399 2095 1474 2161 451,
1489 2103 1526 2148 ex
1544 2085 1638 2150 tubal.
1653 2087 1752 2149 abbat.

354 2243 357 2254 .
463 2198 640 2276 ltegtmont.
656 2197 760 2276 Magni
773 2199 916 2258 momenti
929 2195 1025 2258 estad
1038 2191 1300 2272 histortamtnrts.)

394 2406 564 2498 Heminae
577 2406 640 2500 Dei
653 2405 762 2500 gratia
775 2406 1004 2480 Romanorum
1017 2427 1082 2480 rex
1095 2415 1131 2478 ot
1143 2426 1278 2502 semper
1293 2413 1477 2501 angustus,
1487 2407 1651 2482 omnibus
1665 2407 1754 2482 hano

346 2530 509 2628 ppginam
524 2529 713 2604 litterarum
730 2527 944 2602 intuentibus
957 2528 1103 2623 gratiam
1117 2549 1217 2602 suam
1232 2537 1267 2601 et
1282 2529 1319 2602 in
1337 2529 1446 2604 eterni
1462 2530 1554 2626 ragis
1579 2531 1755 2604 mansione

348 2653 500 2755 gloriari.
517 2653 607 2745 Quia
620 2673 735 2726 rerum
749 2661 923 2748 gestarum
937 2653 1102 2726 memorie
1115 2651 1272 2728 ordinem
1287 2651 1505 2728 adversatrix
1523 2654 1654 2729 oblivio
1671 2679 1755 2753 per-

349 2776 487 2863 turbare
507 2786 543 2850 et
559 2776 756 2866 mortalium
776 2776 951 2850 mentibus
973 2776 1111 2872 penitus
1133 2775 1266 2871 eripere
1289 2785 1507 2871 consuetum,
1534 2778 1663 2853 ideireo
1687 2803 1756 2876 que

348 2901 501 2998 legitime
516 2909 685 2998 geruntur
700 2902 737 2980 iu
755 2908 908 2996 tempore
928 2899 1120 2974 litterarum
1136 2899 1246 2974 solent
1269 2897 1439 2974 beneficio
1463 2902 1662 2998 perpetrari.
1682 2904 1757 2976 No-

348 3025 571 3121 verititnque
589 3024 753 3118 universe
774 3023 1001 3100 snoeassionis
1023 3024 1203 3120 posteritas
1220 3023 1316 3120 qnod
1333 3046 1397 3099 nos
1418 3026 1513 3121 regio
1534 3025 1651 3102 habito
1670 3049 1756 3100 con-

348 3150 439 3244 silio,
452 3149 575 3238 divina
588 3148 823 3240 seiustillnute
833 3147 1071 3244 opitulatione,
1083 3147 1276 3245 prediolum
1288 3149 1384 3245 apud
1395 3150 1637 3247 Regispontem
1651 3152 1756 3224 sitnm

348 3274 669 3368 sanctimonialibus
682 3273 812 3347 ibidem
826 3273 863 3345 in
879 3271 1010 3348 bonore
1025 3274 1088 3348 Dei
1102 3283 1137 3348 et
1153 3282 1271 3348 sancte
1289 3275 1407 3347 matris
1419 3275 1495 3368 ejus
1508 3275 1566 3350 die
1583 3287 1756 3371 noctuque

350 3397 583 3494 servientibus¹
603 3398 671 3490 sub
698 3397 839 3494 speciali
862 3397 962 3476 titulo
985 3397 1216 3472 concessionis
1239 3399 1525 3494 subjugavimus,
1550 3401 1755 3474 affirmantes

350 3519 444 3620 idem
459 3521 652 3618 prediolum
669 3520 736 3597 sub
749 3520 809 3594 tali
819 3521 908 3615 juris
923 3521 1043 3615 regula
1058 3521 1177 3616 vigere
1193 3522 1262 3594 sub
1274 3543 1344 3618 qna
1360 3523 1464 3598 Saora
1480 3523 1575 3632 Silva
1591 3522 1756 3598 haetenus

350 3646 555 3744 permansio
574 3645 661 3720 illud
679 3646 782 3722 stiam
802 3644 970 3740 addentes
989 3645 1129 3754 quodsi
1142 3645 1269 3742 aliquis
1291 3647 1372 3720 sive·
1389 3647 1534 3722 eleriods
1551 3647 1630 3732 sive
1641 3647 1757 3722 laicus

351 3769 477 3858 vivens
495 3771 565 3854 sub
582 3770 749 3866 regimim
774 3769 868 3860 civili
889 3771 946 3844 vel
966 3769 1136 3866 spirituali
1160 3770 1196 3844 in
1220 3771 1373 3866 predicto
1395 3770 1550 3868 prediolo
1572 3771 1756 3846 sanctimo-

351 3893 461 3969 niales
484 3893 720 3990 impulsaverit
741 3894 798 3966 vel
821 3894 938 3991 aliquo
959 3895 1161 3990 mavamine
1180 3895 1404 3988 oonousserit,
1429 3895 1581 4004 donimus
1603 3896 1661 3970 vel
1677 3897 1756 3990 jura

351 4017 468 4113 aliqua
482 4017 590 4094 abeis
603 4017 973 4112 exigendo‚offensam
989 4021 1121 4114 regiam
1136 4041 1174 4094 se
1191 4020 1277 4094 seiat
1291 4021 1492 4106 ineurusse..
1504 4021 1549 4094 Ut
1565 4020 1630 4094 hae
1642 4031 1756 4094 autem

352 4143 583 4218 eoncessionis
607 4164 711 4218 eausa
737 4144 889 4238 legitima
914 4167 936 4220 a
959 4147 1092 4220 cunetis
1111 4154 1249 4220 maneat
1266 4148 1484 4240 ineonvulsa,
1507 4147 1674 4221 exaudita
1696 4169 1756 4243 ps·

352 4267 474 4343 titione
496 4268 821 4360 sanctimonialium,
841 4269 954 4364 sigillo
978 4279 1093 4344 nostro
1110 4269 1328 4345 decrevimus
1352 4271 1576 4364 eommuniri;
1601 4293 1667 4344 neo
1691 4269 1756 4344 hoe

352 4390 569 4468 retinendum
592 4401 646 4466 est
659 4391 835 4488 quomodo
856 4402 917 4466 aut
933 4393 1080 4488 qualiter
1097 4393 1164 4468 boo
1179 4395 1373 4492 prediolum
1396 4396 1564 4490 majestati
1583 4395 1688 4468 nostri
1713 4395 1758 4466 sit

352 4514 588 4614 subjugatum.
622 4515 683 4588 Vir
710 4515 849 4600 nomine
873 4515 1009 4590 Ulrious
1032 4517 1123 4592 bone
1158 4519 1427 4595 eonversationis
1454 4517 1647 4616 prediolum
1676 4539 1758 4614 sepe

355 4637 487 4714 dietum
501 4641 634 4738 primns
648 4641 740 4739 oepit
756 4641 916 4718 sxoolere
929 4649 964 4716 et
978 4641 1183 4738 inhabitare.
1202 4645 1315 4721 Prima
1331 4644 1505 4720 abbatissa
1523 4643 1677 4739 ejusdem
1694 4643 1759 4716 toci
