4602 6084
551 634 574 696 t
1055 631 1270 696 salutatur
1296 630 1472 694 saccant
1782 627 1863 707 [dart.
1882 629 1968 694 mu.

553 768 743 865 Aurigetus
759 769 890 864 Ugonis
905 771 1034 866 Rogata
1055 791 1119 866 pro
1136 768 1311 842 communi
1327 767 1511 858 Faventie;
1529 763 1610 838 Gui.
1628 763 1674 839 de
1688 764 1862 857 Curturio,
1878 765 1969 839 lien·

553 893 648 966 ricus
664 891 709 966 de
723 893 809 968 Vico
821 891 945 989 Ageris
958 915 1022 992 pro
1034 893 1211 968 communi
1225 891 1361 982 Pndna;
1376 891 1524 964 lacobus
1540 889 1586 964 de
1597 890 1694 962 Bono
1704 888 1829 978 ludeo,
1843 889 1969 984 Ugntio

552 1015 718 1092 lobannis
728 1017 912 1094 Gaudentii
924 1041 987 1116 pro
997 1019 1173 1094 communi
1184 1017 1355 1108 vicentio,
1370 1015 1519 1089 lacobus
1529 1013 1576 1088 de
1585 1013 1772 1104 Sedetano,
1786 1013 1969 1090 Gnidottus

552 1142 687 1215 Sachns
700 1164 764 1238 pro
780 1144 958 1217 communi
971 1143 1106 1234 lande;
1119 1141 1303 1232 Gnirisius,
1319 1139 1494 1214 lohannes
1506 1141 1707 1214 Cremasnus
1718 1159 1782 1234 pro
1793 1141 1967 1214 communi

550 1266 710 1360 Mantua,
730 1268 876 1341 laniuns
891 1269 937 1342 da
949 1269 1094 1361 lacobo,
1109 1266 1271 1341 Albanus
1286 1265 1332 1340 de
1347 1267 1466 1355 Portu,
1480 1264 1693 1356 Peeorarins,
1710 1263 1968 1339 Bartholcmeus

546 1390 660 1486 judex
679 1413 743 1488 pro
758 1394 934 1466 communi
954 1393 1161 1482 Veronensi3
1179 1393 1311 1486 Ugutns
1329 1391 1377 1467 de
1395 1393 1604 1488 hlulaparta,
1623 1387 1786 1462 Albertus
1802 1389 1967 1464 Μαῑοιιοὶ-

549 1537 617 1588 nus
630 1537 693 1612 pro
709 1517 885 1591 communi
903 1517 1063 1607 Tarvisii,
1077 1527 1227 1592 rectores
1244 1517 1417 1592 societath
1430 1512 1649 1606 lombardie,
1666 1512 1830 1606 Marchie,
1843 1515 1969 1588 lloma·

548 1640 654 1732 niolo,
672 1649 813 1738 totaque
828 1642 905 1738 ipsa
923 1643 1069 1716 societas
1087 1651 1284 1716 sanctornm
1300 1641 1431 1738 pedum
1445 1639 1604 1712 osculum
1619 1659 1699 1710 cnm
1715 1637 1833 1711 debito
1850 1639 1968 1712 lamu-

548 1765 634 1838 latu.
651 1767 743 1839 Inter
759 1775 873 1840 cetera
890 1789 960 1860 qne
977 1765 1255 1842 mansuetudinis
1271 1775 1387 1840 vestre
1403 1763 1573 1861 sapientia
1588 1763 1708 1836 statuit
1722 1771 1756 1836 et
1772 1761 1963 1852 ordinavit,

547 1890 639 1963 sicut
653 1899 769 1963 vestre
790 1889 891 1962 nobis
916 1889 1028 1962 littere
1052 1889 1291 1978 declararant,
1308 1889 1374 1962 hec
1396 1889 1443 1962 de
1460 1891 1605 1962 lratrum
1628 1895 1821 1961 vestituum
1844 1887 1966 1984 provi-

548 2012 667 2087 dentia
682 2013 838 2109 piissime
852 2013 1055 2086 decrevistis
1068 2024 1108 2086 ut
1123 2034 1186 2086 nos
1196 2012 1243 2086 ad
1256 2013 1422 2086 honoiem
1437 2013 1498 2085 Dei
1511 2011 1755 2108 omnipotentis
1767 2021 1803 2084 et
1814 2011 1965 2086 Ecclesia

546 2144 665 2210 sancte
690 2158 754 2210 sue
779 2157 822 2210 ac
847 2147 1003 2210 vestrum
1025 2135 1151 2210 demus
1174 2136 1344 2229 majestati
1367 2135 1584 2232 imperatorie
1605 2157 1668 2232 pro
1690 2135 1850 2209 subsidio
1876 2143 1965 2208 terre

544 2269 663 2334 sancte
677 2261 715 2333 iu
728 2260 855 2334 nostris
869 2261 1034 2358 expensis
1051 2283 1115 2358 per
1130 2261 1309 2334 biennium
1326 2260 1454 2334 milites
1468 2259 1743 2356 quadringentos
1758 2282 1800 2334 uc
1816 2259 1965 2334 civitati·

544 2384 634 2476 bus,
652 2386 737 2460 locis
755 2395 791 2459 et
810 2386 965 2482 personis
988 2383 1159 2482 imperiali
1179 2385 1377 2460 celsitudini
1394 2385 1641 2460 adherentibus
1662 2387 1828 2460 faciamus
1844 2405 1963 2482 pacem

543 2508 757 2608 firmiterque
769 2531 959 2600 semensas,
971 2511 1184 2586 remittentes
1194 2511 1246 2584 eis
1257 2532 1396 2586 omnem
1410 2531 1601 2602 rancorem,
1612 2510 1895 2604 malivolentiam,
1910 2511 1964 2582 in·

540 2635 863 2729 juriasetollensas,
874 2635 1062 2732 omniaque
1071 2637 1199 2729 banna,
1207 2637 1480 2729 constitutiones,
1487 2635 1674 2710 sententias
1682 2645 1716 2709 et
1726 2635 1963 2710 ordinamenta

543 2783 614 2858 que
628 2761 773 2834 lecimus
785 2762 842 2834 vel
857 2760 1086 2856 imposuimus
1102 2761 1315 2852 civitatibus,
1330 2761 1415 2833 locis
1426 2769 1461 2832 et
1473 2761 1630 2858 personis
1645 2761 1813 2858 imperiali
1829 2761 1964 2833 celsitu·

544 2885 620 2960 dini
632 2884 895 2978 adherentibus,
907 2893 942 2958 et
955 2907 1166 2980 quecunque
1180 2907 1227 2960 ex
1238 2886 1291 2960 eis
1305 2886 1362 2960 vel
1374 2885 1421 2958 ob
1433 2907 1476 2958 ea
1487 2893 1605 2959 secuta
1619 2893 1701 2958 sunt
1713 2885 1852 2980 penitus
1867 2903 1963 2958 revo-

542 3030 683 3102 cemus3
701 3029 743 3082 ac
759 3010 982 3082 restituamus
999 3008 1156 3105 captivos
1173 3009 1235 3104 qui
1252 3009 1433 3084 occasione
1449 3009 1555 3104 hujus
1574 3009 1748 3083 discordie
1769 3009 1861 3106 capti
1882 3017 1962 3082 sunt

543 3155 627 3207 cum·
643 3132 744 3206 bonis
761 3155 882 3206 eorum
898 3141 934 3207 et
950 3132 1020 3207 alia
1035 3154 1106 3228 que
1119 3134 1300 3208 occasione
1317 3133 1475 3226 ejusdem
1492 3133 1666 3209 discordie
1684 3143 1785 3230 capta
1807 3143 1889 3206 sunt
1906 3133 1961 3206 vel

544 3257 698 3346 detenta,
718 3257 767 3330 ita
785 3256 882 3354 qnod
897 3257 1104 3332 adherentes
1122 3259 1290 3354 imperiali
1313 3259 1515 3332 sublimitati
1537 3259 1696 3332 similiter
1712 3259 1813 3332 uobis
1836 3258 1963 3332 saciant

543 3389 579 3456 et
596 3383 794 3457 observent.
815 3380 884 3456 Alii
905 3392 1023 3457 autern
1048 3384 1178 3482 captivi
1194 3383 1388 3458 secundnm
1405 3385 1465 3477 J'us
1482 3385 1705 3458 restituantur
1718 3384 1868 3480 imperii,
1882 3405 1961 3456 cum

543 3505 706 3599 majestas
730 3505 919 3602 imperialis
943 3508 1096 3602 legatum
1120 3529 1224 3580 snum
1252 3485 1289 3579 in
1313 3507 1520 3583 lombardia
1547 3529 1611 3603 pro
1634 3529 1720 3604 pace
1744 3505 1963 3582 reformanda

544 3629 634 3704 inter
649 3629 828 3705 discordes
845 3629 988 3704 duxerit
1002 3629 1261 3706 destinandum.
1278 3631 1544 3706 Constitutiones
1561 3654 1659 3725 vero,
1679 3633 1774 3726 leges
1788 3645 1823 3706 et
1837 3639 1963 3706 statuta

543 3753 590 3831 ab
613 3755 760 3828 ecclesia
782 3755 937 3830 Romanu
959 3765 995 3830 et
1016 3757 1169 3830 romanis
1192 3756 1458 3854 imperatoribus
1474 3767 1508 3830 et
1529 3757 1722 3853 specialiter
1741 3779 1763 3830 a
1783 3757 1961 3831 clementia

544 3878 678 3955 domini
695 3879 859 3954 Friderici
876 3881 1108 3955 Romanorum
1123 3881 1357 3978 imperatoris,
1377 3903 1515 3977 semper
1528 3881 1668 3976 augusti
1686 3891 1721 3956 et
1739 3882 1832 3976 regis
1849 3881 1964 3956 Sicilie

545 4014 665 4079 eontra
676 4005 857 4100 hereticos,
872 4015 1114 4104 receptatores,
1129 4005 1339 4095 defensores,
1354 4005 1534 4080 credentes
1544 4016 1579 4080 et
1590 4007 1739 4080 iarrtores
1753 4029 1873 4082 eornm
1886 4005 1964 4080 hac-

544 4136 646 4203 teuus
660 4132 877 4226 promulgata
890 4132 947 4205 vel
958 4131 995 4204 in
1014 4141 1192 4229 posterum
1206 4130 1460 4228 promulganda
1471 4131 1680 4227 recipiamus
1692 4142 1727 4206 et
1740 4133 1964 4204 observemus

546 4252 790 4326 inviolabiliter
799 4263 834 4326 et
841 4255 1025 4330 efficaciter
1035 4277 1265 4352 exequamur,
1273 4255 1574 4330 constitutionibus
1584 4255 1853 4350 municipalibus
1863 4251 1965 4326 editis

547 4385 666 4448 contra
692 4377 778 4450 tales
803 4377 1049 4452 nichilominus
1074 4381 1111 4452 in
1137 4381 1212 4453 suis
1235 4381 1320 4455 locis
1346 4380 1490 4454 firmiter
1513 4377 1754 4455 observandis.
1781 4379 1963 4452 Civitatnm

547 4509 665 4575 numm
687 4501 904 4596 aliorumque
926 4503 1079 4576 locorum
1097 4513 1301 4600 potestates,
1323 4507 1482 4580 eonsules
1500 4515 1536 4579 et
1553 4513 1724 4595 rectores,
1745 4521 1966 4598 quocumque

549 4623 689 4698 nomine
702 4634 918 4718 censeantur,
925 4625 1042 4718 Jurent
1055 4628 1150 4724 quod
1163 4629 1221 4702 illa
1229 4627 1377 4704 fideliter
1390 4629 1626 4702 observabunt
1639 4627 1747 4722 idque
1759 4649 1841 4700 suos
1849 4629 1965 4721 jurare

548 4749 676 4823 laniant
688 4769 916 4844 successores,
930 4761 1098 4848 ponentes
1113 4773 1155 4827 ea
1168 4753 1206 4824 iu
1222 4753 1359 4827 statutis
1371 4752 1551 4828 civitatum
1566 4753 1782 4848 aliorumque
1796 4751 1961 4838 locorum,
