<?xml version="1.0" encoding="UTF-8"?>
<!DOCTYPE html PUBLIC "-//W3C//DTD XHTML 1.0 Transitional//EN"
    "http://www.w3.org/TR/xhtml1/DTD/xhtml1-transitional.dtd">
<html xmlns="http://www.w3.org/1999/xhtml" xml:lang="en" lang="en">
 <head>
  <title>
</title>
<meta http-equiv="Content-Type" content="text/html;charset=utf-8" />
  <meta name='ocr-system' content='tesseract 3.04.00' />
  <meta name='ocr-capabilities' content='ocr_page ocr_carea ocr_par ocr_line ocrx_word'/>
</head>
<body>
  <div class='ocr_page' id='page_1' title='image "./historiadiploma03fredgoog/historiadiploma03fredgoog_0384.png"; bbox 0 0 4710 6076; ppageno 0'>
   <div class='ocr_carea' id='block_1_1' title="bbox 352 683 1764 765">
    <p class='ocr_par' dir='ltr' id='par_1_1' title="bbox 352 683 1764 765">
     <span class='ocr_line' id='line_1_1' title="bbox 352 683 1764 765; baseline -0.003 -15"><span class='ocrx_word' id='word_1_1' title='bbox 352 689 451 750; x_wconf 69' lang='lat' dir='ltr'>lemur.</span> <span class='ocrx_word' id='word_1_2' title='bbox 470 686 512 765; x_wconf 92' lang='lat' dir='ltr'>l.]</span> <span class='ocrx_word' id='word_1_3' title='bbox 577 711 580 718; x_wconf 91' lang='lat'>·</span> <span class='ocrx_word' id='word_1_4' title='bbox 805 685 1001 750; x_wconf 79' lang='lat' dir='ltr'>HISTORIA</span> <span class='ocrx_word' id='word_1_5' title='bbox 1026 683 1315 748; x_wconf 77' lang='lat' dir='ltr'>ntruoltttttclt</span> <span class='ocrx_word' id='word_1_6' title='bbox 1704 683 1764 746; x_wconf 74' lang='lat'>375</span> 
     </span>
    </p>
   </div>
   <div class='ocr_carea' id='block_1_2' title="bbox 572 951 1515 964">
    <p class='ocr_par' dir='ltr' id='par_1_2' title="bbox 572 951 1515 964">
     <span class='ocr_line' id='line_1_2' title="bbox 572 951 1515 964; baseline 0 -2"><span class='ocrx_word' id='word_1_7' title='bbox 572 952 743 963; x_wconf 53' lang='grc' dir='ltr'>..ιιι-*ο-</span> <span class='ocrx_word' id='word_1_8' title='bbox 748 953 1164 964; x_wconf 63' lang='grc' dir='ltr'>ηια-..ι-ι-ι-ιι-ι--ι--ικοιιι</span> <span class='ocrx_word' id='word_1_9' title='bbox 1169 951 1515 962; x_wconf 31' lang='grc' dir='ltr'>ιη-οσ--ιυ-ι-ι-ιι-..ο-</span> 
     </span>
    </p>
   </div>
   <div class='ocr_carea' id='block_1_3' title="bbox 354 1201 1762 1586">
    <p class='ocr_par' dir='ltr' id='par_1_3' title="bbox 354 1201 1762 1586">
     <span class='ocr_line' id='line_1_3' title="bbox 406 1201 1762 1294; baseline 0.006 -8"><span class='ocrx_word' id='word_1_10' title='bbox 406 1201 591 1286; x_wconf 88' lang='lat' dir='ltr'>Henricns</span> <span class='ocrx_word' id='word_1_11' title='bbox 602 1203 862 1288; x_wconf 89' lang='lat' dir='ltr'>Romanorum</span> <span class='ocrx_word' id='word_1_12' title='bbox 875 1228 942 1288; x_wconf 83' lang='lat' dir='ltr'>rex</span> <span class='ocrx_word' id='word_1_13' title='bbox 954 1204 1112 1288; x_wconf 89' lang='lat' dir='ltr'>mandat</span> <span class='ocrx_word' id='word_1_14' title='bbox 1129 1205 1288 1290; x_wconf 73' lang='lat' dir='ltr'>sculteto</span> <span class='ocrx_word' id='word_1_15' title='bbox 1305 1215 1343 1289; x_wconf 89' lang='lat' dir='ltr'>ct</span> <span class='ocrx_word' id='word_1_16' title='bbox 1359 1206 1544 1291; x_wconf 90' lang='lat' dir='ltr'>universis</span> <span class='ocrx_word' id='word_1_17' title='bbox 1562 1209 1706 1294; x_wconf 91' lang='lat' dir='ltr'>civibus</span> <span class='ocrx_word' id='word_1_18' title='bbox 1722 1211 1762 1294; x_wconf 93' lang='lat' dir='ltr'>in</span> 
     </span>
     <span class='ocr_line' id='line_1_4' title="bbox 355 1335 1762 1448; baseline 0.003 -26"><span class='ocrx_word' id='word_1_19' title='bbox 355 1335 593 1446; x_wconf 89' lang='lat' dir='ltr'>Oppenbeim</span> <span class='ocrx_word' id='word_1_20' title='bbox 614 1345 660 1420; x_wconf 91' lang='lat' dir='ltr'>ut</span> <span class='ocrx_word' id='word_1_21' title='bbox 682 1335 880 1420; x_wconf 86' lang='lat' dir='ltr'>ecelesiam</span> <span class='ocrx_word' id='word_1_22' title='bbox 903 1338 951 1420; x_wconf 90' lang='lat' dir='ltr'>de</span> <span class='ocrx_word' id='word_1_23' title='bbox 973 1335 1080 1420; x_wconf 89' lang='lat' dir='ltr'>Hane</span> <span class='ocrx_word' id='word_1_24' title='bbox 1102 1347 1234 1422; x_wconf 86' lang='lat' dir='ltr'>contra</span> <span class='ocrx_word' id='word_1_25' title='bbox 1255 1337 1473 1448; x_wconf 80' lang='lat' dir='ltr'>Philippum</span> <span class='ocrx_word' id='word_1_26' title='bbox 1488 1342 1536 1425; x_wconf 93' lang='lat' dir='ltr'>de</span> <span class='ocrx_word' id='word_1_27' title='bbox 1558 1341 1762 1428; x_wconf 87' lang='lat' dir='ltr'>Hohenlels</span> 
     </span>
     <span class='ocr_line' id='line_1_5' title="bbox 354 1467 1681 1586; baseline 0.004 -33"><span class='ocrx_word' id='word_1_28' title='bbox 354 1469 500 1582; x_wconf 89' lang='lat' dir='ltr'>aliquid</span> <span class='ocrx_word' id='word_1_29' title='bbox 516 1467 682 1554; x_wconf 80' lang='lat' dir='ltr'>indebite</span> <span class='ocrx_word' id='word_1_30' title='bbox 698 1469 747 1553; x_wconf 90' lang='lat' dir='ltr'>ab</span> <span class='ocrx_word' id='word_1_31' title='bbox 760 1471 894 1553; x_wconf 89' lang='lat' dir='ltr'>eadem</span> <span class='ocrx_word' id='word_1_32' title='bbox 906 1469 1118 1582; x_wconf 79' lang='lat' dir='ltr'>exigentem</span> <span class='ocrx_word' id='word_1_33' title='bbox 1135 1481 1406 1555; x_wconf 79' lang='lat' dir='ltr'>manuteneant</span> <span class='ocrx_word' id='word_1_34' title='bbox 1418 1481 1455 1556; x_wconf 92' lang='lat' dir='ltr'>et</span> <span class='ocrx_word' id='word_1_35' title='bbox 1467 1483 1681 1586; x_wconf 86' lang='lat' dir='ltr'>protegent.</span> 
     </span>
    </p>
   </div>
   <div class='ocr_carea' id='block_1_4' title="bbox 433 1680 1759 1870">
    <p class='ocr_par' dir='ltr' id='par_1_4' title="bbox 433 1680 1759 1870">
     <span class='ocr_line' id='line_1_6' title="bbox 433 1680 1759 1770; baseline 0.005 -24"><span class='ocrx_word' id='word_1_36' title='bbox 433 1681 536 1765; x_wconf 72' lang='lat' dir='ltr'>(nota</span> <span class='ocrx_word' id='word_1_37' title='bbox 550 1683 703 1760; x_wconf 73' lang='lat' dir='ltr'>limma,</span> <span class='ocrx_word' id='word_1_38' title='bbox 722 1680 861 1747; x_wconf 72' lang='lat' dir='ltr'>Urkundl.</span> <span class='ocrx_word' id='word_1_39' title='bbox 884 1681 982 1748; x_wconf 75' lang='lat' dir='ltr'>duct.</span> <span class='ocrx_word' id='word_1_40' title='bbox 1000 1683 1052 1746; x_wconf 74' lang='lat' dir='ltr'>der</span> <span class='ocrx_word' id='word_1_41' title='bbox 1070 1682 1130 1748; x_wconf 79' lang='lat' dir='ltr'>abt</span> <span class='ocrx_word' id='word_1_42' title='bbox 1149 1683 1214 1746; x_wconf 76' lang='lat' dir='ltr'>und</span> <span class='ocrx_word' id='word_1_43' title='bbox 1228 1683 1333 1748; x_wconf 71' lang='lat' dir='ltr'>Hister</span> <span class='ocrx_word' id='word_1_44' title='bbox 1350 1686 1384 1747; x_wconf 79' lang='lat' dir='ltr'>iu</span> <span class='ocrx_word' id='word_1_45' title='bbox 1401 1685 1614 1766; x_wconf 78' lang='lat' dir='ltr'>Rbeiaboiem,</span> <span class='ocrx_word' id='word_1_46' title='bbox 1632 1707 1700 1770; x_wconf 86' lang='lat' dir='ltr'>pars</span> <span class='ocrx_word' id='word_1_47' title='bbox 1714 1699 1759 1767; x_wconf 79' lang='lat'>2¹,</span> 
     </span>
     <span class='ocr_line' id='line_1_7' title="bbox 472 1791 703 1870; baseline 0.009 -18"><span class='ocrx_word' id='word_1_48' title='bbox 472 1791 559 1868; x_wconf 81' lang='lat' dir='ltr'>sart,</span> <span class='ocrx_word' id='word_1_49' title='bbox 571 1807 603 1870; x_wconf 88' lang='lat' dir='ltr'>p.</span> <span class='ocrx_word' id='word_1_50' title='bbox 619 1793 703 1868; x_wconf 78' lang='lat' dir='ltr'>tec.)</span> 
     </span>
    </p>
   </div>
   <div class='ocr_carea' id='block_1_5' title="bbox 348 1977 1762 4068">
    <p class='ocr_par' dir='ltr' id='par_1_5' title="bbox 348 1977 1762 3944">
     <span class='ocr_line' id='line_1_8' title="bbox 401 1977 1762 2076; baseline 0.007 -26"><span class='ocrx_word' id='word_1_51' title='bbox 401 1977 444 2050; x_wconf 89' lang='lat' dir='ltr'>ll.</span> <span class='ocrx_word' id='word_1_52' title='bbox 475 1977 539 2051; x_wconf 90' lang='lat' dir='ltr'>Dei</span> <span class='ocrx_word' id='word_1_53' title='bbox 569 1979 680 2074; x_wconf 84' lang='lat' dir='ltr'>gratia</span> <span class='ocrx_word' id='word_1_54' title='bbox 707 1979 938 2054; x_wconf 84' lang='lat' dir='ltr'>Romanomm</span> <span class='ocrx_word' id='word_1_55' title='bbox 966 2001 1030 2054; x_wconf 85' lang='lat' dir='ltr'>rex</span> <span class='ocrx_word' id='word_1_56' title='bbox 1057 1987 1093 2052; x_wconf 91' lang='lat' dir='ltr'>et</span> <span class='ocrx_word' id='word_1_57' title='bbox 1121 2001 1256 2076; x_wconf 82' lang='lat' dir='ltr'>semper</span> <span class='ocrx_word' id='word_1_58' title='bbox 1278 1988 1468 2074; x_wconf 85' lang='lat' dir='ltr'>augustus,</span> <span class='ocrx_word' id='word_1_59' title='bbox 1497 1981 1659 2056; x_wconf 86' lang='lat' dir='ltr'>fidelibus</span> <span class='ocrx_word' id='word_1_60' title='bbox 1688 1985 1762 2060; x_wconf 93' lang='lat' dir='ltr'>suis</span> 
     </span>
     <span class='ocr_line' id='line_1_9' title="bbox 352 2101 1761 2200; baseline 0.006 -26"><span class='ocrx_word' id='word_1_61' title='bbox 352 2101 395 2174; x_wconf 87' lang='lat' dir='ltr'>ll.</span> <span class='ocrx_word' id='word_1_62' title='bbox 418 2101 563 2176; x_wconf 83' lang='lat' dir='ltr'>sculteto</span> <span class='ocrx_word' id='word_1_63' title='bbox 583 2111 620 2198; x_wconf 86' lang='lat' dir='ltr'>et</span> <span class='ocrx_word' id='word_1_64' title='bbox 646 2101 818 2178; x_wconf 88' lang='lat' dir='ltr'>universis</span> <span class='ocrx_word' id='word_1_65' title='bbox 843 2103 978 2177; x_wconf 89' lang='lat' dir='ltr'>civibus</span> <span class='ocrx_word' id='word_1_66' title='bbox 1005 2103 1042 2178; x_wconf 95' lang='lat' dir='ltr'>in</span> <span class='ocrx_word' id='word_1_67' title='bbox 1068 2103 1295 2200; x_wconf 76' lang='lat' dir='ltr'>Oppenbeym</span> <span class='ocrx_word' id='word_1_68' title='bbox 1321 2105 1466 2200; x_wconf 83' lang='lat' dir='ltr'>gratiam</span> <span class='ocrx_word' id='word_1_69' title='bbox 1490 2127 1590 2180; x_wconf 84' lang='lat' dir='ltr'>suam</span> <span class='ocrx_word' id='word_1_70' title='bbox 1607 2117 1643 2180; x_wconf 92' lang='lat' dir='ltr'>et</span> <span class='ocrx_word' id='word_1_71' title='bbox 1658 2129 1761 2186; x_wconf 91' lang='lat' dir='ltr'>omne</span> 
     </span>
     <span class='ocr_line' id='line_1_10' title="bbox 351 2226 1761 2328; baseline 0.006 -28"><span class='ocrx_word' id='word_1_72' title='bbox 351 2227 496 2300; x_wconf 90' lang='lat' dir='ltr'>bonum.</span> <span class='ocrx_word' id='word_1_73' title='bbox 536 2226 738 2324; x_wconf 87' lang='lat' dir='ltr'>Cognitione</span> <span class='ocrx_word' id='word_1_74' title='bbox 768 2227 941 2324; x_wconf 90' lang='lat' dir='ltr'>privilegii</span> <span class='ocrx_word' id='word_1_75' title='bbox 973 2229 1184 2324; x_wconf 86' lang='lat' dir='ltr'>Hegenensis</span> <span class='ocrx_word' id='word_1_76' title='bbox 1219 2229 1364 2302; x_wconf 82' lang='lat' dir='ltr'>ecclesie</span> <span class='ocrx_word' id='word_1_77' title='bbox 1389 2226 1441 2328; x_wconf 88' lang='lat' dir='ltr'>(t)</span> <span class='ocrx_word' id='word_1_78' title='bbox 1466 2251 1570 2326; x_wconf 90' lang='lat' dir='ltr'>super</span> <span class='ocrx_word' id='word_1_79' title='bbox 1608 2233 1761 2328; x_wconf 88' lang='lat' dir='ltr'>quadam</span> 
     </span>
     <span class='ocr_line' id='line_1_11' title="bbox 351 2351 1761 2452; baseline 0.004 -26"><span class='ocrx_word' id='word_1_80' title='bbox 351 2352 533 2426; x_wconf 86' lang='lat' dir='ltr'>exactione</span> <span class='ocrx_word' id='word_1_81' title='bbox 549 2351 704 2427; x_wconf 89' lang='lat' dir='ltr'>indebita</span> <span class='ocrx_word' id='word_1_82' title='bbox 719 2372 789 2450; x_wconf 81' lang='lat' dir='ltr'>que</span> <span class='ocrx_word' id='word_1_83' title='bbox 801 2352 838 2426; x_wconf 92' lang='lat' dir='ltr'>in</span> <span class='ocrx_word' id='word_1_84' title='bbox 853 2352 964 2449; x_wconf 85' lang='lat' dir='ltr'>ipsam</span> <span class='ocrx_word' id='word_1_85' title='bbox 977 2353 1154 2448; x_wconf 88' lang='lat' dir='ltr'>quondam</span> <span class='ocrx_word' id='word_1_86' title='bbox 1169 2351 1243 2426; x_wconf 87' lang='lat' dir='ltr'>fieri</span> <span class='ocrx_word' id='word_1_87' title='bbox 1257 2353 1402 2444; x_wconf 88' lang='lat' dir='ltr'>solebat,</span> <span class='ocrx_word' id='word_1_88' title='bbox 1420 2353 1653 2430; x_wconf 87' lang='lat' dir='ltr'>intelleximus</span> <span class='ocrx_word' id='word_1_89' title='bbox 1665 2357 1761 2452; x_wconf 88' lang='lat' dir='ltr'>quod</span> 
     </span>
     <span class='ocr_line' id='line_1_12' title="bbox 351 2475 1761 2573; baseline 0.003 -23"><span class='ocrx_word' id='word_1_90' title='bbox 351 2475 414 2550; x_wconf 88' lang='lat' dir='ltr'>Ph.</span> <span class='ocrx_word' id='word_1_91' title='bbox 432 2477 477 2552; x_wconf 92' lang='lat' dir='ltr'>de</span> <span class='ocrx_word' id='word_1_92' title='bbox 491 2476 644 2550; x_wconf 86' lang='lat' dir='ltr'>Hointels</span> <span class='ocrx_word' id='word_1_93' title='bbox 657 2476 786 2552; x_wconf 84' lang='lat' dir='ltr'>dietam</span> <span class='ocrx_word' id='word_1_94' title='bbox 808 2477 987 2552; x_wconf 87' lang='lat' dir='ltr'>ecelesiam</span> <span class='ocrx_word' id='word_1_95' title='bbox 1010 2499 1073 2573; x_wconf 90' lang='lat' dir='ltr'>pro</span> <span class='ocrx_word' id='word_1_96' title='bbox 1088 2477 1211 2552; x_wconf 88' lang='lat' dir='ltr'>eadem</span> <span class='ocrx_word' id='word_1_97' title='bbox 1226 2477 1409 2552; x_wconf 86' lang='lat' dir='ltr'>exactione</span> <span class='ocrx_word' id='word_1_98' title='bbox 1429 2477 1586 2554; x_wconf 90' lang='lat' dir='ltr'>indebite</span> <span class='ocrx_word' id='word_1_99' title='bbox 1605 2481 1761 2556; x_wconf 87' lang='lat' dir='ltr'>molestet</span> 
     </span>
     <span class='ocr_line' id='line_1_13' title="bbox 351 2600 1760 2698; baseline 0.004 -23"><span class='ocrx_word' id='word_1_100' title='bbox 351 2607 387 2675; x_wconf 87' lang='lat' dir='ltr'>et</span> <span class='ocrx_word' id='word_1_101' title='bbox 410 2621 465 2674; x_wconf 83' lang='lat' dir='ltr'>res</span> <span class='ocrx_word' id='word_1_102' title='bbox 490 2601 601 2698; x_wconf 91' lang='lat' dir='ltr'>ipsius</span> <span class='ocrx_word' id='word_1_103' title='bbox 622 2601 812 2676; x_wconf 81' lang='lat' dir='ltr'>auterendo</span> <span class='ocrx_word' id='word_1_104' title='bbox 837 2600 951 2675; x_wconf 91' lang='lat' dir='ltr'>modis</span> <span class='ocrx_word' id='word_1_105' title='bbox 974 2601 1137 2674; x_wconf 89' lang='lat' dir='ltr'>omnibus</span> <span class='ocrx_word' id='word_1_106' title='bbox 1158 2601 1195 2672; x_wconf 93' lang='lat' dir='ltr'>in</span> <span class='ocrx_word' id='word_1_107' title='bbox 1214 2601 1375 2676; x_wconf 86' lang='lat' dir='ltr'>eamdem</span> <span class='ocrx_word' id='word_1_108' title='bbox 1398 2603 1577 2678; x_wconf 89' lang='lat' dir='ltr'>eeclesiam</span> <span class='ocrx_word' id='word_1_109' title='bbox 1601 2605 1760 2680; x_wconf 88' lang='lat' dir='ltr'>desevire</span> 
     </span>
     <span class='ocr_line' id='line_1_14' title="bbox 350 2724 1759 2822; baseline 0.004 -24"><span class='ocrx_word' id='word_1_110' title='bbox 350 2724 491 2798; x_wconf 90' lang='lat' dir='ltr'>nitatur.</span> <span class='ocrx_word' id='word_1_111' title='bbox 520 2725 606 2800; x_wconf 89' lang='lat' dir='ltr'>Cum</span> <span class='ocrx_word' id='word_1_112' title='bbox 634 2725 741 2822; x_wconf 90' lang='lat' dir='ltr'>igitur</span> <span class='ocrx_word' id='word_1_113' title='bbox 766 2735 921 2799; x_wconf 89' lang='lat' dir='ltr'>nostrum</span> <span class='ocrx_word' id='word_1_114' title='bbox 945 2725 990 2798; x_wconf 91' lang='lat' dir='ltr'>sit</span> <span class='ocrx_word' id='word_1_115' title='bbox 1014 2725 1249 2799; x_wconf 86' lang='lat' dir='ltr'>innocentium</span> <span class='ocrx_word' id='word_1_116' title='bbox 1270 2747 1394 2799; x_wconf 86' lang='lat' dir='ltr'>causas</span> <span class='ocrx_word' id='word_1_117' title='bbox 1414 2735 1528 2800; x_wconf 89' lang='lat' dir='ltr'>nostre</span> <span class='ocrx_word' id='word_1_118' title='bbox 1550 2727 1759 2803; x_wconf 84' lang='lat' dir='ltr'>detensionis</span> 
     </span>
     <span class='ocr_line' id='line_1_15' title="bbox 349 2849 1759 2947; baseline 0.002 -22"><span class='ocrx_word' id='word_1_119' title='bbox 349 2849 603 2943; x_wconf 76' lang='lat' dir='ltr'>auxiliamen,</span> <span class='ocrx_word' id='word_1_120' title='bbox 625 2850 778 2926; x_wconf 85' lang='lat' dir='ltr'>maxime</span> <span class='ocrx_word' id='word_1_121' title='bbox 798 2857 915 2924; x_wconf 67' lang='lat' dir='ltr'>emen</span> <span class='ocrx_word' id='word_1_122' title='bbox 931 2870 1051 2924; x_wconf 91' lang='lat' dir='ltr'>eornm</span> <span class='ocrx_word' id='word_1_123' title='bbox 1072 2849 1134 2944; x_wconf 89' lang='lat' dir='ltr'>qui</span> <span class='ocrx_word' id='word_1_124' title='bbox 1158 2869 1243 2926; x_wconf 86' lang='lat' dir='ltr'>vero</span> <span class='ocrx_word' id='word_1_125' title='bbox 1268 2859 1305 2924; x_wconf 91' lang='lat' dir='ltr'>et</span> <span class='ocrx_word' id='word_1_126' title='bbox 1323 2851 1545 2947; x_wconf 87' lang='lat' dir='ltr'>comprobato</span> <span class='ocrx_word' id='word_1_127' title='bbox 1566 2853 1759 2929; x_wconf 88' lang='lat' dir='ltr'>testimonio</span> 
     </span>
     <span class='ocr_line' id='line_1_16' title="bbox 349 2973 1760 3070; baseline 0.002 -22"><span class='ocrx_word' id='word_1_128' title='bbox 349 2973 548 3048; x_wconf 88' lang='lat' dir='ltr'>innocentes</span> <span class='ocrx_word' id='word_1_129' title='bbox 575 2995 653 3048; x_wconf 87' lang='lat' dir='ltr'>esse</span> <span class='ocrx_word' id='word_1_130' title='bbox 682 2973 949 3070; x_wconf 87' lang='lat' dir='ltr'>dignoscuntur,</span> <span class='ocrx_word' id='word_1_131' title='bbox 982 2974 1200 3048; x_wconf 72' lang='lat' dir='ltr'>universitati</span> <span class='ocrx_word' id='word_1_132' title='bbox 1232 2983 1347 3048; x_wconf 81' lang='lat' dir='ltr'>vestre</span> <span class='ocrx_word' id='word_1_133' title='bbox 1380 2974 1586 3050; x_wconf 86' lang='lat' dir='ltr'>mandamus</span> <span class='ocrx_word' id='word_1_134' title='bbox 1619 2977 1760 3052; x_wconf 85' lang='lat' dir='ltr'>firmiter</span> 
     </span>
     <span class='ocr_line' id='line_1_17' title="bbox 348 3097 1759 3196; baseline 0.002 -22"><span class='ocrx_word' id='word_1_135' title='bbox 348 3100 577 3196; x_wconf 87' lang='lat' dir='ltr'>precipientes</span> <span class='ocrx_word' id='word_1_136' title='bbox 602 3099 767 3195; x_wconf 78' lang='lat' dir='ltr'>quatinus</span> <span class='ocrx_word' id='word_1_137' title='bbox 792 3097 1005 3174; x_wconf 89' lang='lat' dir='ltr'>antedictum</span> <span class='ocrx_word' id='word_1_138' title='bbox 1031 3099 1093 3172; x_wconf 91' lang='lat' dir='ltr'>Ph.</span> <span class='ocrx_word' id='word_1_139' title='bbox 1123 3099 1370 3174; x_wconf 89' lang='lat' dir='ltr'>commonitum</span> <span class='ocrx_word' id='word_1_140' title='bbox 1394 3099 1577 3174; x_wconf 86' lang='lat' dir='ltr'>efficaciter</span> <span class='ocrx_word' id='word_1_141' title='bbox 1602 3101 1759 3176; x_wconf 86' lang='lat' dir='ltr'>habeatis</span> 
     </span>
     <span class='ocr_line' id='line_1_18' title="bbox 348 3224 1759 3322; baseline 0.002 -25"><span class='ocrx_word' id='word_1_142' title='bbox 348 3233 389 3297; x_wconf 89' lang='lat' dir='ltr'>ut</span> <span class='ocrx_word' id='word_1_143' title='bbox 405 3234 695 3322; x_wconf 84' lang='lat' dir='ltr'>supramemorato</span> <span class='ocrx_word' id='word_1_144' title='bbox 710 3224 855 3300; x_wconf 87' lang='lat' dir='ltr'>ecclesie</span> <span class='ocrx_word' id='word_1_145' title='bbox 873 3225 988 3300; x_wconf 87' lang='lat' dir='ltr'>ablata</span> <span class='ocrx_word' id='word_1_146' title='bbox 1008 3225 1166 3299; x_wconf 87' lang='lat' dir='ltr'>restituat</span> <span class='ocrx_word' id='word_1_147' title='bbox 1188 3225 1387 3321; x_wconf 90' lang='lat' dir='ltr'>etamplius</span> <span class='ocrx_word' id='word_1_148' title='bbox 1403 3246 1426 3299; x_wconf 84' lang='lat' dir='ltr'>a</span> <span class='ocrx_word' id='word_1_149' title='bbox 1444 3225 1505 3300; x_wconf 84' lang='lat' dir='ltr'>tali</span> <span class='ocrx_word' id='word_1_150' title='bbox 1523 3225 1709 3302; x_wconf 86' lang='lat' dir='ltr'>vexatione</span> <span class='ocrx_word' id='word_1_151' title='bbox 1723 3238 1759 3302; x_wconf 88' lang='lat' dir='ltr'>et</span> 
     </span>
     <span class='ocr_line' id='line_1_19' title="bbox 348 3347 1758 3445; baseline 0.004 -27"><span class='ocrx_word' id='word_1_152' title='bbox 348 3349 552 3444; x_wconf 83' lang='lat' dir='ltr'>equolibet</span> <span class='ocrx_word' id='word_1_153' title='bbox 577 3349 778 3444; x_wconf 77' lang='lat' dir='ltr'>gravamine</span> <span class='ocrx_word' id='word_1_154' title='bbox 804 3347 959 3423; x_wconf 89' lang='lat' dir='ltr'>indebito</span> <span class='ocrx_word' id='word_1_155' title='bbox 982 3369 1058 3422; x_wconf 87' lang='lat' dir='ltr'>eam</span> <span class='ocrx_word' id='word_1_156' title='bbox 1089 3349 1242 3444; x_wconf 87' lang='lat' dir='ltr'>quietam</span> <span class='ocrx_word' id='word_1_157' title='bbox 1275 3369 1352 3422; x_wconf 89' lang='lat' dir='ltr'>esse</span> <span class='ocrx_word' id='word_1_158' title='bbox 1381 3350 1565 3445; x_wconf 89' lang='lat' dir='ltr'>permittat.</span> <span class='ocrx_word' id='word_1_159' title='bbox 1597 3350 1758 3436; x_wconf 88' lang='lat' dir='ltr'>Quodsi</span> 
     </span>
     <span class='ocr_line' id='line_1_20' title="bbox 348 3473 1758 3572; baseline 0.001 -27"><span class='ocrx_word' id='word_1_160' title='bbox 348 3473 514 3563; x_wconf 86' lang='lat' dir='ltr'>renuerit,</span> <span class='ocrx_word' id='word_1_161' title='bbox 531 3473 632 3547; x_wconf 91' lang='lat' dir='ltr'>vobis</span> <span class='ocrx_word' id='word_1_162' title='bbox 647 3473 858 3572; x_wconf 87' lang='lat' dir='ltr'>precipimus</span> <span class='ocrx_word' id='word_1_163' title='bbox 876 3482 917 3546; x_wconf 90' lang='lat' dir='ltr'>ut</span> <span class='ocrx_word' id='word_1_164' title='bbox 939 3473 1149 3570; x_wconf 90' lang='lat' dir='ltr'>sepedictam</span> <span class='ocrx_word' id='word_1_165' title='bbox 1172 3473 1352 3546; x_wconf 87' lang='lat' dir='ltr'>eeclesiam</span> <span class='ocrx_word' id='word_1_166' title='bbox 1372 3495 1452 3546; x_wconf 89' lang='lat' dir='ltr'>cum</span> <span class='ocrx_word' id='word_1_167' title='bbox 1473 3473 1635 3546; x_wconf 91' lang='lat' dir='ltr'>omnibus</span> <span class='ocrx_word' id='word_1_168' title='bbox 1657 3475 1758 3547; x_wconf 93' lang='lat' dir='ltr'>bonis</span> 
     </span>
     <span class='ocr_line' id='line_1_21' title="bbox 348 3595 1756 3696; baseline 0.001 -27"><span class='ocrx_word' id='word_1_169' title='bbox 348 3595 422 3670; x_wconf 88' lang='lat' dir='ltr'>suis</span> <span class='ocrx_word' id='word_1_170' title='bbox 439 3605 700 3672; x_wconf 84' lang='lat' dir='ltr'>manutenentes</span> <span class='ocrx_word' id='word_1_171' title='bbox 720 3599 766 3671; x_wconf 89' lang='lat' dir='ltr'>ab</span> <span class='ocrx_word' id='word_1_172' title='bbox 783 3597 916 3696; x_wconf 90' lang='lat' dir='ltr'>impetu</span> <span class='ocrx_word' id='word_1_173' title='bbox 933 3605 968 3670; x_wconf 89' lang='lat' dir='ltr'>et</span> <span class='ocrx_word' id='word_1_174' title='bbox 985 3597 1187 3692; x_wconf 76' lang='lat' dir='ltr'>gravamine</span> <span class='ocrx_word' id='word_1_175' title='bbox 1202 3597 1439 3691; x_wconf 87' lang='lat' dir='ltr'>quocnmlibet</span> <span class='ocrx_word' id='word_1_176' title='bbox 1456 3597 1652 3688; x_wconf 81' lang='lat' dir='ltr'>defensetis,</span> <span class='ocrx_word' id='word_1_177' title='bbox 1672 3598 1756 3672; x_wconf 90' lang='lat' dir='ltr'>etei</span> 
     </span>
     <span class='ocr_line' id='line_1_22' title="bbox 348 3719 1754 3817; baseline -0.001 -22"><span class='ocrx_word' id='word_1_178' title='bbox 348 3719 396 3796; x_wconf 84' lang='lat' dir='ltr'>ad</span> <span class='ocrx_word' id='word_1_179' title='bbox 412 3721 686 3817; x_wconf 86' lang='lat' dir='ltr'>componendam</span> <span class='ocrx_word' id='word_1_180' title='bbox 705 3721 937 3813; x_wconf 84' lang='lat' dir='ltr'>mansionem,</span> <span class='ocrx_word' id='word_1_181' title='bbox 956 3722 1046 3796; x_wconf 90' lang='lat' dir='ltr'>sicut</span> <span class='ocrx_word' id='word_1_182' title='bbox 1066 3729 1101 3794; x_wconf 93' lang='lat' dir='ltr'>et</span> <span class='ocrx_word' id='word_1_183' title='bbox 1123 3720 1245 3794; x_wconf 84' lang='lat' dir='ltr'>ceteris</span> <span class='ocrx_word' id='word_1_184' title='bbox 1270 3719 1440 3815; x_wconf 77' lang='lat' dir='ltr'>religiosis</span> <span class='ocrx_word' id='word_1_185' title='bbox 1463 3741 1665 3794; x_wconf 88' lang='lat' dir='ltr'>conoessum</span> <span class='ocrx_word' id='word_1_186' title='bbox 1689 3731 1754 3814; x_wconf 88' lang='lat' dir='ltr'>est,</span> 
     </span>
     <span class='ocr_line' id='line_1_23' title="bbox 348 3845 993 3944; baseline -0.002 -24"><span class='ocrx_word' id='word_1_187' title='bbox 348 3845 385 3920; x_wconf 91' lang='lat' dir='ltr'>in</span> <span class='ocrx_word' id='word_1_188' title='bbox 401 3845 540 3920; x_wconf 85' lang='lat' dir='ltr'>civitate</span> <span class='ocrx_word' id='word_1_189' title='bbox 552 3854 666 3920; x_wconf 86' lang='lat' dir='ltr'>vestra</span> <span class='ocrx_word' id='word_1_190' title='bbox 681 3868 797 3920; x_wconf 87' lang='lat' dir='ltr'>aream</span> <span class='ocrx_word' id='word_1_191' title='bbox 810 3845 993 3944; x_wconf 83' lang='lat' dir='ltr'>prebeatis.</span> 
     </span>
    </p>

    <p class='ocr_par' dir='ltr' id='par_1_6' title="bbox 396 3967 1607 4068">
     <span class='ocr_line' id='line_1_24' title="bbox 396 3967 1607 4068; baseline -0.002 -24"><span class='ocrx_word' id='word_1_192' title='bbox 396 3971 523 4044; x_wconf 87' lang='lat' dir='ltr'>Datum</span> <span class='ocrx_word' id='word_1_193' title='bbox 539 3969 636 4068; x_wconf 87' lang='lat' dir='ltr'>apud</span> <span class='ocrx_word' id='word_1_194' title='bbox 651 3969 913 4066; x_wconf 82' lang='lat' dir='ltr'>Nurimbergck,</span> <span class='ocrx_word' id='word_1_195' title='bbox 932 3971 978 4044; x_wconf 79' lang='lat' dir='ltr'>Vl</span> <span class='ocrx_word' id='word_1_196' title='bbox 994 3968 1158 4045; x_wconf 74' lang='lat' dir='ltr'>oelendas</span> <span class='ocrx_word' id='word_1_197' title='bbox 1169 3969 1261 4065; x_wconf 83' lang='lat' dir='ltr'>jntii,</span> <span class='ocrx_word' id='word_1_198' title='bbox 1279 3967 1468 4044; x_wconf 91' lang='lat' dir='ltr'>indictione</span> <span class='ocrx_word' id='word_1_199' title='bbox 1485 3967 1607 4065; x_wconf 88' lang='lat' dir='ltr'>prime.</span> 
     </span>
    </p>
   </div>
   <div class='ocr_carea' id='block_1_6' title="bbox 401 4511 1950 4646">
    <p class='ocr_par' dir='ltr' id='par_1_7' title="bbox 401 4511 1950 4646">
     <span class='ocr_line' id='line_1_25' title="bbox 401 4511 1950 4646; baseline -0.004 -44"><span class='ocrx_word' id='word_1_200' title='bbox 401 4515 586 4603; x_wconf 85' lang='lat' dir='ltr'>Henricus</span> <span class='ocrx_word' id='word_1_201' title='bbox 599 4515 861 4602; x_wconf 86' lang='lat' dir='ltr'>Romanorum</span> <span class='ocrx_word' id='word_1_202' title='bbox 877 4539 945 4599; x_wconf 83' lang='lat' dir='ltr'>rex</span> <span class='ocrx_word' id='word_1_203' title='bbox 962 4537 1033 4624; x_wconf 91' lang='lat' dir='ltr'>pro</span> <span class='ocrx_word' id='word_1_204' title='bbox 1049 4511 1171 4598; x_wconf 87' lang='lat' dir='ltr'>salute</span> <span class='ocrx_word' id='word_1_205' title='bbox 1187 4511 1403 4596; x_wconf 82' lang='lat' dir='ltr'>mimarum</span> <span class='ocrx_word' id='word_1_206' title='bbox 1420 4537 1579 4598; x_wconf 83' lang='lat' dir='ltr'>avorum</span> <span class='ocrx_word' id='word_1_207' title='bbox 1599 4539 1757 4599; x_wconf 89' lang='lat' dir='ltr'>suorum</span> <span class='ocrx_word' id='word_1_208' title='bbox 1800 4535 1950 4646; x_wconf 57' lang='lat' dir='ltr'>suffio</span> 
     </span>
    </p>
   </div>
   <div class='ocr_carea' id='block_1_7' title="bbox 385 4783 1754 4878">
    <p class='ocr_par' dir='ltr' id='par_1_8' title="bbox 385 4783 1754 4878">
     <span class='ocr_line' id='line_1_26' title="bbox 385 4783 1754 4878; baseline -0.001 -16"><span class='ocrx_word' id='word_1_209' title='bbox 385 4801 421 4878; x_wconf 80' lang='lat' dir='ltr'>(r)</span> <span class='ocrx_word' id='word_1_210' title='bbox 439 4804 494 4864; x_wconf 73' lang='lat' dir='ltr'>ua</span> <span class='ocrx_word' id='word_1_211' title='bbox 504 4800 847 4864; x_wconf 61' lang='lat' dir='ltr'>comminuamus</span> <span class='ocrx_word' id='word_1_212' title='bbox 857 4799 938 4876; x_wconf 74' lang='lat' dir='ltr'>nun</span> <span class='ocrx_word' id='word_1_213' title='bbox 948 4783 1292 4860; x_wconf 67' lang='lat' dir='ltr'>neumnensium</span> <span class='ocrx_word' id='word_1_214' title='bbox 1305 4801 1426 4876; x_wconf 64' lang='lat' dir='ltr'>num,</span> <span class='ocrx_word' id='word_1_215' title='bbox 1439 4801 1541 4877; x_wconf 65' lang='lat' dir='ltr'>nam,</span> <span class='ocrx_word' id='word_1_216' title='bbox 1556 4803 1645 4871; x_wconf 69' lang='lat' dir='ltr'>nam,</span> <span class='ocrx_word' id='word_1_217' title='bbox 1662 4801 1754 4860; x_wconf 70' lang='lat' dir='ltr'>naun.</span> 
     </span>
    </p>
   </div>
   <div class='ocr_carea' id='block_1_8' title="bbox 0 0 2360 6074">
    <p class='ocr_par' dir='ltr' id='par_1_9' title="bbox 0 0 2360 6074">
     <span class='ocr_line' id='line_1_27' title="bbox 0 0 2360 6074; baseline 0 0"><span class='ocrx_word' id='word_1_218' title='bbox 0 0 2360 6074; x_wconf 95' lang='lat' dir='ltr'> </span> 
     </span>
    </p>
   </div>
  </div>
 </body>
</html>
