4702 6110
563 608 623 670 406
1083 621 1254 690 ttltrtutcl
1279 627 1446 692 sarritur
1782 636 1862 716 [Ans.
1881 639 1967 705 mc.

563 743 754 819 libertatem
775 755 815 819 nt
834 747 925 824 bona
952 751 1105 850 ipsorum
1128 759 1236 836 libera
1254 765 1386 862 absque
1406 768 1563 842 theloneo
1580 777 1711 844 vestras
1727 780 1902 846 transeant
1921 769 1969 848 li-'

562 868 645 942 bere
668 870 824 947 civitates
841 877 979 972 etquid
997 882 1143 956 emerint
1164 889 1219 960 vel
1241 890 1463 964 vendiderint
1484 901 1597 968 tamur
1617 895 1734 969 nullus
1753 905 1906 970 vestrum
1923 899 1969 972 ab

563 993 646 1088 ipsis
660 995 803 1092 aliquod
818 1021 929 1094 genus
947 1004 1067 1099 exigat
1083 1010 1275 1086 exactionis
1291 1017 1348 1088 vel
1366 1016 1529 1111 requirat,
1547 1018 1610 1092 aad
1630 1019 1666 1090 in
1679 1020 1856 1115 premissis
1873 1023 1968 1118 rogia

564 1125 680 1192 nostra
697 1119 902 1197 authoritate
919 1125 1019 1200 liberi
1038 1145 1260 1225 permancant
1276 1147 1312 1210 et
1330 1137 1517 1230 immunes3
1533 1149 1770 1216 verumtamen
1786 1144 1881 1239 ipsos
1899 1167 1967 1218 una

435 1341 439 1355 ι
563 1263 642 1316 oum
660 1243 760 1318 bonis
780 1246 946 1341 ipsorum,
958 1251 1048 1326 sicut
1066 1265 1215 1332 nostram
1230 1259 1373 1354 diligitis
1386 1265 1529 1356 gratiam
1544 1265 1715 1358 obtinere,
1741 1266 1895 1342 habeatis
1911 1289 1966 1342 ra·

560 1369 815 1444 commendatos
828 1381 863 1444 et
886 1379 1106 1463 commissos,
1125 1393 1228 1476 pmnt
1243 1405 1264 1457 a
1282 1385 1382 1458 vobis
1402 1387 1566 1461 duxerint
1584 1389 1844 1484 requirendum.
1863 1393 1964 1478 Quod

560 1491 621 1585 qui
641 1513 710 1566 non
733 1495 870 1589 lecerit,
897 1521 1039 1594 gravem
1064 1503 1150 1578 iram
1174 1517 1290 1581 nostra
1315 1511 1505 1584 screnitatis
1531 1533 1610 1584 cnm
1640 1513 1824 1610 dispendio
1849 1537 1964 1590 rarum

558 1635 699 1688 suarum
714 1639 752 1690 ss
763 1622 898 1694 noverit
911 1625 1053 1718 gravim
1067 1627 1264 1705 incurrisse.

607 1740 730 1814 Datum
743 1745 837 1840 apud
853 1747 1053 1844 Hagenom,
1071 1753 1133 1826 XV
1148 1755 1314 1830 kalendas
1330 1757 1459 1846 martii,
1478 1759 1665 1835 indictione
1682 1761 1793 1836 tertia.

364 2424 515 2496 Mum
609 2373 791 2458 Henricus
810 2376 1069 2462 Romanorum
1083 2407 1149 2464 rex
1166 2385 1400 2492 procuratori
1414 2383 1678 2498 Burgundios,
1694 2387 1853 2472 sculteto
1875 2389 1966 2474 civi-

556 2506 705 2619 busque
718 2509 766 2592 de
783 2508 907 2594 Bemc
920 2521 958 2594 et
970 2513 1156 2598 universis
1173 2517 1332 2600 mandat
1344 2542 1392 2600 ne
1405 2519 1492 2627 quis
1505 2519 1641 2604 fratres
1654 2519 1792 2604 domus
1806 2521 1965 2604 Sanctae

556 2641 694 2726 Mariae
710 2643 1028 2729 Theutoniccrnm
1045 2647 1085 2728 in
1107 2647 1314 2732 Jerusalem
1333 2650 1514 2760 impedire
1540 2653 1677 2736 audeat
1703 2653 1743 2736 in
1765 2653 1964 2740 collatione

555 2776 732 2859 ecclem'ae
745 2777 793 2860 de
805 2777 940 2860 Kunitz
954 2805 1072 2888 quam
1089 2780 1295 2890 imperator
1305 2793 1414 2892 pater
1427 2809 1519 2868 snus
1537 2785 1659 2870 eidem
1677 2785 1808 2870 domui
1826 2786 1964 2872 libera·

553 2909 639 2994 liter
653 2909 826 2994 contulit.

636 3151 733 3231 (Edit.
748 3153 780 3214 tn
792 3148 903 3214 sono.
923 3151 1098 3229 aanor„
1113 3172 1182 3218 ann.
1202 3165 1291 3232 rara,
1303 3167 1336 3218 ιιι
1351 3167 1402 3238 aa,
1415 3175 1446 3236 p.
1463 3157 1547 3238 nar.)

602 3372 645 3442 H.
665 3370 728 3442 Dei
744 3369 854 3462 gratia
869 3369 1098 3442 Romanorum
1111 3391 1174 3442 rex
1189 3377 1225 3442 ct
1241 3391 1377 3466 semper
1392 3379 1581 3462 augustus,
1605 3371 1765 3445 fidelibus
1785 3371 1859 3444 snis
1879 3393 1962 3466 pro-

556 3493 702 3566 curatori
723 3491 925 3584 Bnrgundic
948 3513 1010 3588 pro
1033 3501 1186 3588 tempore
1208 3493 1392 3566 constituto
1414 3517 1547 3568 necnon
1568 3495 1712 3568 sculteto
1735 3505 1770 3568 et
1789 3496 1962 3568 universis

555 3617 690 3691 civibus
712 3615 757 3689 de
776 3617 887 3688 Berno
909 3624 945 3688 et
962 3617 1135 3690 universis
1157 3616 1248 3689 hano
1266 3617 1411 3692 litteram
1430 3619 1634 3714 inspecturis
1650 3619 1794 3714 gratiam
1811 3641 1910 3692 suam
1927 3627 1962 3690 et

555 3764 657 3815 omne
679 3743 822 3815 bonnm.
840 3741 992 3814 innotuit
1014 3740 1210 3814 celsitudini
1233 3749 1347 3814 nostre
1364 3751 1457 3815 certo
1471 3743 1598 3816 certius
1613 3743 1708 3838 quod
1722 3743 1961 3816 serenissimus

556 3865 717 3939 dominns
741 3865 925 3961 imperator
952 3873 1047 3960 pater
1075 3873 1191 3936 nostor
1211 3864 1391 3937 ecclesiam
1413 3864 1459 3939 da
1482 3865 1613 3938 Chuniz
1631 3864 1751 3939 domui
1775 3865 1961 3938 Thentoni-

556 4012 674 4064 oornm
696 3993 820 4064 Sancte
841 3989 948 4062 illaria
966 3989 1003 4060 in
1021 3990 1209 4062 Jerusalem
1235 4009 1315 4061 cum
1339 3988 1433 4062 omni
1450 3991 1530 4083 jura
1550 4001 1585 4064 et
1610 3989 1766 4063 libertate
1784 4011 1826 4062 ac
1851 3988 1960 4062 tundo

555 4115 741 4188 liberaliter
768 4111 911 4185 contulit
936 4111 1043 4184 libcrc
1071 4111 1254 4184 tenendam
1278 4121 1314 4184 et
1344 4119 1508 4207 perpetuo
1528 4111 1785 4208 possidendam.
1809 4111 1960 4184 Veniens

554 4241 671 4334 itaqua
687 4237 734 4311 ad
756 4257 819 4309 nos
839 4235 1032 4332 prepositus
1055 4257 1118 4308 sen
1139 4234 1307 4332 plebanus
1327 4235 1484 4328 ejusdem
1505 4237 1647 4310 ecclesie
1663 4235 1815 4331 quedam
1835 4235 1960 4310 nostris

555 4363 698 4437 auribus
714 4353 891 4434 instillavit
910 4359 954 4433 de
976 4359 1104 4454 quibus
1124 4369 1238 4434 tamen
1259 4361 1354 4434 nulla
1367 4359 1484 4433 haberi
1508 4369 1639 4456 poterat
1656 4356 1847 4450 certitnd03
1865 4367 1960 4454 post-

556 4487 698 4560 modum
726 4485 904 4558 vanientes
925 4493 960 4557 et
983 4485 1102 4558 iratres
1127 4483 1220 4558 dicta
1248 4483 1372 4556 domus
1399 4483 1686 4558 Thentonicorum
1713 4504 1835 4581 puram
1857 4481 1958 4554 nobis

554 4610 775 4683 ostenderunt
797 4631 859 4705 per
880 4607 1062 4703 privilegia
1084 4607 1274 4680 veritatem.
1292 4607 1452 4681 volentes
1473 4608 1578 4702 igitur
1597 4606 1756 4680 camdem
1777 4605 1829 4678 eis
1846 4603 1956 4678 eccle-

555 4733 639 4806 sinm
663 4755 684 4807 a
707 4731 939 4828 quorumlibet
960 4729 1145 4804 vexatione
1165 4751 1229 4826 pro
1247 4729 1386 4823 juribus
1406 4728 1603 4822 defensare,
1628 4729 1835 4804 mandamus
1855 4725 1957 4800 vobis
