4702 6110
551 609 611 672 tot
1072 611 1243 675 ustulat
1268 611 1436 676 SEP'lllll
1773 613 1853 698 [Au.
1871 614 1956 678 1231.

601 743 782 817 Heinrious
803 745 864 818 Dei
891 745 1000 840 guda
1022 747 1253 822 Romanorum
1275 771 1339 822 rex
1362 759 1397 824 et
1420 771 1556 848 semper
1573 757 1763 844 augustius,
1788 753 1959 824 universis

551 869 617 942 boo
637 869 802 966 scriptum
821 869 1042 945 osmentibus
1062 873 1208 967 gratiam
1228 895 1328 948 suam
1349 883 1385 948 et
1407 876 1669 950 omnebonum.
1691 875 1872 961 Quesitum
1896 875 1960 946 luit

550 991 738 1067 Wormatie
757 1013 873 1068 eoram
894 995 996 1068 nobis
1017 997 1055 1069 in
1074 997 1243 1072 sententia
1261 997 1320 1071 oui
1345 999 1391 1072 de
1408 1001 1488 1092 jure
1512 999 1637 1074 redere
1657 997 1822 1072 deberent
1842 1000 1958 1092 cujus·

551 1117 636 1192 libet
651 1117 801 1192 bominis
814 1118 907 1192 bona
921 1119 983 1215 qui
998 1129 1138 1217 propter
1154 1121 1302 1195 beretioe
1317 1122 1498 1219 pravitatis
1513 1143 1662 1196 errorem
1675 1121 1961 1196 oondemnaretur

550 1241 597 1316 ad
618 1251 776 1314 mortem.
802 1239 921 1316 Abbas
943 1264 1027 1316 vero
1051 1243 1167 1316 Sancti
1183 1241 1270 1317 Galli
1298 1244 1483 1340 requisitus
1502 1244 1603 1318 talem
1626 1243 1858 1338 promulgavit
1876 1263 1962 1316 sen-

550 1365 692 1438 tantiam
718 1365 942 1462 approbatam
967 1367 1013 1440 ab
1038 1367 1201 1440 omnibus
1229 1367 1326 1461 qnod
1350 1366 1498 1442 heredes
1519 1367 1738 1442 condemnati
1764 1367 1865 1440 bonis
1887 1367 1962 1460 ejus

552 1490 718 1566 deberent
740 1487 955 1564 hereditariis
974 1513 1015 1564 ao
1036 1491 1242 1587 patrimonio
1258 1491 1430 1585 gaudere,
1449 1489 1626 1565 beneficiis
1647 1492 1724 1584 ejus
1742 1491 1897 1564 similiter
1915 1491 1962 1564 ad

549 1617 608 1710 jus
631 1624 667 1688 et
688 1623 891 1712 potestatam
916 1615 1137 1690 dominorum
1159 1637 1181 1688 a
1207 1615 1337 1710 quibus
1356 1615 1533 1690 habebant
1554 1613 1800 1708 redeuntibus;
1823 1615 1961 1688 domino

552 1759 637 1812 vero
656 1741 906 1834 cujuscumque
930 1749 1020 1812 esset
1039 1739 1143 1814 bomo
1161 1739 1411 1814 oondemnatus
1435 1739 1537 1814 bonis
1558 1742 1635 1834 ejus
1660 1737 1847 1813 mobilibus
1871 1737 1962 1811 inni·

553 1873 646 1938 tenta
665 1889 673 1934 :
691 1863 757 1938 boo
773 1872 888 1938 mmen
909 1873 1055 1960 exeepto
1074 1863 1171 1959 qood
1186 1872 1345 1960 sumptus
1367 1863 1413 1938 ad
1436 1861 1636 1938 incendium
1654 1863 1884 1938 beretioorum
1907 1863 1962 1936 la-

554 1986 669 2061 oieudi
695 1996 730 2060 et
755 2008 886 2061 meroes
912 1988 1046 2060 eomitis
1073 1987 1119 2060 de
1145 1988 1246 2062 bonis
1274 1989 1378 2061 etiam
1406 1989 1518 2062 iurent
1541 1987 1727 2062 mobilibus
1749 1985 1959 2083 recipienda.

554 2113 754 2208 Superque
777 2121 972 2207 presentem
994 2111 1158 2208 pagiuam
1184 2111 1354 2186 oonsoribi
1376 2111 1520 2186 lecimus
1545 2121 1581 2186 et
1601 2111 1705 2208 sigilli
1734 2111 1842 2186 nostri
1868 2111 1962 2184 testi·

555 2235 672 2308 monio
687 2235 905 2310 eommunin'.

603 2361 719 2434 Testes
745 2359 893 2434 Silridus
917 2358 1175 2454 Ratisponensis
1199 2359 1383 2456 episcopus
1407 2359 1594 2456 imperialis
1615 2360 1695 2433 aule
1719 2357 1960 2450 caneellarius,

554 2484 766 2558 Weruberos
781 2483 827 2558 de
839 2483 1038 2558 llonlanden
1058 2483 1247 2580 imperialis
1265 2485 1344 2556 aule
1363 2483 1510 2580 dapifer,
1528 2481 1724 2556 Gotelridus
1738 2481 1784 2556 de
1800 2481 1964 2577 llandeg-

556 2631 636 2704 gen,
651 2609 820 2682 llenrious
836 2608 881 2682 de
894 2607 1108 2706 Oppenbeim
1121 2617 1156 2682 et
1168 2607 1316 2682 Silridus
1332 2607 1378 2682 de
1395 2609 1498 2682 Lutra
1509 2607 1658 2701 soulteti,
1674 2607 1909 2698 llindismula‚
1930 2615 1964 2680 et

556 2733 779 2828 quamplures
795 2733 867 2806 alii.

604 2857 730 2930 Datum
744 2856 952 2948 Wormaeie,
971 2855 1016 2930 tv
1035 2875 1144 2930 nonas
1158 2855 1262 2950 jonii,
1278 2854 1477 2930 indictionis
1492 2855 1549 2928 lV.

775 3145 1755 3162 Μ,-α.ω.--μι---.-

370 3441 525 3552 “tphffl
613 3420 797 3506 Henn'ous
825 3415 1085 3500 Romanorum
1114 3438 1181 3496 rex
1211 3437 1258 3495 ex
1284 3409 1539 3522 resignatione
1567 3407 1720 3494 Hordei
1746 3405 1894 3492 uomitis
1919 3407 1967 3488 de

561 3557 740 3646 Nassowe
758 3549 825 3664 qui
840 3548 904 3660 jus
922 3555 1145 3656 patronatus
1169 3545 1209 3628 in
1235 3543 1392 3628 eoelesia
1408 3541 1663 3656 llerbomenei
1680 3541 1730 3624 de
1754 3537 1967 3652 lantgravio

561 3685 794 3798 Thuringiee
815 3680 986 3788 tenebat,
1007 3679 1181 3764 eamdem
1207 3677 1405 3762 eeclesiam
1430 3676 1563 3760 domui
1580 3673 1832 3758 Tbeutonioue
1855 3671 1968 3782 pleno

558 3824 644 3934 jure
670 3813 940 3932 possidendam
961 3809 1125 3918 confert,
1151 3835 1241 3894 oum
1261 3808 1468 3920 resignatio
1488 3805 1657 3919 legitime
1679 3805 1781 3890 faeta
1801 3804 1862 3888 sit.

644 4053 746 4138 (atto.
761 4051 792 4114 J.
810 4041 1467 4126 lt.1tnnm,ortqtortauotrar.,parsr,
1487 4039 1560 4104 ced.
1581 4037 1722 4117 diplom..
1736 4046 1770 4098 ιι·
1789 4035 1913 4107 CXLII,
1931 4049 1969 4094 ax

686 4161 793 4240 origin
808 4159 841 4218 ln
854 4155 966 4217 mobtv.
980 4153 1162 4231 blllmburg.
1172 4151 1374 4229 -lmprustt
1394 4147 1534 4212 denuoi.
1546 4147 1584 4209 lb
1599 4145 1734 4224 Ηιιιιιιι,
1754 4139 1825 4206 dod.
1847 4135 1966 4222 dialem.

683 4263 747 4331 ord.
761 4265 797 4330 S.
810 4261 929 4328 Matre
944 4257 1097 4334 roura,
1110 4269 1146 4320 u·
1160 4266 1210 4334 et,
1224 4274 1253 4335 p.
1267 4254 1332 4334 tt.)

613 4489 657 4561 ll.
681 4483 744 4558 Dei
768 4478 878 4576 gratia
895 4477 1124 4550 Romanorum
1144 4492 1209 4545 rex
1230 4477 1266 4544 et
1287 4489 1423 4564 semper
1442 4473 1626 4561 augustus,
1645 4459 1817 4536 universis
1836 4455 1971 4552 imperii

565 4611 729 4690 fidelibus
745 4605 874 4702 quibus
889 4621 1030 4698 presens
1052 4597 1163 4672 littera
1182 4594 1287 4670 luerit
1304 4601 1442 4668 ostensa
1458 4591 1604 4688 gratiam
1619 4607 1719 4662 suam
1737 4593 1773 4658 et
1787 4603 1890 4656 omne
1908 4579 1971 4653 bo·

565 4760 663 4815 num.
690 4727 964 4830 Significandum
991 4724 1159 4801 duximus
1185 4719 1402 4796 universitati
1430 4725 1543 4792 vestre
1567 4713 1663 4812 qdod
1686 4708 1867 4786 ecelesiam
1889 4707 1972 4778 ller-
