4658 6132
674 611 732 674 152
1118 623 1136 672 .'
1173 613 1385 680 ratossercr
1410 619 1581 682 secubet
1886 612 1964 698 [llus.
1983 611 2067 674 lm

671 745 901 819 diminutione
915 743 1031 838 aliqua
1049 745 1142 840 ipsos
1153 749 1313 824 volumus
1329 753 1504 827 rehabere.
1520 751 1733 826 Remittimos
1744 749 1847 822 etiam
1860 747 1972 822 eidem
1986 745 2070 818 civi-

670 868 732 940 tati
750 877 784 940 et
799 867 890 938 villis
905 867 978 940 suis
992 889 1094 940 omne
1107 870 1273 944 tributum
1294 876 1508 949 collectas'et
1524 875 1633 964 datia,
1655 873 1809 968 exceptis
1822 868 2070 966 quinquaginta

669 991 767 1063 libris
784 991 1041 1064 Ravennatibus
1059 1003 1095 1066 et
1107 992 1368 1072 Anconensihus
1386 999 1475 1072 inter
1492 999 1602 1094 ipsam
1622 997 1794 1068 civitatem
1818 1005 1852 1066 et
1876 993 1976 1067 villas
1991 1011 2070 1064 suae

670 1115 850 1187 annuatim
872 1124 986 1188 nostre
1000 1135 1134 1190 camere
1149 1121 1400 1215 persolvendis.
1423 1123 1507 1194 ltcm
1528 1121 1688 1194 omuibus
1709 1115 1892 1190 castnedo
1907 1117 1982 1207 ejus
2001 1113 2071 1187 dis·

669 1238 771 1308 triotu
793 1237 998 1309 remittimus
1015 1239 1169 1334 predicta
1189 1244 1321 1336 omnia,
1346 1255 1492 1340 excepta
1511 1244 1674 1340 pensione
1689 1241 1849 1316 videlicet
1869 1237 1993 1330 viginti
2008 1257 2069 1310 sex

668 1359 888 1432 denariorum
906 1382 968 1455 pro
990 1361 1067 1434 loco
1087 1361 1284 1456 singillatim
1307 1388 1441 1440 camere
1461 1378 1574 1438 nostre
1589 1365 1775 1438 solvendis.
1792 1363 1960 1436 Volumus
1977 1361 2070 1431 insn-

667 1505 730 1578 per
747 1491 785 1554 ut
801 1483 957 1555 homines
974 1483 1137 1556 Recanati
1153 1495 1290 1580 portum
1311 1489 1473 1581 habeant,
1492 1489 1597 1562 salvis
1617 1485 1899 1582 promissionibus
1914 1493 1949 1556 et
1964 1481 2069 1578 pactis

668 1627 740 1701 que
754 1607 799 1679 de
813 1615 914 1700 portu
928 1607 1089 1680 llacanati
1108 1608 1198 1682 inter
1211 1613 1350 1684 eosdem
1363 1611 1577 1686 duximanos
1591 1613 1882 1685 etllaoanatenses
1895 1615 1976 1680 sunt
1987 1604 2070 1678 inite

668 1739 703 1800 et
720 1737 905 1801 contracta.
924 1728 979 1800 Ex
1004 1729 1247 1804 abundantiori
1265 1754 1405 1828 quoque
1428 1735 1538 1828 gratia
1556 1733 1784 1829 promittimus
1806 1729 2004 1804 hominibus
2022 1725 2069 1798 ei·

669 1851 785 1924 vitatis
805 1850 962 1942 ejusdem
983 1851 1081 1946 quod
1104 1873 1174 1924 non
1194 1853 1412 1948 proficiemus
1436 1857 1487 1928 eis
1510 1858 1567 1928 vel
1590 1877 1710 1929 eorum
1733 1851 1901 1928 districtui
1926 1851 2070 1944 aliquem

670 1973 903 2046 marchionem
919 1973 955 2044 in
972 1973 1126 2048 dominio
1143 1977 1199 2048 vel
1217 1977 1368 2071 signoria
1385 2001 1446 2052 seu
1462 1980 1617 2072 bajulum
1635 1977 1690 2051 vel
1706 1975 1865 2072 quemvis
1881 1974 2000 2063 aliurn,
2019 1991 2069 2042 re-

666 2091 843 2168 mittentes
864 2095 915 2168 eis
937 2116 1075 2168 omnem
1100 2119 1225 2192 penam
1248 2121 1311 2173 seu
1332 2101 1487 2174 bannum
1510 2123 1581 2197 que
1604 2111 1808 2194 extorquere
1827 2117 2006 2194 possemus
2026 2093 2069 2166 ab

670 2217 871 2291 bominibus
882 2217 1032 2292 civitatis
1046 2220 1212 2314 predicte,
1226 2225 1406 2298 occasione
1418 2226 1563 2318 alicujus
1575 2225 1704 2297 eliense
1719 2225 1806 2296 lacte
1816 2219 1986 2315 majestati
1997 2236 2071 2290 nos·

671 2351 721 2416 tre
732 2344 787 2414 vel
800 2342 936 2414 nunciis
948 2343 1073 2415 nostris
1087 2344 1132 2415 ab
1142 2345 1272 2420 eisdem
1289 2348 1495 2420 Auximanis
1509 2348 1554 2420 de
1567 2347 1795 2420 destructione
1810 2346 1959 2435 alicujus
1975 2335 2070 2412 castri

669 2467 726 2539 vel
744 2465 838 2558 ville,
855 2487 919 2538 nec
932 2465 1062 2540 exinde
1076 2470 1323 2564 compellantur
1339 2472 1386 2545 ad
1403 2472 1650 2545 restitutionem
1664 2469 1766 2542 alicui
1782 2465 1930 2563 proinde
1948 2463 2069 2536 iacien-

669 2590 767 2681 dem;
787 2589 876 2661 sicut
890 2589 956 2663 hec
970 2591 1084 2664 omnia
1098 2601 1132 2664 et
1149 2593 1217 2667 elio
1230 2595 1429 2690 Reynaldus
1445 2596 1520 2668 dux
1534 2593 1660 2690 Spoleti
1678 2593 1823 2666 dilectos
1837 2589 1951 2661 fidelis
1963 2593 2070 2658 noster

668 2713 823 2808 promisit
835 2723 870 2786 et
885 2715 1017 2786 remisit
1032 2715 1163 2788 eisdem
1181 2739 1222 2789 ac
1239 2717 1274 2788 in
1292 2715 1448 2812 ejusdcm
1464 2718 1562 2790 ducis
1576 2717 1755 2812 privilegio
1768 2715 1818 2787 eis
1833 2715 1925 2784 facto
1941 2707 2070 2806 plenius

669 2838 888 2910 continentur
914 2836 980 2934 (t).
1008 2837 1064 2910 Ad
1089 2839 1193 2932 hujus
1219 2849 1335 2913 autem
1360 2839 1588 2914 concessionis
1609 2847 1644 2912 ct
1669 2835 1937 2910 oonlirmationis
1963 2839 2070 2904 nostre

668 2961 869 3032 memoriam
891 2968 926 3032 et
945 2959 1050 3031 robur
1073 2971 1239 3055 perpetuo
1254 2961 1440 3034 valiturum
1465 2983 1606 3056 presens
1624 2957 1845 3056 privilegium
1866 2977 1929 3050 per
1951 2969 2070 3026 manus

671 3083 810 3156 Stabilis
824 3081 869 3154 de
880 3081 1009 3154 Cesena
1023 3083 1145 3154 notarii
1160 3093 1195 3155 et
1211 3081 1322 3156 fidelis
1335 3085 1440 3157 nostri
1452 3083 1526 3158 fieri
1542 3095 1576 3158 ct
1586 3085 1682 3156 bulla
1695 3101 1800 3154 aurea
1809 3078 1947 3175 typario
1960 3083 2071 3148 nostre

672 3205 860 3296 majestatis
874 3204 1038 3297 impressa
1048 3205 1214 3296 jussimus
1227 3206 1442 3278 communiri.
1583 3236 1585 3244 ·

721 3327 832 3418 liujus
846 3325 895 3399 rei
912 3335 1014 3400 testes
1027 3336 1109 3398 sunt
1124 3349 1239 3400 comes
1253 3325 1479 3402 Henricusde
1493 3327 1603 3401 Niden
1615 3325 1680 3422 (2),
1693 3324 1891 3422 Raynaldus
1903 3323 1979 3396 dux
1989 3321 2071 3415 Spo-

671 3448 744 3532 leti,
761 3447 949 3520 lliccardus
959 3449 1117 3542 Filauger
1130 3449 1361 3540 marescallus,
1380 3471 1494 3522 comes
1505 3449 1697 3522 Gualterius
1707 3458 1742 3520 et
1752 3446 1811 3520 alii
1823 3465 1930 3538 quem
1945 3441 2067 3538 plures.

720 3568 806 3640 Acta
821 3579 903 3641 sunt
917 3570 981 3641 hec
996 3591 1088 3642 anno
1106 3570 1314 3658 dccxxix,
1333 3593 1451 3644 mense
1465 3572 1557 3663 julii,
1574 3571 1726 3645 munda
1742 3564 2070 3658 indictione-impe

672 3697 771 3762 rante
799 3689 940 3762 domiuo
965 3700 1082 3763 nostro
1104 3691 1275 3764 Friderico
1297 3693 1358 3764 Dei
1381 3694 1490 3786 gratia
1512 3693 1735 3766 invictissimo
1755 3693 1985 3764 Romanorum
2008 3685 2070 3755 im·

670 3819 827 3906 peratore
844 3833 979 3906 semper
1002 3821 1168 3906 augusto,
1188 3813 1398 3884 Hierusalem
1420 3823 1455 3886 et
1471 3816 1584 3888 Sicilie
1603 3837 1684 3908 rege
1701 3811 1960 3908 gloriosissimo,
1983 3823 2070 3878 anno

671 3933 807 4029 imperii
823 3936 898 4026 ejus
921 3955 1025 4026 nono,
1044 3935 1141 4028 regni
1160 3935 1372 4007 Hierusalem
1387 3945 1528 4029 quarto,
1550 3938 1648 4032 regui
1667 3958 1749 4009 vero
1764 3933 1880 4008 Sicilie
1901 3927 2070 4003 tricesimo

671 4056 839 4147 seeundo,
861 4057 1014 4130 feliciter.
1034 4057 1156 4130 Amen.
1970 4087 1971 4091 ¹

719 4181 843 4252 Datum
859 4181 971 4252 Baroli
985 4178 1050 4274 (3),
1069 4201 1173 4269 anno,
1191 4200 1308 4252 meuse
1321 4190 1356 4252 et
1371 4180 1558 4254 indictione
1574 4180 1787 4278 pretitulatis.

718 4397 729 4448 l
763 4394 832 4450 vida
857 4409 922 4451 ura
954 4399 1036 4452 ‚tta

707 4395 745 4560 {2}
762 4411 910 4560 legibbrlin
923 4411 1038 4561 grobos,
1055 4491 1102 4547 sed
1121 4492 1190 4548 male
1208 4509 1215 4546 τ
1231 4490 1261 4548 da
1274 4491 1378 4564 doffte.
1401 4491 1553 4548 Notandum
1565 4491 1636 4564 quod
1657 4491 1754 4550 nobilis
1767 4491 1818 4548 iste
1835 4502 1970 4562 nusquam
1988 4497 2070 4556 usque

671 4598 745 4640 nunc
757 4599 819 4639 cum
831 4584 908 4640 titulo
922 4585 1026 4642 comitis
1037 4587 1197 4659 apparuerit.

669 4713 672 4720 ·
708 4678 746 4749 (3)
764 4679 836 4734 liaeo
853 4679 948 4736 civitas
960 4695 1014 4735 uua
1026 4695 1088 4736 oum
1108 4681 1257 4738 andueio
1269 4687 1297 4737 et
1309 4681 1409 4739 Andria
1427 4683 1495 4738 inter
1506 4681 1669 4740 turbationes
1680 4682 1754 4756 regni
1767 4679 1904 4738 Friderico
1922 4679 2073 4736 metante
