4642 6106
347 659 505 746 1666663]
795 659 994 722 HISTORIA
1018 659 1314 742 nlsuotlunlcs.
1704 655 1766 719 205

349 797 458 870 imter-
468 798 547 890 ejus
558 815 674 870 eomes
685 794 731 868 de
741 795 945 888 Ortenbnrc,
962 795 1083 870 Chnnc
1097 795 1143 872 de
1153 797 1319 890 Weruen,
1336 793 1517 869 Gerhohus
1529 791 1575 868 de
1588 785 1762 882 Sslzburc,

350 920 488 998 Ulricns
502 931 539 994 et
553 921 611 994 alii
628 941 735 1015 quom
753 920 882 1014 plnres.

398 1045 544 1140 Signum
560 1043 692 1118 domini
708 1042 873 1118 Friderici
888 1043 1035 1118 secundi
1051 1045 1270 1120 invictissimi
1283 1046 1514 1118 Romanorum
1534 1040 1762 1139 imperatoris,

351 1189 488 1265 semper
502 1167 661 1262 angusti,
676 1167 889 1241 iherusalem
903 1176 939 1240 et
956 1168 1071 1242 Sicilie
1084 1170 1189 1264 rogis.
1207 1166 1495 1266 (Mmtcprornmo.)

399 1293 487 1366 Acte
509 1300 592 1364 sunt
607 1291 673 1366 hec
690 1289 786 1386 upud
804 1293 969 1366 Sanctum
983 1291 1210 1385 Germsnm,
1230 1314 1322 1366 anno
1335 1291 1473 1366 Domini
1496 1291 1545 1362 Μ’
1561 1289 1625 1362 CC·
1636 1288 1760 1379 XXX’,

213 1490 219 1524 Ι
352 1437 472 1490 mense
486 1422 636 1510 augusto
647 1411 713 1510 (l),
729 1413 918 1487 indictione
931 1415 999 1506 111·,
1016 1415 1208 1511 imperante
1220 1415 1362 1489 donnino
1376 1424 1495 1488 nostro
1509 1412 1683 1487 Friderieo
1700 1411 1762 1483 Dei

351 1541 462 1636 pratis
475 1540 704 1614 invictissimo
718 1541 950 1614 Romanorum
970 1539 1187 1637 impemtore,
1205 1563 1340 1638 sempor
1355 1537 1714 1636 angusto,Jernsulem
1729 1545 1765 1608 et

350 1664 467 1738 Sicilie
492 1687 592 1760 rege,
618 1665 754 1760 imperii
777 1667 853 1759 ejus
872 1665 965 1742 a'nno
987 1668 1049 1762 X⁰,
1073 1668 1172 1763 regni
1194 1667 1381 1742 lernsnlem
1407 1667 1451 1738 V·
1474 1674 1510 1738 et
1531 1663 1646 1739 Sicilie
1673 1681 1764 1736 enno

353 1789 535 1881 XXX⁰lll⁰,
553 1788 710 1862 feliciter.
724 1789 847 1863 Amen.

408 2299 635 2410 fridericus,
652 2303 913 2388 Romenomm
933 2304 1157 2414 imperator,
1175 2302 1376 2389 confirmat
1391 2303 1600 2386 cessionem
1618 2302 1669 2386 ab
1687 2301 1767 2388 061-
1793 2319 1969 2417 offis*

355 2433 456 2518 done
468 2435 566 2518 dure
577 2435 766 2520 Mercnice
777 2435 919 2520 lactum
931 2437 1649 2548 Bertholdopstriarchsellquilegiensi
1659 2435 1766 2519 lrstri

355 2565 439 2678 ejus
453 2567 502 2651 de
517 2567 623 2652 omni
634 2567 721 2680 jure
736 2571 843 2680 quod
855 2569 895 2654 in
909 2571 1080 2655 marchis
1093 2579 1131 2655 et
1145 2570 1326 2656 comitatu
1340 2571 1472 2656 Istriae
1484 2580 1523 2656 et
1535 2571 1575 2654 in
1590 2569 1767 2655 Camiols

354 2701 546 2812 requirere
562 2711 722 2812 poteret.

1848 2426 1913 2480 rure.
1947 2401 1955 2426 '

436 2917 606 3000 (llemorst.
625 2927 657 2983 et
675 2927 801 2985 extruet
819 2923 900 3002 opud
917 2923 1050 3004 Bonus,
1070 2923 1202 2986 Mecum.
1222 2920 1315 2986 666166.
1334 2921 1483 3006 Apelleo,
1502 2921 1557 2987 col.
1576 2932 1653 2998 66η
1671 2930 1702 2986 et
1715 2939 1764 3002 sp.

475 3027 602 3100 Lusum,
616 3027 731 3091 Netinis
743 3027 793 3089 del
806 3025 918 3102 mat,
938 3035 960 3092 t
984 3029 1038 3104 lv,
1053 3048 1081 3110 p.
1104 3041 1173 3094 not.
1187 3031 1334 3094 Addimus
1346 3033 1467 3094 nomm
1480 3034 1601 3094 tendum
1614 3049 1652 3093 ex
1665 3031 1767 3093 Bonn-

324 3191 332 3220 ,
475 3149 573 3210 mmo,
589 3133 716 3218 depost,
730 3153 762 3214 p.
782 3145 855 3217 146,
868 3146 902 3198 n·
916 3136 1003 3216 666.)

406 3317 445 3390 ln
465 3317 605 3391 nomine
623 3327 740 3392 sancte
760 3327 795 3392 et
818 3318 1002 3394 individue
1028 3321 1211 3394 Trinitatis.
1229 3319 1412 3394 Federicus
1434 3318 1624 3410 secundus,
1646 3319 1767 3395 dlvinu

357 3443 496 3516 favente
509 3441 691 3517 clementie
709 3443 940 3517 Romanorum
959 3446 1154 3540 imperator,
1174 3467 1310 3542 semper
1326 3453 1510 3538 augustus,
1529 3443 1716 3516 Ierusalem
1734 3453 1768 3517 et

356 3567 472 3642 Sicilie
492 3589 568 3640 rex.
586 3567 676 3653 Quin
696 3568 810 3642 labilis
827 3577 880 3642 est
893 3569 1123 3642 humanarum
1138 3591 1253 3643 rerum
1270 3568 1433 3642 memoris
1447 3569 1514 3640 nisi
1531 3567 1580 3641 rel
1594 3577 1690 3661 geste
1706 3589 1769 3640 se-

357 3691 429 3764 ries·
445 3691 615 3787 scripture
640 3693 867 3788 perpetuitate
889 3702 1039 3785 notetur,
1061 3693 1140 3767 ideo
1164 3716 1234 3788 qne
1260 3694 1296 3766 in
1321 3693 1493 3788 presentia
1512 3700 1628 3765 nostro
1654 3711 1768 3764 eornm

357 3815 562 3912 subscriptis
580 3815 796 3913 principibus
817 3826 852 3889 et
869 3817 953 3888 viris
971 3817 1147 3890 nobilibus
1167 3817 1256 3889 inter
1281 3816 1424 3890 dilectos
1447 3817 1620 3912 principes
1637 3823 1770 3890 nostros

359 3938 580 4014 Bertholdum
604 3940 840 4014 venerabilem
859 3941 1087 4037 patriercham
1108 3941 1364 4036 Aquileiensem
1388 3949 1423 4014 et
1442 3941 1625 4015 Oddonem
1645 3939 1769 4012 ducem

361 4063 513 4138 llersnie
532 4065 671 4138 fratrom
696 4065 772 4157 ejus
795 4066 884 4138 laetu
906 4073 1040 4139 suntet
1061 4063 1145 4140 dicti
1161 4065 1318 4140 Oddonis
1339 4065 1550 4159 obligatione
1568 4063 1699 4136 firmate
1717 4063 1772 4136 di·

359 4209 469 4282 gnum
484 4187 652 4262 duximus
666 4188 869 4264 anctoritate
881 4199 998 4264 nostra
1011 4190 1174 4286 prosequi
1188 4198 1222 4262 et
1234 4188 1403 4284 presentis
1416 4187 1543 4262 divalis
1559 4187 1686 4284 pagine
1698 4208 1772 4260 me·

397 4496 436 4569 (l)
453 4495 520 4554 Cum
533 4497 588 4556 dux
599 4498 722 4556 Amnius
734 4499 881 4574 liupoldus
888 4497 934 4572 qui
946 4497 1076 4572 vigss‘mo
1087 4503 1184 4556 octavo
1194 4496 1240 4556 die
1248 4496 1307 4570 julii
1319 4496 1395 4568 obiit,
1408 4495 1513 4570 primus
1523 4497 1593 4556 inter
1600 4495 1682 4554 uicos
1693 4494 1772 4568 hujus

362 4593 495 4670 ptirilegii
510 4599 593 4654 testes
609 4596 772 4668 nominetur,
785 4601 814 4655 et
826 4595 937 4672 insuper
954 4595 1099 4669 imperator
1110 4595 1239 4654 sinotum
1257 4594 1423 4652 Germsnum
1436 4599 1551 4652 exeunte
1562 4593 1628 4668 judio
1640 4594 1695 4666 J'sm
1711 4591 1774 4650 reli-

361 4697 463 4770 querit,
478 4711 534 4756 non
548 4695 726 4756 dubitandum
739 4697 805 4773 quin
818 4697 910 4758 ortum
927 4711 1018 4755 666666
1029 4701 1146 4770 utputo
1158 4711 1207 4771 pro
1221 4710 1310 4754 meuse
1323 4693 1397 4769 julio
1414 4710 1465 4770 per
1477 4695 1574 4753 notsrii
1587 4693 1773 4770 negligentium

359 4796 433 4869 apud
446 4796 573 4871 originale
586 4795 735 4872 irrepserit.
939 4813 942 4820 ·
