<?xml version="1.0" encoding="UTF-8"?>
<!DOCTYPE html PUBLIC "-//W3C//DTD XHTML 1.0 Transitional//EN"
    "http://www.w3.org/TR/xhtml1/DTD/xhtml1-transitional.dtd">
<html xmlns="http://www.w3.org/1999/xhtml" xml:lang="en" lang="en">
 <head>
  <title>
</title>
<meta http-equiv="Content-Type" content="text/html;charset=utf-8" />
  <meta name='ocr-system' content='tesseract 3.04.00' />
  <meta name='ocr-capabilities' content='ocr_page ocr_carea ocr_par ocr_line ocrx_word'/>
</head>
<body>
  <div class='ocr_page' id='page_1' title='image "./historiadiploma03fredgoog/historiadiploma03fredgoog_0320.png"; bbox 0 0 4710 6076; ppageno 0'>
   <div class='ocr_carea' id='block_1_1' title="bbox 398 663 1808 774">
    <p class='ocr_par' dir='ltr' id='par_1_1' title="bbox 398 663 1808 774">
     <span class='ocr_line' id='line_1_1' title="bbox 398 663 1808 774; baseline -0.016 -19"><span class='ocrx_word' id='word_1_1' title='bbox 398 695 498 756; x_wconf 69' lang='lat' dir='ltr'><strong>leuior.</strong></span> <span class='ocrx_word' id='word_1_2' title='bbox 517 687 578 774; x_wconf 73' lang='lat' dir='ltr'><strong>la]</strong></span> <span class='ocrx_word' id='word_1_3' title='bbox 849 683 1045 748; x_wconf 77' lang='lat' dir='ltr'><strong>tltsnonla</strong></span> <span class='ocrx_word' id='word_1_4' title='bbox 1073 675 1366 742; x_wconf 69' lang='lat' dir='ltr'><strong>alamannica.</strong></span> <span class='ocrx_word' id='word_1_5' title='bbox 1707 663 1719 678; x_wconf 76' lang='grc'><em>”</em></span> <span class='ocrx_word' id='word_1_6' title='bbox 1753 671 1808 734; x_wconf 81' lang='lat' dir='ltr'><strong>att</strong></span> 
     </span>
    </p>
   </div>
   <div class='ocr_carea' id='block_1_2' title="bbox 394 809 1815 1788">
    <p class='ocr_par' dir='ltr' id='par_1_2' title="bbox 397 809 1815 1538">
     <span class='ocr_line' id='line_1_2' title="bbox 398 809 1813 918; baseline -0.015 -17"><span class='ocrx_word' id='word_1_7' title='bbox 398 825 609 901; x_wconf 79' lang='lat' dir='ltr'><strong>ludewicus</strong></span> <span class='ocrx_word' id='word_1_8' title='bbox 635 821 850 918; x_wconf 72' lang='lat' dir='ltr'><strong>lantgravius</strong></span> <span class='ocrx_word' id='word_1_9' title='bbox 874 819 1078 915; x_wconf 84' lang='lat' dir='ltr'><strong>Thuringie‚</strong></span> <span class='ocrx_word' id='word_1_10' title='bbox 1109 816 1283 914; x_wconf 87' lang='lat' dir='ltr'><strong>palatinus</strong></span> <span class='ocrx_word' id='word_1_11' title='bbox 1310 833 1426 886; x_wconf 86' lang='lat' dir='ltr'><strong>cornea</strong></span> <span class='ocrx_word' id='word_1_12' title='bbox 1450 809 1618 900; x_wconf 78' lang='lat' dir='ltr'><strong>saxonie,</strong></span> <span class='ocrx_word' id='word_1_13' title='bbox 1645 809 1813 882; x_wconf 84' lang='lat' dir='ltr'><strong>llenricns</strong></span> 
     </span>
     <span class='ocr_line' id='line_1_3' title="bbox 400 933 1810 1037; baseline -0.014 -11"><span class='ocrx_word' id='word_1_14' title='bbox 400 951 476 1026; x_wconf 85' lang='lat' dir='ltr'><strong>dux</strong></span> <span class='ocrx_word' id='word_1_15' title='bbox 501 948 703 1037; x_wconf 85' lang='lat' dir='ltr'><strong>Brabantie,</strong></span> <span class='ocrx_word' id='word_1_16' title='bbox 724 945 919 1020; x_wconf 86' lang='lat' dir='ltr'><strong>Ferrandus</strong></span> <span class='ocrx_word' id='word_1_17' title='bbox 943 965 1059 1018; x_wconf 77' lang='lat' dir='ltr'><strong>comas</strong></span> <span class='ocrx_word' id='word_1_18' title='bbox 1080 940 1257 1032; x_wconf 88' lang='lat' dir='ltr'><strong>llandrie,</strong></span> <span class='ocrx_word' id='word_1_19' title='bbox 1276 936 1486 1011; x_wconf 87' lang='lat' dir='ltr'><strong>Ludcwicus</strong></span> <span class='ocrx_word' id='word_1_20' title='bbox 1514 935 1590 1009; x_wconf 87' lang='lat' dir='ltr'><strong>dux</strong></span> <span class='ocrx_word' id='word_1_21' title='bbox 1614 933 1810 1024; x_wconf 82' lang='lat' dir='ltr'><strong>Karintlnie,</strong></span> 
     </span>
     <span class='ocr_line' id='line_1_4' title="bbox 399 1057 1815 1157; baseline -0.013 -9"><span class='ocrx_word' id='word_1_22' title='bbox 399 1073 631 1148; x_wconf 84' lang='lat' dir='ltr'>Theodericus</span> <span class='ocrx_word' id='word_1_23' title='bbox 650 1091 766 1145; x_wconf 88' lang='lat' dir='ltr'><strong>comes</strong></span> <span class='ocrx_word' id='word_1_24' title='bbox 787 1067 972 1157; x_wconf 81' lang='lat' dir='ltr'><strong>clivensis,</strong></span> <span class='ocrx_word' id='word_1_25' title='bbox 989 1065 1169 1138; x_wconf 86' lang='lat' dir='ltr'><strong>Heinricns</strong></span> <span class='ocrx_word' id='word_1_26' title='bbox 1185 1083 1301 1137; x_wconf 89' lang='lat' dir='ltr'><strong>comes</strong></span> <span class='ocrx_word' id='word_1_27' title='bbox 1314 1060 1517 1156; x_wconf 79' lang='lat' dir='ltr'><strong>Seynensis,</strong></span> <span class='ocrx_word' id='word_1_28' title='bbox 1535 1058 1717 1132; x_wconf 86' lang='lat' dir='ltr'><strong>Cunradus</strong></span> <span class='ocrx_word' id='word_1_29' title='bbox 1731 1057 1815 1131; x_wconf 91' lang='lat' dir='ltr'><strong>bur·</strong></span> 
     </span>
     <span class='ocr_line' id='line_1_5' title="bbox 397 1181 1814 1299; baseline -0.011 -27"><span class='ocrx_word' id='word_1_30' title='bbox 397 1199 542 1299; x_wconf 73' lang='lat' dir='ltr'><strong>¹gravius</strong></span> <span class='ocrx_word' id='word_1_31' title='bbox 568 1198 613 1272; x_wconf 90' lang='lat' dir='ltr'><strong>dc</strong></span> <span class='ocrx_word' id='word_1_32' title='bbox 638 1195 854 1286; x_wconf 89' lang='lat' dir='ltr'><strong>Nurinberc,</strong></span> <span class='ocrx_word' id='word_1_33' title='bbox 879 1192 1042 1266; x_wconf 87' lang='lat' dir='ltr'><strong>Gerlacus</strong></span> <span class='ocrx_word' id='word_1_34' title='bbox 1069 1189 1114 1262; x_wconf 91' lang='lat' dir='ltr'><strong>de</strong></span> <span class='ocrx_word' id='word_1_35' title='bbox 1138 1187 1331 1281; x_wconf 83' lang='lat' dir='ltr'><strong>Butingsn,</strong></span> <span class='ocrx_word' id='word_1_36' title='bbox 1365 1183 1578 1257; x_wconf 79' lang='lat' dir='ltr'>wernherus</span> <span class='ocrx_word' id='word_1_37' title='bbox 1606 1182 1741 1278; x_wconf 77' lang='lat' dir='ltr'><strong>dapifer</strong></span> <span class='ocrx_word' id='word_1_38' title='bbox 1768 1181 1814 1256; x_wconf 91' lang='lat' dir='ltr'><strong>de</strong></span> 
     </span>
     <span class='ocr_line' id='line_1_6' title="bbox 398 1307 1811 1416; baseline -0.014 -18"><span class='ocrx_word' id='word_1_39' title='bbox 398 1323 613 1416; x_wconf 84' lang='lat' dir='ltr'><strong>lionlandia,</strong></span> <span class='ocrx_word' id='word_1_40' title='bbox 642 1320 777 1394; x_wconf 91' lang='lat' dir='ltr'><strong>Ulricus</strong></span> <span class='ocrx_word' id='word_1_41' title='bbox 803 1318 848 1392; x_wconf 93' lang='lat' dir='ltr'><strong>dc</strong></span> <span class='ocrx_word' id='word_1_42' title='bbox 878 1317 1115 1406; x_wconf 84' lang='lat' dir='ltr'><strong>Minrenberc,</strong></span> <span class='ocrx_word' id='word_1_43' title='bbox 1147 1311 1368 1386; x_wconf 85' lang='lat' dir='ltr'><strong>Eberhardus</strong></span> <span class='ocrx_word' id='word_1_44' title='bbox 1395 1309 1529 1405; x_wconf 77' lang='lat' dir='ltr'><strong>dapifer</strong></span> <span class='ocrx_word' id='word_1_45' title='bbox 1555 1308 1600 1381; x_wconf 94' lang='lat' dir='ltr'><strong>de</strong></span> <span class='ocrx_word' id='word_1_46' title='bbox 1625 1307 1811 1404; x_wconf 77' lang='lat' dir='ltr'><strong>Walpurg,</strong></span> 
     </span>
     <span class='ocr_line' id='line_1_7' title="bbox 402 1433 1737 1538; baseline -0.012 -19"><span class='ocrx_word' id='word_1_47' title='bbox 402 1447 584 1521; x_wconf 89' lang='lat' dir='ltr'><strong>Cunradus</strong></span> <span class='ocrx_word' id='word_1_48' title='bbox 597 1454 632 1518; x_wconf 89' lang='lat' dir='ltr'><strong>et</strong></span> <span class='ocrx_word' id='word_1_49' title='bbox 644 1443 866 1518; x_wconf 84' lang='lat' dir='ltr'><strong>Eberhardus</strong></span> <span class='ocrx_word' id='word_1_50' title='bbox 881 1441 1043 1538; x_wconf 83' lang='lat' dir='ltr'>pincerne</span> <span class='ocrx_word' id='word_1_51' title='bbox 1056 1437 1101 1512; x_wconf 91' lang='lat' dir='ltr'><strong>de</strong></span> <span class='ocrx_word' id='word_1_52' title='bbox 1113 1437 1370 1510; x_wconf 89' lang='lat' dir='ltr'><strong>Winterstetten</strong></span> <span class='ocrx_word' id='word_1_53' title='bbox 1385 1435 1488 1508; x_wconf 89' lang='lat' dir='ltr'><strong>etalii</strong></span> <span class='ocrx_word' id='word_1_54' title='bbox 1503 1433 1737 1529; x_wconf 82' lang='lat' dir='ltr'><strong>quamplures.</strong></span> 
     </span>
    </p>

    <p class='ocr_par' dir='ltr' id='par_1_3' title="bbox 394 1555 1813 1788">
     <span class='ocr_line' id='line_1_8' title="bbox 449 1555 1813 1664; baseline -0.013 -21"><span class='ocrx_word' id='word_1_55' title='bbox 449 1571 574 1643; x_wconf 81' lang='lat' dir='ltr'><strong>Actum</strong></span> <span class='ocrx_word' id='word_1_56' title='bbox 599 1567 808 1664; x_wconf 79' lang='lat' dir='ltr'><strong>Aquisgrani</strong></span> <span class='ocrx_word' id='word_1_57' title='bbox 831 1567 867 1639; x_wconf 93' lang='lat' dir='ltr'><strong>in</strong></span> <span class='ocrx_word' id='word_1_58' title='bbox 895 1565 991 1639; x_wconf 89' lang='lat' dir='ltr'><strong>curia</strong></span> <span class='ocrx_word' id='word_1_59' title='bbox 1017 1564 1209 1659; x_wconf 81' lang='lat' dir='ltr'><strong>solempni,</strong></span> <span class='ocrx_word' id='word_1_60' title='bbox 1234 1583 1326 1634; x_wconf 92' lang='lat' dir='ltr'><strong>anno</strong></span> <span class='ocrx_word' id='word_1_61' title='bbox 1343 1559 1388 1634; x_wconf 88' lang='lat' dir='ltr'><strong>ab</strong></span> <span class='ocrx_word' id='word_1_62' title='bbox 1415 1557 1652 1632; x_wconf 84' lang='lat' dir='ltr'><strong>incarnatione</strong></span> <span class='ocrx_word' id='word_1_63' title='bbox 1676 1555 1813 1630; x_wconf 87' lang='lat' dir='ltr'><strong>Domini</strong></span> 
     </span>
     <span class='ocr_line' id='line_1_9' title="bbox 394 1682 1635 1788; baseline -0.015 -17"><span class='ocrx_word' id='word_1_64' title='bbox 394 1683 450 1771; x_wconf 73' lang='lat' dir='ltr'><strong>&#39;ll&#39;</strong></span> <span class='ocrx_word' id='word_1_65' title='bbox 461 1695 525 1768; x_wconf 83' lang='lat' dir='ltr'><strong>CC⁰</strong></span> <span class='ocrx_word' id='word_1_66' title='bbox 536 1695 686 1786; x_wconf 72' lang='lat' dir='ltr'><strong>xxvia,</strong></span> <span class='ocrx_word' id='word_1_67' title='bbox 706 1701 806 1767; x_wconf 82' lang='lat' dir='ltr'><strong>sexto</strong></span> <span class='ocrx_word' id='word_1_68' title='bbox 822 1691 989 1766; x_wconf 81' lang='lat' dir='ltr'><strong>kalendas</strong></span> <span class='ocrx_word' id='word_1_69' title='bbox 1006 1689 1139 1788; x_wconf 83' lang='lat' dir='ltr'><strong>aprilis,</strong></span> <span class='ocrx_word' id='word_1_70' title='bbox 1159 1685 1350 1761; x_wconf 80' lang='lat' dir='ltr'><strong>indictione</strong></span> <span class='ocrx_word' id='word_1_71' title='bbox 1366 1682 1635 1780; x_wconf 86' lang='lat' dir='ltr'><strong>quintadecima.</strong></span> 
     </span>
    </p>
   </div>
   <div class='ocr_carea' id='block_1_3' title="bbox 614 2009 1599 2028">
    <p class='ocr_par' dir='ltr' id='par_1_4' title="bbox 614 2009 1599 2028">
     <span class='ocr_line' id='line_1_10' title="bbox 614 2009 1599 2028; baseline -0.007 0"><span class='ocrx_word' id='word_1_72' title='bbox 614 2013 1078 2028; x_wconf 50' lang='lat' dir='ltr'><strong>*uuum-W</strong></span> <span class='ocrx_word' id='word_1_73' title='bbox 1135 2013 1153 2018; x_wconf 84' lang='lat'><strong>--</strong></span> <span class='ocrx_word' id='word_1_74' title='bbox 1162 2013 1187 2019; x_wconf 84' lang='lat'><strong>·—</strong></span> <span class='ocrx_word' id='word_1_75' title='bbox 1202 2013 1267 2019; x_wconf 59' lang='lat' dir='ltr'>-w--u</span> <span class='ocrx_word' id='word_1_76' title='bbox 1275 2009 1599 2019; x_wconf 57' lang='lat' dir='ltr'><strong>·---·--··-·-=--OE-··-··&#39;-·-</strong></span> 
     </span>
    </p>
   </div>
   <div class='ocr_carea' id='block_1_4' title="bbox 401 2285 2000 2546">
    <p class='ocr_par' dir='ltr' id='par_1_5' title="bbox 401 2285 2000 2546">
     <span class='ocr_line' id='line_1_11' title="bbox 401 2285 2000 2408; baseline -0.003 -22"><span class='ocrx_word' id='word_1_77' title='bbox 401 2285 405 2294; x_wconf 45' lang='lat'>⁵</span> <span class='ocrx_word' id='word_1_78' title='bbox 456 2303 644 2388; x_wconf 89' lang='lat' dir='ltr'><strong>llenricus</strong></span> <span class='ocrx_word' id='word_1_79' title='bbox 670 2304 930 2388; x_wconf 86' lang='lat' dir='ltr'><strong>Romanorum</strong></span> <span class='ocrx_word' id='word_1_80' title='bbox 950 2329 1017 2386; x_wconf 85' lang='lat' dir='ltr'><strong>rex</strong></span> <span class='ocrx_word' id='word_1_81' title='bbox 1040 2301 1220 2386; x_wconf 88' lang='lat' dir='ltr'><strong>ecclesiae</strong></span> <span class='ocrx_word' id='word_1_82' title='bbox 1242 2301 1336 2384; x_wconf 87' lang='lat' dir='ltr'><strong>Nori</strong></span> <span class='ocrx_word' id='word_1_83' title='bbox 1358 2299 1480 2384; x_wconf 88' lang='lat' dir='ltr'><strong>Castri</strong></span> <span class='ocrx_word' id='word_1_84' title='bbox 1502 2325 1636 2382; x_wconf 90' lang='lat' dir='ltr'><strong>omnes</strong></span> <span class='ocrx_word' id='word_1_85' title='bbox 1655 2324 1815 2408; x_wconf 89' lang='lat' dir='ltr'><strong>posses-</strong></span> <span class='ocrx_word' id='word_1_86' title='bbox 1860 2305 2000 2404; x_wconf 54' lang='lat' dir='ltr'><strong>*pm</strong></span> 
     </span>
     <span class='ocr_line' id='line_1_12' title="bbox 403 2430 1817 2546; baseline -0.006 -26"><span class='ocrx_word' id='word_1_87' title='bbox 403 2437 529 2522; x_wconf 78' lang='lat' dir='ltr'><strong>aiones</strong></span> <span class='ocrx_word' id='word_1_88' title='bbox 543 2439 592 2521; x_wconf 89' lang='lat' dir='ltr'><strong>ad</strong></span> <span class='ocrx_word' id='word_1_89' title='bbox 608 2463 649 2521; x_wconf 90' lang='lat' dir='ltr'><strong>se</strong></span> <span class='ocrx_word' id='word_1_90' title='bbox 666 2447 704 2520; x_wconf 89' lang='lat' dir='ltr'><strong>ct</strong></span> <span class='ocrx_word' id='word_1_91' title='bbox 721 2437 771 2520; x_wconf 90' lang='lat' dir='ltr'><strong>ad</strong></span> <span class='ocrx_word' id='word_1_92' title='bbox 790 2437 991 2546; x_wconf 88' lang='lat' dir='ltr'><strong>imperium</strong></span> <span class='ocrx_word' id='word_1_93' title='bbox 1012 2435 1242 2545; x_wconf 71' lang='lat' dir='ltr'><strong>pertinentes</strong></span> <span class='ocrx_word' id='word_1_94' title='bbox 1263 2435 1312 2516; x_wconf 90' lang='lat' dir='ltr'><strong>de</strong></span> <span class='ocrx_word' id='word_1_95' title='bbox 1334 2433 1568 2544; x_wconf 87' lang='lat' dir='ltr'><strong>plenitudine</strong></span> <span class='ocrx_word' id='word_1_96' title='bbox 1586 2430 1734 2516; x_wconf 90' lang='lat' dir='ltr'><strong>consilii</strong></span> <span class='ocrx_word' id='word_1_97' title='bbox 1757 2433 1817 2515; x_wconf 89' lang='lat' dir='ltr'><strong>sui</strong></span> 
     </span>
    </p>
   </div>
   <div class='ocr_carea' id='block_1_5' title="bbox 402 2559 616 2657">
    <p class='ocr_par' dir='ltr' id='par_1_6' title="bbox 402 2559 616 2657">
     <span class='ocr_line' id='line_1_13' title="bbox 402 2559 616 2657; baseline -0.023 0"><span class='ocrx_word' id='word_1_98' title='bbox 402 2559 616 2657; x_wconf 84' lang='lat' dir='ltr'><strong>confirmat.</strong></span> 
     </span>
    </p>
   </div>
   <div class='ocr_carea' id='block_1_6' title="bbox 485 2805 1815 2998">
    <p class='ocr_par' dir='ltr' id='par_1_7' title="bbox 485 2805 1815 2998">
     <span class='ocr_line' id='line_1_14' title="bbox 485 2805 1815 2894; baseline -0.005 -18"><span class='ocrx_word' id='word_1_99' title='bbox 485 2813 588 2894; x_wconf 84' lang='lat' dir='ltr'><strong>(Edld.</strong></span> <span class='ocrx_word' id='word_1_100' title='bbox 606 2813 745 2886; x_wconf 70' lang='lat' dir='ltr'><strong>Murrus,</strong></span> <span class='ocrx_word' id='word_1_101' title='bbox 760 2811 948 2872; x_wconf 68' lang='lat' dir='ltr'><strong>Marmarata</strong></span> <span class='ocrx_word' id='word_1_102' title='bbox 960 2807 996 2871; x_wconf 81' lang='lat' dir='ltr'><strong>ria</strong></span> <span class='ocrx_word' id='word_1_103' title='bbox 1008 2807 1104 2872; x_wconf 85' lang='lat' dir='ltr'><strong>l&#39;llr&#39;rt.</strong></span> <span class='ocrx_word' id='word_1_104' title='bbox 1123 2806 1159 2870; x_wconf 84' lang='lat' dir='ltr'><strong>dr</strong></span> <span class='ocrx_word' id='word_1_105' title='bbox 1173 2805 1347 2882; x_wconf 70' lang='lat' dir='ltr'><strong>ructaret,</strong></span> <span class='ocrx_word' id='word_1_106' title='bbox 1362 2809 1395 2881; x_wconf 87' lang='lat' dir='ltr'><strong>l,</strong></span> <span class='ocrx_word' id='word_1_107' title='bbox 1412 2818 1466 2882; x_wconf 82' lang='lat' dir='ltr'><strong>aa,</strong></span> <span class='ocrx_word' id='word_1_108' title='bbox 1483 2817 1515 2869; x_wconf 83' lang='lat' dir='ltr'><strong>n·</strong></span> <span class='ocrx_word' id='word_1_109' title='bbox 1530 2817 1580 2869; x_wconf 76' lang='grc'><strong>47.</strong></span> <span class='ocrx_word' id='word_1_110' title='bbox 1595 2807 1653 2870; x_wconf 87' lang='lat' dir='ltr'><strong>Sed</strong></span> <span class='ocrx_word' id='word_1_111' title='bbox 1666 2825 1815 2887; x_wconf 81' lang='lat' dir='ltr'><strong>perperam</strong></span> 
     </span>
     <span class='ocr_line' id='line_1_15' title="bbox 521 2915 1333 2998; baseline -0.006 -16"><span class='ocrx_word' id='word_1_112' title='bbox 521 2922 690 2998; x_wconf 78' lang='lat' dir='ltr'><strong>imperatori</strong></span> <span class='ocrx_word' id='word_1_113' title='bbox 703 2921 831 2981; x_wconf 77' lang='lat' dir='ltr'><strong>Hannon</strong></span> <span class='ocrx_word' id='word_1_114' title='bbox 844 2919 899 2982; x_wconf 82' lang='lat' dir='ltr'><strong>Vl·</strong></span> <span class='ocrx_word' id='word_1_115' title='bbox 912 2919 969 2980; x_wconf 89' lang='lat' dir='ltr'><strong>hoc</strong></span> <span class='ocrx_word' id='word_1_116' title='bbox 981 2918 1194 2980; x_wconf 82' lang='lat' dir='ltr'><strong>documentum</strong></span> <span class='ocrx_word' id='word_1_117' title='bbox 1204 2915 1333 2996; x_wconf 73' lang='lat' dir='ltr'><strong>tribuit.)</strong></span> 
     </span>
    </p>
   </div>
   <div class='ocr_carea' id='block_1_7' title="bbox 402 3133 1959 4350">
    <p class='ocr_par' dir='ltr' id='par_1_8' title="bbox 402 3133 1959 4224">
     <span class='ocr_line' id='line_1_16' title="bbox 451 3133 1816 3229; baseline -0.001 -21"><span class='ocrx_word' id='word_1_118' title='bbox 451 3136 494 3208; x_wconf 90' lang='grc' dir='ltr'><strong>Η.</strong></span> <span class='ocrx_word' id='word_1_119' title='bbox 515 3133 578 3206; x_wconf 79' lang='lat' dir='ltr'><strong>liei</strong></span> <span class='ocrx_word' id='word_1_120' title='bbox 600 3133 711 3228; x_wconf 74' lang='lat' dir='ltr'><strong>gratia</strong></span> <span class='ocrx_word' id='word_1_121' title='bbox 733 3135 963 3206; x_wconf 87' lang='lat' dir='ltr'><strong>Romanorum</strong></span> <span class='ocrx_word' id='word_1_122' title='bbox 988 3155 1052 3206; x_wconf 80' lang='lat' dir='ltr'><strong>rex</strong></span> <span class='ocrx_word' id='word_1_123' title='bbox 1077 3145 1112 3204; x_wconf 90' lang='lat' dir='ltr'><strong>et</strong></span> <span class='ocrx_word' id='word_1_124' title='bbox 1127 3154 1263 3228; x_wconf 86' lang='lat' dir='ltr'><strong>semper</strong></span> <span class='ocrx_word' id='word_1_125' title='bbox 1281 3143 1470 3227; x_wconf 80' lang='lat' dir='ltr'><strong>augustus,</strong></span> <span class='ocrx_word' id='word_1_126' title='bbox 1494 3134 1666 3208; x_wconf 87' lang='lat' dir='ltr'><strong>universis</strong></span> <span class='ocrx_word' id='word_1_127' title='bbox 1682 3133 1816 3229; x_wconf 88' lang='lat' dir='ltr'><strong>imperil</strong></span> 
     </span>
     <span class='ocr_line' id='line_1_17' title="bbox 403 3257 1819 3353; baseline -0.001 -21"><span class='ocrx_word' id='word_1_128' title='bbox 403 3257 565 3332; x_wconf 86' lang='lat' dir='ltr'><strong>fidelibus</strong></span> <span class='ocrx_word' id='word_1_129' title='bbox 581 3259 671 3332; x_wconf 88' lang='lat' dir='ltr'><strong>hanc</strong></span> <span class='ocrx_word' id='word_1_130' title='bbox 688 3258 835 3332; x_wconf 87' lang='lat' dir='ltr'><strong>litteram</strong></span> <span class='ocrx_word' id='word_1_131' title='bbox 849 3257 1055 3353; x_wconf 89' lang='lat' dir='ltr'><strong>inspecturis</strong></span> <span class='ocrx_word' id='word_1_132' title='bbox 1073 3257 1219 3352; x_wconf 83' lang='lat' dir='ltr'><strong>gratiam</strong></span> <span class='ocrx_word' id='word_1_133' title='bbox 1235 3279 1335 3332; x_wconf 90' lang='lat' dir='ltr'><strong>suam</strong></span> <span class='ocrx_word' id='word_1_134' title='bbox 1350 3267 1385 3331; x_wconf 89' lang='lat' dir='ltr'><strong>et</strong></span> <span class='ocrx_word' id='word_1_135' title='bbox 1398 3280 1502 3331; x_wconf 92' lang='lat' dir='ltr'><strong>omne</strong></span> <span class='ocrx_word' id='word_1_136' title='bbox 1519 3259 1662 3332; x_wconf 89' lang='lat' dir='ltr'><strong>bonum.</strong></span> <span class='ocrx_word' id='word_1_137' title='bbox 1678 3259 1819 3332; x_wconf 88' lang='lat' dir='ltr'><strong>Noverit</strong></span> 
     </span>
     <span class='ocr_line' id='line_1_18' title="bbox 402 3381 1818 3479; baseline 0.001 -24"><span class='ocrx_word' id='word_1_138' title='bbox 402 3391 473 3455; x_wconf 85' lang='lat' dir='ltr'><strong>tam</strong></span> <span class='ocrx_word' id='word_1_139' title='bbox 495 3403 637 3478; x_wconf 81' lang='lat' dir='ltr'><strong>presens</strong></span> <span class='ocrx_word' id='word_1_140' title='bbox 655 3391 730 3456; x_wconf 86' lang='lat' dir='ltr'><strong>etas</strong></span> <span class='ocrx_word' id='word_1_141' title='bbox 753 3386 889 3476; x_wconf 87' lang='lat' dir='ltr'><strong>[quarn]</strong></span> <span class='ocrx_word' id='word_1_142' title='bbox 908 3403 1110 3456; x_wconf 87' lang='lat' dir='ltr'><strong>successura</strong></span> <span class='ocrx_word' id='word_1_143' title='bbox 1132 3383 1314 3478; x_wconf 86' lang='lat' dir='ltr'><strong>posteritas</strong></span> <span class='ocrx_word' id='word_1_144' title='bbox 1337 3383 1435 3477; x_wconf 87' lang='lat' dir='ltr'><strong>quod</strong></span> <span class='ocrx_word' id='word_1_145' title='bbox 1453 3405 1516 3456; x_wconf 91' lang='lat' dir='ltr'><strong>nos</strong></span> <span class='ocrx_word' id='word_1_146' title='bbox 1537 3383 1583 3456; x_wconf 89' lang='lat' dir='ltr'><strong>da</strong></span> <span class='ocrx_word' id='word_1_147' title='bbox 1604 3381 1818 3479; x_wconf 85' lang='lat' dir='ltr'><strong>plenitudine</strong></span> 
     </span>
     <span class='ocr_line' id='line_1_19' title="bbox 403 3505 1959 3602; baseline -0.001 -24"><span class='ocrx_word' id='word_1_148' title='bbox 403 3506 539 3578; x_wconf 90' lang='lat' dir='ltr'><strong>consilii</strong></span> <span class='ocrx_word' id='word_1_149' title='bbox 553 3507 659 3580; x_wconf 88' lang='lat' dir='ltr'><strong>nostri</strong></span> <span class='ocrx_word' id='word_1_150' title='bbox 675 3527 796 3580; x_wconf 89' lang='lat' dir='ltr'><strong>omnes</strong></span> <span class='ocrx_word' id='word_1_151' title='bbox 810 3505 1043 3602; x_wconf 87' lang='lat' dir='ltr'><strong>possessiones</strong></span> <span class='ocrx_word' id='word_1_152' title='bbox 1058 3506 1199 3578; x_wconf 90' lang='lat' dir='ltr'><strong>collatas</strong></span> <span class='ocrx_word' id='word_1_153' title='bbox 1217 3506 1362 3580; x_wconf 88' lang='lat' dir='ltr'><strong>ecclesie</strong></span> <span class='ocrx_word' id='word_1_154' title='bbox 1377 3507 1467 3578; x_wconf 88' lang='lat' dir='ltr'><strong>Novi</strong></span> <span class='ocrx_word' id='word_1_155' title='bbox 1484 3506 1591 3580; x_wconf 90' lang='lat' dir='ltr'><strong>Castri</strong></span> <span class='ocrx_word' id='word_1_156' title='bbox 1609 3527 1673 3580; x_wconf 89' lang='lat' dir='ltr'><strong>nec</strong></span> <span class='ocrx_word' id='word_1_157' title='bbox 1687 3527 1757 3578; x_wconf 94' lang='lat' dir='ltr'><strong>non</strong></span> <span class='ocrx_word' id='word_1_158' title='bbox 1771 3507 1815 3578; x_wconf 84' lang='lat' dir='ltr'><strong>art</strong></span> <span class='ocrx_word' id='word_1_159' title='bbox 1955 3515 1959 3527; x_wconf 86' lang='lat'>&#39;</span> 
     </span>
     <span class='ocr_line' id='line_1_20' title="bbox 404 3629 1818 3728; baseline 0.002 -29"><span class='ocrx_word' id='word_1_160' title='bbox 404 3649 469 3702; x_wconf 87' lang='lat' dir='ltr'><strong>nos</strong></span> <span class='ocrx_word' id='word_1_161' title='bbox 493 3639 529 3702; x_wconf 87' lang='lat' dir='ltr'><strong>at</strong></span> <span class='ocrx_word' id='word_1_162' title='bbox 555 3631 602 3704; x_wconf 88' lang='lat' dir='ltr'><strong>ad</strong></span> <span class='ocrx_word' id='word_1_163' title='bbox 631 3631 814 3726; x_wconf 91' lang='lat' dir='ltr'><strong>imperium</strong></span> <span class='ocrx_word' id='word_1_164' title='bbox 842 3631 1052 3728; x_wconf 86' lang='lat' dir='ltr'><strong>pertinentes</strong></span> <span class='ocrx_word' id='word_1_165' title='bbox 1077 3631 1144 3727; x_wconf 90' lang='lat' dir='ltr'><strong>ipsi</strong></span> <span class='ocrx_word' id='word_1_166' title='bbox 1168 3631 1315 3704; x_wconf 82' lang='lat' dir='ltr'><strong>ecclesie</strong></span> <span class='ocrx_word' id='word_1_167' title='bbox 1337 3631 1540 3706; x_wconf 86' lang='lat' dir='ltr'><strong>anctoritate</strong></span> <span class='ocrx_word' id='word_1_168' title='bbox 1565 3631 1661 3726; x_wconf 84' lang='lat' dir='ltr'><strong>regia</strong></span> <span class='ocrx_word' id='word_1_169' title='bbox 1685 3629 1818 3704; x_wconf 87' lang='lat' dir='ltr'><strong>contir-</strong></span> 
     </span>
     <span class='ocr_line' id='line_1_21' title="bbox 403 3755 1818 3852; baseline 0 -26"><span class='ocrx_word' id='word_1_170' title='bbox 403 3774 551 3826; x_wconf 90' lang='lat' dir='ltr'><strong>mamus.</strong></span> <span class='ocrx_word' id='word_1_171' title='bbox 575 3755 780 3829; x_wconf 83' lang='lat' dir='ltr'><strong>Mandantes</strong></span> <span class='ocrx_word' id='word_1_172' title='bbox 801 3765 837 3828; x_wconf 90' lang='lat' dir='ltr'><strong>et</strong></span> <span class='ocrx_word' id='word_1_173' title='bbox 862 3757 929 3829; x_wconf 91' lang='lat' dir='ltr'><strong>sub</strong></span> <span class='ocrx_word' id='word_1_174' title='bbox 954 3756 1233 3829; x_wconf 88' lang='lat' dir='ltr'><strong>interminatione</strong></span> <span class='ocrx_word' id='word_1_175' title='bbox 1258 3755 1367 3848; x_wconf 78' lang='lat' dir='ltr'><strong>gratia</strong></span> <span class='ocrx_word' id='word_1_176' title='bbox 1389 3765 1504 3828; x_wconf 90' lang='lat' dir='ltr'><strong>nostre</strong></span> <span class='ocrx_word' id='word_1_177' title='bbox 1530 3755 1758 3852; x_wconf 90' lang='lat' dir='ltr'><strong>precipientes</strong></span> <span class='ocrx_word' id='word_1_178' title='bbox 1779 3768 1818 3830; x_wconf 88' lang='lat' dir='ltr'><strong>nt</strong></span> 
     </span>
     <span class='ocr_line' id='line_1_22' title="bbox 404 3878 1818 3984; baseline 0.002 -35"><span class='ocrx_word' id='word_1_179' title='bbox 404 3878 520 3984; x_wconf 88' lang='lat' dir='ltr'><strong>nullos</strong></span> <span class='ocrx_word' id='word_1_180' title='bbox 534 3879 579 3950; x_wconf 87' lang='lat' dir='ltr'><strong>sit</strong></span> <span class='ocrx_word' id='word_1_181' title='bbox 597 3879 659 3974; x_wconf 92' lang='lat' dir='ltr'><strong>qui</strong></span> <span class='ocrx_word' id='word_1_182' title='bbox 677 3879 804 3952; x_wconf 89' lang='lat' dir='ltr'><strong>dictam</strong></span> <span class='ocrx_word' id='word_1_183' title='bbox 822 3880 1000 3954; x_wconf 87' lang='lat' dir='ltr'><strong>ecclesiam</strong></span> <span class='ocrx_word' id='word_1_184' title='bbox 1019 3881 1055 3952; x_wconf 91' lang='lat' dir='ltr'><strong>in</strong></span> <span class='ocrx_word' id='word_1_185' title='bbox 1073 3881 1242 3976; x_wconf 87' lang='lat' dir='ltr'><strong>prelibata</strong></span> <span class='ocrx_word' id='word_1_186' title='bbox 1263 3880 1479 3976; x_wconf 72' lang='lat' dir='ltr'><strong>preessione</strong></span> <span class='ocrx_word' id='word_1_187' title='bbox 1494 3881 1673 3953; x_wconf 86' lang='lat' dir='ltr'><strong>molestare</strong></span> <span class='ocrx_word' id='word_1_188' title='bbox 1691 3881 1818 3956; x_wconf 87' lang='lat' dir='ltr'><strong>audeat</strong></span> 
     </span>
     <span class='ocr_line' id='line_1_23' title="bbox 402 3985 1920 4100; baseline 0 -24"><span class='ocrx_word' id='word_1_189' title='bbox 402 4001 460 4076; x_wconf 89' lang='lat' dir='ltr'><strong>vel</strong></span> <span class='ocrx_word' id='word_1_190' title='bbox 478 4001 668 4098; x_wconf 90' lang='lat' dir='ltr'><strong>dampnum</strong></span> <span class='ocrx_word' id='word_1_191' title='bbox 685 4003 821 4098; x_wconf 86' lang='lat' dir='ltr'><strong>aliquid</strong></span> <span class='ocrx_word' id='word_1_192' title='bbox 842 4004 1005 4098; x_wconf 83' lang='lat' dir='ltr'><strong>irrogare.</strong></span> <span class='ocrx_word' id='word_1_193' title='bbox 1020 4003 1076 4077; x_wconf 86' lang='lat' dir='ltr'><strong>Ad</strong></span> <span class='ocrx_word' id='word_1_194' title='bbox 1100 4003 1206 4098; x_wconf 81' lang='lat' dir='ltr'><strong>igitur</strong></span> <span class='ocrx_word' id='word_1_195' title='bbox 1221 4001 1272 4100; x_wconf 87' lang='lat' dir='ltr'><strong>(a)</strong></span> <span class='ocrx_word' id='word_1_196' title='bbox 1291 4005 1372 4076; x_wconf 88' lang='lat' dir='ltr'><strong>lacti</strong></span> <span class='ocrx_word' id='word_1_197' title='bbox 1393 4005 1499 4078; x_wconf 89' lang='lat' dir='ltr'><strong>nostri</strong></span> <span class='ocrx_word' id='word_1_198' title='bbox 1514 4003 1723 4100; x_wconf 89' lang='lat' dir='ltr'><strong>perhennem</strong></span> <span class='ocrx_word' id='word_1_199' title='bbox 1739 4025 1818 4077; x_wconf 91' lang='lat' dir='ltr'><strong>me·</strong></span> <span class='ocrx_word' id='word_1_200' title='bbox 1918 3985 1920 3990; x_wconf 48' lang='grc'>’</span> 
     </span>
     <span class='ocr_line' id='line_1_24' title="bbox 403 4125 1813 4224; baseline 0 -26"><span class='ocrx_word' id='word_1_201' title='bbox 403 4125 547 4200; x_wconf 89' lang='lat' dir='ltr'><strong>moriam</strong></span> <span class='ocrx_word' id='word_1_202' title='bbox 568 4137 760 4222; x_wconf 84' lang='lat' dir='ltr'><strong>presentem</strong></span> <span class='ocrx_word' id='word_1_203' title='bbox 784 4127 931 4202; x_wconf 89' lang='lat' dir='ltr'><strong>litteram</strong></span> <span class='ocrx_word' id='word_1_204' title='bbox 954 4129 1124 4202; x_wconf 89' lang='lat' dir='ltr'><strong>conscribi</strong></span> <span class='ocrx_word' id='word_1_205' title='bbox 1142 4139 1178 4202; x_wconf 87' lang='lat' dir='ltr'><strong>et</strong></span> <span class='ocrx_word' id='word_1_206' title='bbox 1195 4129 1308 4224; x_wconf 82' lang='lat' dir='ltr'><strong>sigillo</strong></span> <span class='ocrx_word' id='word_1_207' title='bbox 1325 4137 1441 4202; x_wconf 90' lang='lat' dir='ltr'><strong>nostro</strong></span> <span class='ocrx_word' id='word_1_208' title='bbox 1457 4127 1623 4222; x_wconf 83' lang='lat' dir='ltr'><strong>jussimus</strong></span> <span class='ocrx_word' id='word_1_209' title='bbox 1644 4127 1813 4221; x_wconf 81' lang='lat' dir='ltr'><strong>insigniri.</strong></span> 
     </span>
    </p>

    <p class='ocr_par' dir='ltr' id='par_1_9' title="bbox 452 4251 1678 4350">
     <span class='ocr_line' id='line_1_25' title="bbox 452 4251 1678 4350; baseline 0.001 -27"><span class='ocrx_word' id='word_1_210' title='bbox 452 4253 576 4325; x_wconf 88' lang='lat' dir='ltr'><strong>Datum</strong></span> <span class='ocrx_word' id='word_1_211' title='bbox 593 4251 689 4347; x_wconf 90' lang='lat' dir='ltr'><strong>apud</strong></span> <span class='ocrx_word' id='word_1_212' title='bbox 703 4253 977 4346; x_wconf 70' lang='lat' dir='ltr'><strong>aquisgranum,</strong></span> <span class='ocrx_word' id='word_1_213' title='bbox 995 4255 1055 4326; x_wconf 98' lang='lat' dir='ltr'><strong>llll</strong></span> <span class='ocrx_word' id='word_1_214' title='bbox 1069 4253 1235 4328; x_wconf 83' lang='lat' dir='ltr'><strong>kalendas</strong></span> <span class='ocrx_word' id='word_1_215' title='bbox 1252 4253 1384 4350; x_wconf 89' lang='lat' dir='ltr'><strong>aprilis,</strong></span> <span class='ocrx_word' id='word_1_216' title='bbox 1401 4251 1588 4328; x_wconf 89' lang='lat' dir='ltr'><strong>indictione</strong></span> <span class='ocrx_word' id='word_1_217' title='bbox 1604 4253 1678 4328; x_wconf 85' lang='lat' dir='ltr'><strong>XV.</strong></span> 
     </span>
    </p>
   </div>
   <div class='ocr_carea' id='block_1_8' title="bbox 444 4453 960 4536">
    <p class='ocr_par' dir='ltr' id='par_1_10' title="bbox 444 4453 960 4536">
     <span class='ocr_line' id='line_1_26' title="bbox 444 4453 960 4536; baseline -0.002 -17"><span class='ocrx_word' id='word_1_218' title='bbox 444 4453 483 4536; x_wconf 75' lang='lat' dir='ltr'><strong>(a)</strong></span> <span class='ocrx_word' id='word_1_219' title='bbox 504 4456 541 4518; x_wconf 85' lang='lat' dir='ltr'><strong>n</strong></span> <span class='ocrx_word' id='word_1_220' title='bbox 554 4458 697 4535; x_wconf 66' lang='lat' dir='ltr'><strong>rapae</strong></span> <span class='ocrx_word' id='word_1_221' title='bbox 709 4453 856 4530; x_wconf 65' lang='lat' dir='ltr'><strong>mem,</strong></span> <span class='ocrx_word' id='word_1_222' title='bbox 872 4458 960 4520; x_wconf 69' lang='lat' dir='ltr'><strong>mae.</strong></span> 
     </span>
    </p>
   </div>
   <div class='ocr_carea' id='block_1_9' title="bbox 0 0 2360 6068">
    <p class='ocr_par' dir='ltr' id='par_1_11' title="bbox 0 0 2360 6068">
     <span class='ocr_line' id='line_1_27' title="bbox 0 0 2360 6068; baseline 0 0"><span class='ocrx_word' id='word_1_223' title='bbox 0 0 2360 6068; x_wconf 95' lang='lat' dir='ltr'><strong> </strong></span> 
     </span>
    </p>
   </div>
  </div>
 </body>
</html>
