<?xml version="1.0" encoding="UTF-8"?>
<!DOCTYPE html PUBLIC "-//W3C//DTD XHTML 1.0 Transitional//EN"
    "http://www.w3.org/TR/xhtml1/DTD/xhtml1-transitional.dtd">
<html xmlns="http://www.w3.org/1999/xhtml" xml:lang="en" lang="en">
 <head>
  <title>
</title>
<meta http-equiv="Content-Type" content="text/html;charset=utf-8" />
  <meta name='ocr-system' content='tesseract 3.04.00' />
  <meta name='ocr-capabilities' content='ocr_page ocr_carea ocr_par ocr_line ocrx_word'/>
</head>
<body>
  <div class='ocr_page' id='page_1' title='image "./historiadiploma03fredgoog/historiadiploma03fredgoog_0421.png"; bbox 0 0 4702 6110; ppageno 0'>
   <div class='ocr_carea' id='block_1_1' title="bbox 506 539 1921 620">
    <p class='ocr_par' dir='ltr' id='par_1_1' title="bbox 506 539 1921 620">
     <span class='ocr_line' id='line_1_1' title="bbox 506 539 1921 620; baseline 0.001 -18"><span class='ocrx_word' id='word_1_1' title='bbox 506 539 568 602; x_wconf 83' lang='lat' dir='ltr'><strong>rra</strong></span> <span class='ocrx_word' id='word_1_2' title='bbox 1031 541 1203 604; x_wconf 84' lang='lat' dir='ltr'><strong>anunrcr</strong></span> <span class='ocrx_word' id='word_1_3' title='bbox 1229 541 1396 604; x_wconf 80' lang='lat' dir='ltr'><strong>suuntur</strong></span> <span class='ocrx_word' id='word_1_4' title='bbox 1733 540 1814 620; x_wconf 68' lang='lat' dir='ltr'><strong>[aaa.</strong></span> <span class='ocrx_word' id='word_1_5' title='bbox 1834 540 1921 604; x_wconf 79' lang='lat' dir='ltr'><strong>teao.</strong></span> 
     </span>
    </p>
   </div>
   <div class='ocr_carea' id='block_1_2' title="bbox 509 673 1924 1146">
    <p class='ocr_par' dir='ltr' id='par_1_2' title="bbox 509 673 1924 1146">
     <span class='ocr_line' id='line_1_2' title="bbox 511 673 1922 772; baseline 0.002 -25"><span class='ocrx_word' id='word_1_6' title='bbox 511 673 640 748; x_wconf 90' lang='lat' dir='ltr'><strong>debent</strong></span> <span class='ocrx_word' id='word_1_7' title='bbox 668 674 796 748; x_wconf 89' lang='lat' dir='ltr'><strong>talliam</strong></span> <span class='ocrx_word' id='word_1_8' title='bbox 824 696 939 772; x_wconf 91' lang='lat' dir='ltr'><strong>neque</strong></span> <span class='ocrx_word' id='word_1_9' title='bbox 965 685 1098 750; x_wconf 88' lang='lat' dir='ltr'><strong>scotum</strong></span> <span class='ocrx_word' id='word_1_10' title='bbox 1124 697 1238 772; x_wconf 88' lang='lat' dir='ltr'><strong>nequa</strong></span> <span class='ocrx_word' id='word_1_11' title='bbox 1260 676 1389 752; x_wconf 90' lang='lat' dir='ltr'><strong>debent</strong></span> <span class='ocrx_word' id='word_1_12' title='bbox 1411 675 1603 750; x_wconf 86' lang='lat' dir='ltr'><strong>exercitum</strong></span> <span class='ocrx_word' id='word_1_13' title='bbox 1630 697 1745 772; x_wconf 89' lang='lat' dir='ltr'><strong>neque</strong></span> <span class='ocrx_word' id='word_1_14' title='bbox 1771 676 1922 771; x_wconf 75' lang='lat' dir='ltr'><strong>aliquem</strong></span> 
     </span>
     <span class='ocr_line' id='line_1_3' title="bbox 509 797 1924 894; baseline 0.003 -24"><span class='ocrx_word' id='word_1_15' title='bbox 509 797 722 892; x_wconf 81' lang='lat' dir='ltr'><strong>equitatum,</strong></span> <span class='ocrx_word' id='word_1_16' title='bbox 738 798 802 886; x_wconf 85' lang='lat' dir='ltr'><strong>sed</strong></span> <span class='ocrx_word' id='word_1_17' title='bbox 820 799 850 872; x_wconf 91' lang='lat' dir='ltr'><strong>si</strong></span> <span class='ocrx_word' id='word_1_18' title='bbox 869 799 1011 894; x_wconf 83' lang='lat' dir='ltr'><strong>aliquod</strong></span> <span class='ocrx_word' id='word_1_19' title='bbox 1027 809 1178 874; x_wconf 80' lang='lat' dir='ltr'><strong>castrum</strong></span> <span class='ocrx_word' id='word_1_20' title='bbox 1197 800 1341 874; x_wconf 85' lang='lat' dir='ltr'><strong>ecclesie</strong></span> <span class='ocrx_word' id='word_1_21' title='bbox 1357 800 1414 874; x_wconf 84' lang='lat' dir='ltr'><strong>vel</strong></span> <span class='ocrx_word' id='word_1_22' title='bbox 1431 798 1556 874; x_wconf 90' lang='lat' dir='ltr'><strong>domus</strong></span> <span class='ocrx_word' id='word_1_23' title='bbox 1582 799 1767 874; x_wconf 81' lang='lat' dir='ltr'><strong>defensalis</strong></span> <span class='ocrx_word' id='word_1_24' title='bbox 1783 800 1924 874; x_wconf 86' lang='lat' dir='ltr'><strong>obsessa</strong></span> 
     </span>
     <span class='ocr_line' id='line_1_4' title="bbox 511 921 1922 1020; baseline 0.004 -27"><span class='ocrx_word' id='word_1_25' title='bbox 511 923 569 994; x_wconf 91' lang='lat' dir='ltr'><strong>vel</strong></span> <span class='ocrx_word' id='word_1_26' title='bbox 582 921 627 994; x_wconf 92' lang='lat' dir='ltr'><strong>ab</strong></span> <span class='ocrx_word' id='word_1_27' title='bbox 641 921 799 996; x_wconf 84' lang='lat' dir='ltr'><strong>bosb&#39;bus</strong></span> <span class='ocrx_word' id='word_1_28' title='bbox 812 932 979 1020; x_wconf 83' lang='lat' dir='ltr'><strong>occupata</strong></span> <span class='ocrx_word' id='word_1_29' title='bbox 994 925 1071 1012; x_wconf 87' lang='lat' dir='ltr'><strong>luit,</strong></span> <span class='ocrx_word' id='word_1_30' title='bbox 1088 924 1273 1020; x_wconf 89' lang='lat' dir='ltr'><strong>episcopus</strong></span> <span class='ocrx_word' id='word_1_31' title='bbox 1288 923 1439 1020; x_wconf 90' lang='lat' dir='ltr'><strong>primum</strong></span> <span class='ocrx_word' id='word_1_32' title='bbox 1454 945 1517 1020; x_wconf 90' lang='lat' dir='ltr'><strong>per</strong></span> <span class='ocrx_word' id='word_1_33' title='bbox 1534 923 1736 1017; x_wconf 89' lang='lat' dir='ltr'><strong>quindecim</strong></span> <span class='ocrx_word' id='word_1_34' title='bbox 1750 923 1826 998; x_wconf 84' lang='lat' dir='ltr'><strong>dise</strong></span> <span class='ocrx_word' id='word_1_35' title='bbox 1842 945 1922 998; x_wconf 89' lang='lat' dir='ltr'><strong>cum</strong></span> 
     </span>
     <span class='ocr_line' id='line_1_5' title="bbox 510 1046 1924 1146; baseline 0.001 -28"><span class='ocrx_word' id='word_1_36' title='bbox 510 1046 652 1118; x_wconf 82' lang='lat' dir='ltr'><strong>auxiliis</strong></span> <span class='ocrx_word' id='word_1_37' title='bbox 665 1047 738 1118; x_wconf 87' lang='lat' dir='ltr'><strong>suis</strong></span> <span class='ocrx_word' id='word_1_38' title='bbox 756 1048 937 1136; x_wconf 86' lang='lat' dir='ltr'><strong>militibus,</strong></span> <span class='ocrx_word' id='word_1_39' title='bbox 954 1049 1141 1146; x_wconf 88' lang='lat' dir='ltr'><strong>oppidanis</strong></span> <span class='ocrx_word' id='word_1_40' title='bbox 1155 1059 1190 1124; x_wconf 89' lang='lat' dir='ltr'><strong>et</strong></span> <span class='ocrx_word' id='word_1_41' title='bbox 1206 1049 1344 1122; x_wconf 85' lang='lat' dir='ltr'><strong>villanis</strong></span> <span class='ocrx_word' id='word_1_42' title='bbox 1357 1048 1405 1123; x_wconf 91' lang='lat' dir='ltr'><strong>ad</strong></span> <span class='ocrx_word' id='word_1_43' title='bbox 1415 1047 1631 1144; x_wconf 86' lang='lat' dir='ltr'><strong>repellendos</strong></span> <span class='ocrx_word' id='word_1_44' title='bbox 1642 1049 1758 1124; x_wconf 86' lang='lat' dir='ltr'><strong>hostes</strong></span> <span class='ocrx_word' id='word_1_45' title='bbox 1770 1048 1924 1120; x_wconf 79' lang='lat' dir='ltr'><strong>monebit</strong></span> 
     </span>
    </p>
   </div>
   <div class='ocr_carea' id='block_1_3' title="bbox 510 1170 2059 1265">
    <p class='ocr_par' dir='ltr' id='par_1_3' title="bbox 510 1170 2059 1265">
     <span class='ocr_line' id='line_1_6' title="bbox 510 1170 2059 1265; baseline 0 -25"><span class='ocrx_word' id='word_1_46' title='bbox 510 1189 606 1240; x_wconf 91' lang='lat' dir='ltr'><strong>arma</strong></span> <span class='ocrx_word' id='word_1_47' title='bbox 626 1179 662 1242; x_wconf 92' lang='lat' dir='ltr'><strong>et</strong></span> <span class='ocrx_word' id='word_1_48' title='bbox 683 1179 764 1243; x_wconf 87' lang='lat' dir='ltr'><strong>ante</strong></span> <span class='ocrx_word' id='word_1_49' title='bbox 789 1181 939 1244; x_wconf 82' lang='lat' dir='ltr'><strong>castrum</strong></span> <span class='ocrx_word' id='word_1_50' title='bbox 964 1173 1021 1244; x_wconf 87' lang='lat' dir='ltr'><strong>vel</strong></span> <span class='ocrx_word' id='word_1_51' title='bbox 1045 1173 1187 1246; x_wconf 92' lang='lat' dir='ltr'><strong>domum</strong></span> <span class='ocrx_word' id='word_1_52' title='bbox 1209 1172 1361 1264; x_wconf 85' lang='lat' dir='ltr'><strong>sedebit;</strong></span> <span class='ocrx_word' id='word_1_53' title='bbox 1385 1171 1474 1244; x_wconf 88' lang='lat' dir='ltr'><strong>inira</strong></span> <span class='ocrx_word' id='word_1_54' title='bbox 1499 1181 1613 1244; x_wconf 87' lang='lat' dir='ltr'><strong>tamen</strong></span> <span class='ocrx_word' id='word_1_55' title='bbox 1638 1170 1703 1244; x_wconf 91' lang='lat' dir='ltr'><strong>bos</strong></span> <span class='ocrx_word' id='word_1_56' title='bbox 1723 1171 1923 1265; x_wconf 89' lang='lat' dir='ltr'><strong>quindecim</strong></span> <span class='ocrx_word' id='word_1_57' title='bbox 2058 1237 2059 1240; x_wconf 9' lang='lat' dir='ltr'><strong>a</strong></span> 
     </span>
    </p>
   </div>
   <div class='ocr_carea' id='block_1_4' title="bbox 472 1291 1929 4246">
    <p class='ocr_par' dir='ltr' id='par_1_4' title="bbox 472 1291 1929 4246">
     <span class='ocr_line' id='line_1_7' title="bbox 511 1291 1924 1391; baseline 0.001 -28"><span class='ocrx_word' id='word_1_58' title='bbox 511 1291 587 1365; x_wconf 86' lang='lat' dir='ltr'><strong>dies</strong></span> <span class='ocrx_word' id='word_1_59' title='bbox 608 1292 711 1366; x_wconf 87' lang='lat' dir='ltr'><strong>debet</strong></span> <span class='ocrx_word' id='word_1_60' title='bbox 731 1294 914 1391; x_wconf 90' lang='lat' dir='ltr'><strong>episcopus</strong></span> <span class='ocrx_word' id='word_1_61' title='bbox 930 1316 1004 1368; x_wconf 90' lang='lat' dir='ltr'><strong>rem</strong></span> <span class='ocrx_word' id='word_1_62' title='bbox 1023 1305 1057 1368; x_wconf 93' lang='lat' dir='ltr'><strong>et</strong></span> <span class='ocrx_word' id='word_1_63' title='bbox 1077 1296 1254 1390; x_wconf 78' lang='lat' dir='ltr'><strong>negotium</strong></span> <span class='ocrx_word' id='word_1_64' title='bbox 1278 1295 1438 1368; x_wconf 86' lang='lat' dir='ltr'><strong>nuntiare</strong></span> <span class='ocrx_word' id='word_1_65' title='bbox 1462 1294 1599 1368; x_wconf 83' lang='lat' dir='ltr'><strong>civibus</strong></span> <span class='ocrx_word' id='word_1_66' title='bbox 1620 1293 1868 1368; x_wconf 84' lang='lat' dir='ltr'><strong>leodiensibus</strong></span> <span class='ocrx_word' id='word_1_67' title='bbox 1889 1304 1924 1366; x_wconf 90' lang='lat' dir='ltr'><strong>et</strong></span> 
     </span>
     <span class='ocr_line' id='line_1_8' title="bbox 510 1416 1924 1515; baseline -0.001 -25"><span class='ocrx_word' id='word_1_68' title='bbox 510 1416 677 1490; x_wconf 87' lang='lat' dir='ltr'><strong>mandare</strong></span> <span class='ocrx_word' id='word_1_69' title='bbox 696 1427 735 1490; x_wconf 91' lang='lat' dir='ltr'><strong>ut</strong></span> <span class='ocrx_word' id='word_1_70' title='bbox 749 1417 819 1490; x_wconf 92' lang='lat' dir='ltr'><strong>sint</strong></span> <span class='ocrx_word' id='word_1_71' title='bbox 837 1419 948 1514; x_wconf 90' lang='lat' dir='ltr'><strong>parati</strong></span> <span class='ocrx_word' id='word_1_72' title='bbox 961 1427 996 1492; x_wconf 87' lang='lat' dir='ltr'><strong>et</strong></span> <span class='ocrx_word' id='word_1_73' title='bbox 1017 1420 1047 1492; x_wconf 91' lang='lat' dir='ltr'><strong>si</strong></span> <span class='ocrx_word' id='word_1_74' title='bbox 1065 1441 1155 1515; x_wconf 89' lang='lat' dir='ltr'><strong>opus</strong></span> <span class='ocrx_word' id='word_1_75' title='bbox 1170 1419 1274 1492; x_wconf 85' lang='lat' dir='ltr'><strong>luerit</strong></span> <span class='ocrx_word' id='word_1_76' title='bbox 1291 1427 1369 1515; x_wconf 89' lang='lat' dir='ltr'><strong>post</strong></span> <span class='ocrx_word' id='word_1_77' title='bbox 1381 1417 1446 1492; x_wconf 89' lang='lat' dir='ltr'><strong>bos</strong></span> <span class='ocrx_word' id='word_1_78' title='bbox 1463 1416 1664 1512; x_wconf 88' lang='lat' dir='ltr'><strong>quindecim</strong></span> <span class='ocrx_word' id='word_1_79' title='bbox 1680 1417 1757 1492; x_wconf 87' lang='lat' dir='ltr'><strong>dies</strong></span> <span class='ocrx_word' id='word_1_80' title='bbox 1771 1418 1807 1489; x_wconf 93' lang='lat' dir='ltr'><strong>in</strong></span> <span class='ocrx_word' id='word_1_81' title='bbox 1821 1420 1924 1490; x_wconf 85' lang='lat' dir='ltr'><strong>auxi·</strong></span> 
     </span>
     <span class='ocr_line' id='line_1_9' title="bbox 510 1539 1922 1638; baseline 0.003 -28"><span class='ocrx_word' id='word_1_82' title='bbox 510 1539 597 1612; x_wconf 90' lang='lat' dir='ltr'><strong>lium</strong></span> <span class='ocrx_word' id='word_1_83' title='bbox 611 1539 751 1631; x_wconf 81' lang='lat' dir='ltr'><strong>venire3</strong></span> <span class='ocrx_word' id='word_1_84' title='bbox 773 1542 953 1615; x_wconf 87' lang='lat' dir='ltr'><strong>transactis</strong></span> <span class='ocrx_word' id='word_1_85' title='bbox 974 1551 1090 1616; x_wconf 88' lang='lat' dir='ltr'><strong>autem</strong></span> <span class='ocrx_word' id='word_1_86' title='bbox 1107 1543 1162 1615; x_wconf 94' lang='lat' dir='ltr'><strong>bis</strong></span> <span class='ocrx_word' id='word_1_87' title='bbox 1182 1541 1384 1638; x_wconf 90' lang='lat' dir='ltr'><strong>quindecim</strong></span> <span class='ocrx_word' id='word_1_88' title='bbox 1409 1541 1552 1628; x_wconf 89' lang='lat' dir='ltr'><strong>diebus,</strong></span> <span class='ocrx_word' id='word_1_89' title='bbox 1569 1542 1598 1614; x_wconf 94' lang='lat' dir='ltr'><strong>si</strong></span> <span class='ocrx_word' id='word_1_90' title='bbox 1622 1541 1710 1616; x_wconf 92' lang='lat' dir='ltr'><strong>illud</strong></span> <span class='ocrx_word' id='word_1_91' title='bbox 1723 1542 1922 1616; x_wconf 78' lang='lat' dir='ltr'><strong>forefactum</strong></span> 
     </span>
     <span class='ocr_line' id='line_1_10' title="bbox 511 1665 1924 1764; baseline 0.004 -30"><span class='ocrx_word' id='word_1_92' title='bbox 511 1685 581 1736; x_wconf 95' lang='lat' dir='ltr'><strong>non</strong></span> <span class='ocrx_word' id='word_1_93' title='bbox 607 1665 672 1738; x_wconf 85' lang='lat' dir='ltr'><strong>tuit</strong></span> <span class='ocrx_word' id='word_1_94' title='bbox 692 1665 932 1752; x_wconf 86' lang='lat' dir='ltr'><strong>emendatum,</strong></span> <span class='ocrx_word' id='word_1_95' title='bbox 956 1667 1060 1741; x_wconf 87' lang='lat' dir='ltr'><strong>debet</strong></span> <span class='ocrx_word' id='word_1_96' title='bbox 1085 1669 1269 1764; x_wconf 88' lang='lat' dir='ltr'><strong>episcopus</strong></span> <span class='ocrx_word' id='word_1_97' title='bbox 1294 1667 1492 1740; x_wconf 88' lang='lat' dir='ltr'><strong>Leodiensis</strong></span> <span class='ocrx_word' id='word_1_98' title='bbox 1516 1667 1651 1740; x_wconf 87' lang='lat' dir='ltr'><strong>mittere</strong></span> <span class='ocrx_word' id='word_1_99' title='bbox 1670 1689 1750 1740; x_wconf 91' lang='lat' dir='ltr'><strong>cum</strong></span> <span class='ocrx_word' id='word_1_100' title='bbox 1772 1667 1924 1762; x_wconf 90' lang='lat' dir='ltr'><strong>quadra·</strong></span> 
     </span>
     <span class='ocr_line' id='line_1_11' title="bbox 511 1789 1920 1883; baseline 0.002 -24"><span class='ocrx_word' id='word_1_101' title='bbox 511 1789 607 1882; x_wconf 88' lang='lat' dir='ltr'><strong>ginta</strong></span> <span class='ocrx_word' id='word_1_102' title='bbox 622 1789 790 1862; x_wconf 89' lang='lat' dir='ltr'><strong>militibus</strong></span> <span class='ocrx_word' id='word_1_103' title='bbox 801 1790 948 1864; x_wconf 89' lang='lat' dir='ltr'><strong>liberum</strong></span> <span class='ocrx_word' id='word_1_104' title='bbox 964 1791 1172 1866; x_wconf 84' lang='lat' dir='ltr'><strong>advocatum</strong></span> <span class='ocrx_word' id='word_1_105' title='bbox 1186 1791 1346 1883; x_wconf 86' lang='lat' dir='ltr'><strong>ecclesie,</strong></span> <span class='ocrx_word' id='word_1_106' title='bbox 1363 1791 1493 1864; x_wconf 89' lang='lat' dir='ltr'><strong>seilicet</strong></span> <span class='ocrx_word' id='word_1_107' title='bbox 1509 1789 1717 1864; x_wconf 88' lang='lat' dir='ltr'><strong>advocatum</strong></span> <span class='ocrx_word' id='word_1_108' title='bbox 1731 1791 1920 1880; x_wconf 84' lang='lat' dir='ltr'><strong>Hasbanie,</strong></span> 
     </span>
     <span class='ocr_line' id='line_1_12' title="bbox 511 1911 1922 2010; baseline 0.002 -27"><span class='ocrx_word' id='word_1_109' title='bbox 511 1911 574 2006; x_wconf 91' lang='lat' dir='ltr'><strong>qui</strong></span> <span class='ocrx_word' id='word_1_110' title='bbox 589 1921 742 1985; x_wconf 89' lang='lat' dir='ltr'><strong>armatus</strong></span> <span class='ocrx_word' id='word_1_111' title='bbox 760 1913 796 1985; x_wconf 95' lang='lat' dir='ltr'><strong>in</strong></span> <span class='ocrx_word' id='word_1_112' title='bbox 811 1914 888 2009; x_wconf 92' lang='lat' dir='ltr'><strong>ipsa</strong></span> <span class='ocrx_word' id='word_1_113' title='bbox 901 1916 1031 2007; x_wconf 90' lang='lat' dir='ltr'><strong>majore</strong></span> <span class='ocrx_word' id='word_1_114' title='bbox 1045 1915 1189 1988; x_wconf 87' lang='lat' dir='ltr'><strong>ecclesia</strong></span> <span class='ocrx_word' id='word_1_115' title='bbox 1206 1914 1352 2010; x_wconf 87' lang='lat' dir='ltr'><strong>accipiet</strong></span> <span class='ocrx_word' id='word_1_116' title='bbox 1367 1913 1538 1986; x_wconf 86' lang='lat' dir='ltr'><strong>vexillum</strong></span> <span class='ocrx_word' id='word_1_117' title='bbox 1552 1912 1646 1988; x_wconf 86' lang='lat' dir='ltr'><strong>beati</strong></span> <span class='ocrx_word' id='word_1_118' title='bbox 1658 1913 1830 1986; x_wconf 83' lang='lat' dir='ltr'><strong>lamberti</strong></span> <span class='ocrx_word' id='word_1_119' title='bbox 1843 1935 1922 1986; x_wconf 90' lang='lat' dir='ltr'><strong>eum</strong></span> 
     </span>
     <span class='ocr_line' id='line_1_13' title="bbox 512 2034 1926 2134; baseline 0.002 -28"><span class='ocrx_word' id='word_1_120' title='bbox 512 2034 729 2130; x_wconf 85' lang='lat' dir='ltr'><strong>impositione</strong></span> <span class='ocrx_word' id='word_1_121' title='bbox 740 2037 927 2128; x_wconf 88' lang='lat' dir='ltr'><strong>juramenti</strong></span> <span class='ocrx_word' id='word_1_122' title='bbox 940 2037 1037 2132; x_wconf 93' lang='lat' dir='ltr'><strong>quod</strong></span> <span class='ocrx_word' id='word_1_123' title='bbox 1056 2037 1143 2110; x_wconf 91' lang='lat' dir='ltr'><strong>illud</strong></span> <span class='ocrx_word' id='word_1_124' title='bbox 1161 2038 1312 2134; x_wconf 87' lang='lat' dir='ltr'><strong>portabit</strong></span> <span class='ocrx_word' id='word_1_125' title='bbox 1329 2036 1474 2111; x_wconf 87' lang='lat' dir='ltr'><strong>fideliter</strong></span> <span class='ocrx_word' id='word_1_126' title='bbox 1491 2059 1556 2110; x_wconf 90' lang='lat' dir='ltr'><strong>nec</strong></span> <span class='ocrx_word' id='word_1_127' title='bbox 1576 2035 1664 2110; x_wconf 92' lang='lat' dir='ltr'><strong>illud</strong></span> <span class='ocrx_word' id='word_1_128' title='bbox 1684 2037 1751 2110; x_wconf 85' lang='lat' dir='ltr'><strong>nisi</strong></span> <span class='ocrx_word' id='word_1_129' title='bbox 1768 2046 1926 2112; x_wconf 92' lang='lat' dir='ltr'><strong>mortuus</strong></span> 
     </span>
     <span class='ocr_line' id='line_1_14' title="bbox 513 2159 1924 2259; baseline 0.003 -29"><span class='ocrx_word' id='word_1_130' title='bbox 513 2167 574 2230; x_wconf 90' lang='lat' dir='ltr'><strong>aut</strong></span> <span class='ocrx_word' id='word_1_131' title='bbox 587 2169 709 2255; x_wconf 88' lang='lat' dir='ltr'><strong>captus</strong></span> <span class='ocrx_word' id='word_1_132' title='bbox 724 2159 878 2249; x_wconf 79' lang='lat' dir='ltr'><strong>deseret3</strong></span> <span class='ocrx_word' id='word_1_133' title='bbox 894 2161 944 2234; x_wconf 89' lang='lat' dir='ltr'><strong>sic</strong></span> <span class='ocrx_word' id='word_1_134' title='bbox 961 2162 1058 2257; x_wconf 95' lang='lat' dir='ltr'><strong>quod</strong></span> <span class='ocrx_word' id='word_1_135' title='bbox 1073 2161 1149 2258; x_wconf 92' lang='lat' dir='ltr'><strong>ipso</strong></span> <span class='ocrx_word' id='word_1_136' title='bbox 1162 2162 1311 2236; x_wconf 89' lang='lat' dir='ltr'><strong>ducente</strong></span> <span class='ocrx_word' id='word_1_137' title='bbox 1324 2171 1359 2236; x_wconf 89' lang='lat' dir='ltr'><strong>et</strong></span> <span class='ocrx_word' id='word_1_138' title='bbox 1371 2161 1492 2259; x_wconf 85' lang='lat' dir='ltr'><strong>provio</strong></span> <span class='ocrx_word' id='word_1_139' title='bbox 1503 2161 1715 2259; x_wconf 87' lang='lat' dir='ltr'><strong>producatur</strong></span> <span class='ocrx_word' id='word_1_140' title='bbox 1728 2161 1924 2236; x_wconf 88' lang='lat' dir='ltr'><strong>Leodiensis</strong></span> 
     </span>
     <span class='ocr_line' id='line_1_15' title="bbox 511 2283 1925 2382; baseline 0.003 -28"><span class='ocrx_word' id='word_1_141' title='bbox 511 2283 685 2356; x_wconf 87' lang='lat' dir='ltr'><strong>exercitus</strong></span> <span class='ocrx_word' id='word_1_142' title='bbox 701 2284 877 2380; x_wconf 89' lang='lat' dir='ltr'><strong>usquead</strong></span> <span class='ocrx_word' id='word_1_143' title='bbox 894 2285 1009 2357; x_wconf 87' lang='lat' dir='ltr'><strong>locum</strong></span> <span class='ocrx_word' id='word_1_144' title='bbox 1025 2285 1087 2357; x_wconf 94' lang='lat' dir='ltr'><strong>nbi</strong></span> <span class='ocrx_word' id='word_1_145' title='bbox 1110 2286 1175 2359; x_wconf 89' lang='lat' dir='ltr'><strong>erit</strong></span> <span class='ocrx_word' id='word_1_146' title='bbox 1190 2287 1392 2382; x_wconf 88' lang='lat' dir='ltr'><strong>episeopus,</strong></span> <span class='ocrx_word' id='word_1_147' title='bbox 1409 2287 1528 2382; x_wconf 88' lang='lat' dir='ltr'><strong>ibique</strong></span> <span class='ocrx_word' id='word_1_148' title='bbox 1550 2307 1631 2360; x_wconf 89' lang='lat' dir='ltr'><strong>eum</strong></span> <span class='ocrx_word' id='word_1_149' title='bbox 1651 2286 1814 2382; x_wconf 90' lang='lat' dir='ltr'><strong>episeopo</strong></span> <span class='ocrx_word' id='word_1_150' title='bbox 1829 2287 1925 2360; x_wconf 87' lang='lat' dir='ltr'><strong>cives</strong></span> 
     </span>
     <span class='ocr_line' id='line_1_16' title="bbox 510 2407 1925 2506; baseline 0.004 -26"><span class='ocrx_word' id='word_1_151' title='bbox 510 2407 718 2482; x_wconf 91' lang='lat' dir='ltr'><strong>Leodienses</strong></span> <span class='ocrx_word' id='word_1_152' title='bbox 740 2409 777 2481; x_wconf 90' lang='lat' dir='ltr'><strong>in</strong></span> <span class='ocrx_word' id='word_1_153' title='bbox 797 2409 903 2482; x_wconf 89' lang='lat' dir='ltr'><strong>armis</strong></span> <span class='ocrx_word' id='word_1_154' title='bbox 924 2409 1057 2484; x_wconf 86' lang='lat' dir='ltr'><strong>tamdiu</strong></span> <span class='ocrx_word' id='word_1_155' title='bbox 1083 2411 1310 2484; x_wconf 89' lang='lat' dir='ltr'><strong>morabuntur</strong></span> <span class='ocrx_word' id='word_1_156' title='bbox 1329 2411 1441 2486; x_wconf 93' lang='lat' dir='ltr'><strong>donec</strong></span> <span class='ocrx_word' id='word_1_157' title='bbox 1459 2411 1489 2484; x_wconf 92' lang='lat' dir='ltr'><strong>si</strong></span> <span class='ocrx_word' id='word_1_158' title='bbox 1506 2413 1599 2484; x_wconf 86' lang='lat' dir='ltr'><strong>Deus</strong></span> <span class='ocrx_word' id='word_1_159' title='bbox 1621 2411 1815 2506; x_wconf 88' lang='lat' dir='ltr'><strong>permiserit</strong></span> <span class='ocrx_word' id='word_1_160' title='bbox 1835 2413 1925 2486; x_wconf 83' lang='lat' dir='ltr'><strong>lore·</strong></span> 
     </span>
     <span class='ocr_line' id='line_1_17' title="bbox 511 2531 1925 2629; baseline 0.004 -26"><span class='ocrx_word' id='word_1_161' title='bbox 511 2533 641 2605; x_wconf 84' lang='lat' dir='ltr'><strong>factum</strong></span> <span class='ocrx_word' id='word_1_162' title='bbox 668 2531 756 2606; x_wconf 91' lang='lat' dir='ltr'><strong>illud</strong></span> <span class='ocrx_word' id='word_1_163' title='bbox 778 2532 825 2606; x_wconf 90' lang='lat' dir='ltr'><strong>ad</strong></span> <span class='ocrx_word' id='word_1_164' title='bbox 845 2533 1012 2607; x_wconf 92' lang='lat' dir='ltr'><strong>bonorem</strong></span> <span class='ocrx_word' id='word_1_165' title='bbox 1033 2533 1178 2607; x_wconf 86' lang='lat' dir='ltr'><strong>ecclesie</strong></span> <span class='ocrx_word' id='word_1_166' title='bbox 1203 2543 1239 2607; x_wconf 90' lang='lat' dir='ltr'><strong>et</strong></span> <span class='ocrx_word' id='word_1_167' title='bbox 1261 2533 1415 2629; x_wconf 88' lang='lat' dir='ltr'><strong>episcopi</strong></span> <span class='ocrx_word' id='word_1_168' title='bbox 1428 2532 1693 2608; x_wconf 84' lang='lat' dir='ltr'><strong>emendabitur.</strong></span> <span class='ocrx_word' id='word_1_169' title='bbox 1719 2533 1812 2607; x_wconf 88' lang='lat' dir='ltr'><strong>Civis</strong></span> <span class='ocrx_word' id='word_1_170' title='bbox 1835 2535 1925 2608; x_wconf 93' lang='lat' dir='ltr'><strong>Leo·</strong></span> 
     </span>
     <span class='ocr_line' id='line_1_18' title="bbox 513 2655 1924 2753; baseline 0.002 -24"><span class='ocrx_word' id='word_1_171' title='bbox 513 2655 643 2729; x_wconf 86' lang='lat' dir='ltr'><strong>diensis</strong></span> <span class='ocrx_word' id='word_1_172' title='bbox 666 2655 742 2730; x_wconf 87' lang='lat' dir='ltr'><strong>sive</strong></span> <span class='ocrx_word' id='word_1_173' title='bbox 767 2657 822 2730; x_wconf 85' lang='lat' dir='ltr'><strong>vir</strong></span> <span class='ocrx_word' id='word_1_174' title='bbox 843 2659 901 2731; x_wconf 87' lang='lat' dir='ltr'><strong>vel</strong></span> <span class='ocrx_word' id='word_1_175' title='bbox 925 2659 1054 2732; x_wconf 80' lang='lat' dir='ltr'><strong>femina</strong></span> <span class='ocrx_word' id='word_1_176' title='bbox 1077 2679 1147 2732; x_wconf 94' lang='lat' dir='ltr'><strong>non</strong></span> <span class='ocrx_word' id='word_1_177' title='bbox 1172 2656 1276 2732; x_wconf 88' lang='lat' dir='ltr'><strong>debet</strong></span> <span class='ocrx_word' id='word_1_178' title='bbox 1299 2657 1397 2732; x_wconf 86' lang='lat' dir='ltr'><strong>citari</strong></span> <span class='ocrx_word' id='word_1_179' title='bbox 1420 2679 1534 2753; x_wconf 89' lang='lat' dir='ltr'><strong>neque</strong></span> <span class='ocrx_word' id='word_1_180' title='bbox 1559 2657 1853 2732; x_wconf 89' lang='lat' dir='ltr'><strong>excommunicari</strong></span> <span class='ocrx_word' id='word_1_181' title='bbox 1878 2659 1924 2732; x_wconf 93' lang='lat' dir='ltr'><strong>ad</strong></span> 
     </span>
     <span class='ocr_line' id='line_1_19' title="bbox 513 2781 1924 2880; baseline 0.001 -26"><span class='ocrx_word' id='word_1_182' title='bbox 513 2783 672 2854; x_wconf 87' lang='lat' dir='ltr'><strong>Sanctam</strong></span> <span class='ocrx_word' id='word_1_183' title='bbox 689 2781 835 2856; x_wconf 83' lang='lat' dir='ltr'><strong>Mariam</strong></span> <span class='ocrx_word' id='word_1_184' title='bbox 855 2783 923 2855; x_wconf 92' lang='lat' dir='ltr'><strong>nisi</strong></span> <span class='ocrx_word' id='word_1_185' title='bbox 941 2804 1003 2878; x_wconf 90' lang='lat' dir='ltr'><strong>per</strong></span> <span class='ocrx_word' id='word_1_186' title='bbox 1022 2784 1244 2879; x_wconf 78' lang='lat' dir='ltr'><strong>synodalium</strong></span> <span class='ocrx_word' id='word_1_187' title='bbox 1262 2782 1486 2874; x_wconf 88' lang='lat' dir='ltr'><strong>sententiam,</strong></span> <span class='ocrx_word' id='word_1_188' title='bbox 1505 2784 1573 2856; x_wconf 93' lang='lat' dir='ltr'><strong>nisi</strong></span> <span class='ocrx_word' id='word_1_189' title='bbox 1594 2783 1771 2878; x_wconf 87' lang='lat' dir='ltr'><strong>contingat</strong></span> <span class='ocrx_word' id='word_1_190' title='bbox 1787 2784 1924 2880; x_wconf 92' lang='lat' dir='ltr'><strong>culpam</strong></span> 
     </span>
     <span class='ocr_line' id='line_1_20' title="bbox 513 2904 1924 3002; baseline -0.001 -24"><span class='ocrx_word' id='word_1_191' title='bbox 513 2905 616 2978; x_wconf 89' lang='lat' dir='ltr'><strong>talem</strong></span> <span class='ocrx_word' id='word_1_192' title='bbox 635 2927 712 2979; x_wconf 90' lang='lat' dir='ltr'><strong>essa</strong></span> <span class='ocrx_word' id='word_1_193' title='bbox 734 2904 829 2980; x_wconf 92' lang='lat' dir='ltr'><strong>unde</strong></span> <span class='ocrx_word' id='word_1_194' title='bbox 848 2905 1034 3002; x_wconf 79' lang='lat' dir='ltr'><strong>synodales</strong></span> <span class='ocrx_word' id='word_1_195' title='bbox 1054 2928 1124 2980; x_wconf 94' lang='lat' dir='ltr'><strong>non</strong></span> <span class='ocrx_word' id='word_1_196' title='bbox 1149 2907 1299 2982; x_wconf 86' lang='lat' dir='ltr'><strong>debeant</strong></span> <span class='ocrx_word' id='word_1_197' title='bbox 1320 2907 1489 3001; x_wconf 87' lang='lat' dir='ltr'><strong>judicare.</strong></span> <span class='ocrx_word' id='word_1_198' title='bbox 1518 2907 1555 2978; x_wconf 94' lang='lat' dir='ltr'><strong>Si</strong></span> <span class='ocrx_word' id='word_1_199' title='bbox 1574 2927 1698 2980; x_wconf 87' lang='lat' dir='ltr'><strong>servus</strong></span> <span class='ocrx_word' id='word_1_200' title='bbox 1717 2906 1864 3001; x_wconf 86' lang='lat' dir='ltr'><strong>alicujus</strong></span> <span class='ocrx_word' id='word_1_201' title='bbox 1887 2907 1924 2978; x_wconf 91' lang='lat' dir='ltr'><strong>iu</strong></span> 
     </span>
     <span class='ocr_line' id='line_1_21' title="bbox 513 3028 1927 3126; baseline 0.001 -26"><span class='ocrx_word' id='word_1_202' title='bbox 513 3028 654 3102; x_wconf 89' lang='lat' dir='ltr'><strong>civitate</strong></span> <span class='ocrx_word' id='word_1_203' title='bbox 666 3028 848 3102; x_wconf 86' lang='lat' dir='ltr'><strong>Leodiensi</strong></span> <span class='ocrx_word' id='word_1_204' title='bbox 862 3029 1027 3102; x_wconf 89' lang='lat' dir='ltr'><strong>manserit</strong></span> <span class='ocrx_word' id='word_1_205' title='bbox 1045 3030 1134 3102; x_wconf 91' lang='lat' dir='ltr'><strong>etin</strong></span> <span class='ocrx_word' id='word_1_206' title='bbox 1153 3029 1276 3104; x_wconf 90' lang='lat' dir='ltr'><strong>eadem</strong></span> <span class='ocrx_word' id='word_1_207' title='bbox 1292 3039 1450 3104; x_wconf 90' lang='lat' dir='ltr'><strong>mortuus</strong></span> <span class='ocrx_word' id='word_1_208' title='bbox 1471 3030 1592 3122; x_wconf 86' lang='lat' dir='ltr'><strong>inerit,</strong></span> <span class='ocrx_word' id='word_1_209' title='bbox 1609 3030 1780 3126; x_wconf 84' lang='lat' dir='ltr'><strong>possessio</strong></span> <span class='ocrx_word' id='word_1_210' title='bbox 1796 3031 1872 3122; x_wconf 89' lang='lat' dir='ltr'><strong>ejus</strong></span> <span class='ocrx_word' id='word_1_211' title='bbox 1890 3041 1927 3104; x_wconf 91' lang='lat' dir='ltr'><strong>et</strong></span> 
     </span>
     <span class='ocr_line' id='line_1_22' title="bbox 514 3152 1924 3248; baseline -0.001 -22"><span class='ocrx_word' id='word_1_212' title='bbox 514 3163 586 3226; x_wconf 86' lang='lat' dir='ltr'><strong>tota</strong></span> <span class='ocrx_word' id='word_1_213' title='bbox 601 3153 759 3248; x_wconf 88' lang='lat' dir='ltr'><strong>supellex</strong></span> <span class='ocrx_word' id='word_1_214' title='bbox 780 3153 967 3226; x_wconf 92' lang='lat' dir='ltr'><strong>cumomni</strong></span> <span class='ocrx_word' id='word_1_215' title='bbox 986 3153 1181 3246; x_wconf 86' lang='lat' dir='ltr'><strong>integritate</strong></span> <span class='ocrx_word' id='word_1_216' title='bbox 1198 3153 1300 3226; x_wconf 85' lang='lat' dir='ltr'><strong>uxori</strong></span> <span class='ocrx_word' id='word_1_217' title='bbox 1318 3155 1394 3247; x_wconf 90' lang='lat' dir='ltr'><strong>ejus</strong></span> <span class='ocrx_word' id='word_1_218' title='bbox 1411 3162 1446 3226; x_wconf 91' lang='lat' dir='ltr'><strong>et</strong></span> <span class='ocrx_word' id='word_1_219' title='bbox 1464 3152 1582 3226; x_wconf 89' lang='lat' dir='ltr'><strong>liberis</strong></span> <span class='ocrx_word' id='word_1_220' title='bbox 1605 3152 1710 3227; x_wconf 87' lang='lat' dir='ltr'><strong>debet</strong></span> <span class='ocrx_word' id='word_1_221' title='bbox 1727 3153 1848 3228; x_wconf 84' lang='lat' dir='ltr'><strong>cedere</strong></span> <span class='ocrx_word' id='word_1_222' title='bbox 1867 3154 1924 3226; x_wconf 91' lang='lat' dir='ltr'><strong>vel</strong></span> 
     </span>
     <span class='ocr_line' id='line_1_23' title="bbox 514 3275 1926 3374; baseline 0.001 -26"><span class='ocrx_word' id='word_1_223' title='bbox 514 3276 718 3372; x_wconf 91' lang='lat' dir='ltr'><strong>propinquis</strong></span> <span class='ocrx_word' id='word_1_224' title='bbox 741 3276 852 3372; x_wconf 85' lang='lat' dir='ltr'><strong>ipsius</strong></span> <span class='ocrx_word' id='word_1_225' title='bbox 875 3277 905 3349; x_wconf 91' lang='lat' dir='ltr'><strong>si</strong></span> <span class='ocrx_word' id='word_1_226' title='bbox 931 3277 1091 3350; x_wconf 86' lang='lat' dir='ltr'><strong>habuerit</strong></span> <span class='ocrx_word' id='word_1_227' title='bbox 1108 3279 1163 3350; x_wconf 89' lang='lat' dir='ltr'><strong>vel</strong></span> <span class='ocrx_word' id='word_1_228' title='bbox 1181 3275 1342 3350; x_wconf 90' lang='lat' dir='ltr'><strong>distribui</strong></span> <span class='ocrx_word' id='word_1_229' title='bbox 1365 3279 1400 3350; x_wconf 94' lang='lat' dir='ltr'><strong>in</strong></span> <span class='ocrx_word' id='word_1_230' title='bbox 1418 3279 1672 3374; x_wconf 79' lang='lat' dir='ltr'><strong>eleemosynam</strong></span> <span class='ocrx_word' id='word_1_231' title='bbox 1690 3279 1753 3352; x_wconf 90' lang='lat' dir='ltr'><strong>ubl</strong></span> <span class='ocrx_word' id='word_1_232' title='bbox 1771 3299 1848 3352; x_wconf 87' lang='lat' dir='ltr'><strong>eam</strong></span> <span class='ocrx_word' id='word_1_233' title='bbox 1867 3277 1926 3350; x_wconf 89' lang='lat' dir='ltr'><strong>ille</strong></span> 
     </span>
     <span class='ocr_line' id='line_1_24' title="bbox 514 3400 1925 3498; baseline -0.001 -23"><span class='ocrx_word' id='word_1_234' title='bbox 514 3425 637 3476; x_wconf 62' lang='lat' dir='ltr'><strong>wvus</strong></span> <span class='ocrx_word' id='word_1_235' title='bbox 652 3401 839 3474; x_wconf 89' lang='lat' dir='ltr'><strong>moriturus</strong></span> <span class='ocrx_word' id='word_1_236' title='bbox 858 3400 1010 3476; x_wconf 87' lang='lat' dir='ltr'><strong>dandam</strong></span> <span class='ocrx_word' id='word_1_237' title='bbox 1025 3402 1217 3494; x_wconf 87' lang='lat' dir='ltr'><strong>constituit,</strong></span> <span class='ocrx_word' id='word_1_238' title='bbox 1233 3411 1268 3474; x_wconf 94' lang='lat' dir='ltr'><strong>et</strong></span> <span class='ocrx_word' id='word_1_239' title='bbox 1283 3401 1313 3474; x_wconf 94' lang='lat' dir='ltr'><strong>si</strong></span> <span class='ocrx_word' id='word_1_240' title='bbox 1329 3401 1470 3476; x_wconf 91' lang='lat' dir='ltr'><strong>domino</strong></span> <span class='ocrx_word' id='word_1_241' title='bbox 1486 3402 1578 3476; x_wconf 84' lang='lat' dir='ltr'><strong>servi</strong></span> <span class='ocrx_word' id='word_1_242' title='bbox 1598 3400 1778 3498; x_wconf 85' lang='lat' dir='ltr'><strong>placuerit,</strong></span> <span class='ocrx_word' id='word_1_243' title='bbox 1799 3422 1925 3497; x_wconf 91' lang='lat' dir='ltr'><strong>eorpus</strong></span> 
     </span>
     <span class='ocr_line' id='line_1_25' title="bbox 514 3523 1928 3622; baseline 0 -24"><span class='ocrx_word' id='word_1_244' title='bbox 514 3527 608 3599; x_wconf 91' lang='lat' dir='ltr'><strong>illius</strong></span> <span class='ocrx_word' id='word_1_245' title='bbox 625 3534 760 3598; x_wconf 92' lang='lat' dir='ltr'><strong>tantum</strong></span> <span class='ocrx_word' id='word_1_246' title='bbox 781 3525 907 3600; x_wconf 82' lang='lat' dir='ltr'><strong>deferri</strong></span> <span class='ocrx_word' id='word_1_247' title='bbox 934 3526 1067 3618; x_wconf 72' lang='lat' dir='ltr'><strong>licebit,</strong></span> <span class='ocrx_word' id='word_1_248' title='bbox 1092 3527 1189 3622; x_wconf 95' lang='lat' dir='ltr'><strong>quod</strong></span> <span class='ocrx_word' id='word_1_249' title='bbox 1213 3525 1393 3600; x_wconf 90' lang='lat' dir='ltr'><strong>deservis</strong></span> <span class='ocrx_word' id='word_1_250' title='bbox 1416 3525 1589 3618; x_wconf 87' lang='lat' dir='ltr'><strong>diximus,</strong></span> <span class='ocrx_word' id='word_1_251' title='bbox 1613 3523 1706 3599; x_wconf 89' lang='lat' dir='ltr'><strong>idem</strong></span> <span class='ocrx_word' id='word_1_252' title='bbox 1728 3525 1774 3599; x_wconf 91' lang='lat' dir='ltr'><strong>de</strong></span> <span class='ocrx_word' id='word_1_253' title='bbox 1790 3523 1928 3598; x_wconf 82' lang='lat' dir='ltr'><strong>ancillis</strong></span> 
     </span>
     <span class='ocr_line' id='line_1_26' title="bbox 515 3650 1927 3745; baseline -0.004 -19"><span class='ocrx_word' id='word_1_254' title='bbox 515 3651 645 3726; x_wconf 86' lang='lat' dir='ltr'><strong>dictum</strong></span> <span class='ocrx_word' id='word_1_255' title='bbox 670 3672 747 3726; x_wconf 89' lang='lat' dir='ltr'><strong>esse</strong></span> <span class='ocrx_word' id='word_1_256' title='bbox 769 3650 948 3743; x_wconf 87' lang='lat' dir='ltr'><strong>volumus,</strong></span> <span class='ocrx_word' id='word_1_257' title='bbox 969 3651 1037 3724; x_wconf 91' lang='lat' dir='ltr'><strong>nisi</strong></span> <span class='ocrx_word' id='word_1_258' title='bbox 1062 3652 1148 3726; x_wconf 84' lang='lat' dir='ltr'><strong>forte</strong></span> <span class='ocrx_word' id='word_1_259' title='bbox 1165 3651 1314 3724; x_wconf 80' lang='lat' dir='ltr'><strong>infantes</strong></span> <span class='ocrx_word' id='word_1_260' title='bbox 1329 3650 1481 3724; x_wconf 85' lang='lat' dir='ltr'><strong>babeant</strong></span> <span class='ocrx_word' id='word_1_261' title='bbox 1500 3650 1545 3724; x_wconf 91' lang='lat' dir='ltr'><strong>do</strong></span> <span class='ocrx_word' id='word_1_262' title='bbox 1568 3650 1698 3745; x_wconf 91' lang='lat' dir='ltr'><strong>quibus</strong></span> <span class='ocrx_word' id='word_1_263' title='bbox 1717 3652 1851 3744; x_wconf 86' lang='lat' dir='ltr'><strong>justum</strong></span> <span class='ocrx_word' id='word_1_264' title='bbox 1875 3659 1927 3724; x_wconf 89' lang='lat' dir='ltr'><strong>est</strong></span> 
     </span>
     <span class='ocr_line' id='line_1_27' title="bbox 514 3774 1922 3851; baseline -0.004 0"><span class='ocrx_word' id='word_1_265' title='bbox 514 3789 549 3851; x_wconf 92' lang='lat' dir='ltr'><strong>et</strong></span> <span class='ocrx_word' id='word_1_266' title='bbox 582 3779 673 3851; x_wconf 89' lang='lat' dir='ltr'><strong>bene</strong></span> <span class='ocrx_word' id='word_1_267' title='bbox 705 3776 906 3851; x_wconf 88' lang='lat' dir='ltr'><strong>conceditur</strong></span> <span class='ocrx_word' id='word_1_268' title='bbox 935 3786 975 3850; x_wconf 92' lang='lat' dir='ltr'><strong>ut</strong></span> <span class='ocrx_word' id='word_1_269' title='bbox 1003 3775 1050 3850; x_wconf 92' lang='lat' dir='ltr'><strong>ad</strong></span> <span class='ocrx_word' id='word_1_270' title='bbox 1081 3776 1283 3850; x_wconf 86' lang='lat' dir='ltr'><strong>servitutem</strong></span> <span class='ocrx_word' id='word_1_271' title='bbox 1311 3774 1530 3850; x_wconf 92' lang='lat' dir='ltr'><strong>dominorum</strong></span> <span class='ocrx_word' id='word_1_272' title='bbox 1561 3795 1706 3848; x_wconf 91' lang='lat' dir='ltr'><strong>suorum</strong></span> <span class='ocrx_word' id='word_1_273' title='bbox 1737 3783 1922 3848; x_wconf 86' lang='lat' dir='ltr'><strong>transeant.</strong></span> 
     </span>
     <span class='ocr_line' id='line_1_28' title="bbox 513 3895 1927 3999; baseline -0.004 -23"><span class='ocrx_word' id='word_1_274' title='bbox 513 3903 636 3976; x_wconf 90' lang='lat' dir='ltr'><strong>Nullus</strong></span> <span class='ocrx_word' id='word_1_275' title='bbox 652 3900 843 3977; x_wconf 88' lang='lat' dir='ltr'><strong>advocatus</strong></span> <span class='ocrx_word' id='word_1_276' title='bbox 863 3911 976 3999; x_wconf 91' lang='lat' dir='ltr'><strong>potest</strong></span> <span class='ocrx_word' id='word_1_277' title='bbox 991 3925 1014 3976; x_wconf 93' lang='lat' dir='ltr'><strong>a</strong></span> <span class='ocrx_word' id='word_1_278' title='bbox 1029 3902 1106 3974; x_wconf 89' lang='lat' dir='ltr'><strong>cive</strong></span> <span class='ocrx_word' id='word_1_279' title='bbox 1124 3901 1305 3976; x_wconf 91' lang='lat' dir='ltr'><strong>Leodiensi</strong></span> <span class='ocrx_word' id='word_1_280' title='bbox 1318 3900 1385 3972; x_wconf 87' lang='lat' dir='ltr'><strong>sub</strong></span> <span class='ocrx_word' id='word_1_281' title='bbox 1401 3898 1639 3974; x_wconf 86' lang='lat' dir='ltr'><strong>advocationis</strong></span> <span class='ocrx_word' id='word_1_282' title='bbox 1662 3898 1762 3970; x_wconf 91' lang='lat' dir='ltr'><strong>titnio</strong></span> <span class='ocrx_word' id='word_1_283' title='bbox 1784 3895 1927 3991; x_wconf 89' lang='lat' dir='ltr'><strong>aliquod</strong></span> 
     </span>
     <span class='ocr_line' id='line_1_29' title="bbox 472 4013 1928 4120; baseline -0.004 -20"><span class='ocrx_word' id='word_1_284' title='bbox 472 4013 473 4016; x_wconf 5' lang='grc' dir='ltr'>Ὺ</span> <span class='ocrx_word' id='word_1_285' title='bbox 514 4027 694 4100; x_wconf 83' lang='lat' dir='ltr'><strong>servitium</strong></span> <span class='ocrx_word' id='word_1_286' title='bbox 711 4023 788 4100; x_wconf 86' lang='lat' dir='ltr'><strong>sive</strong></span> <span class='ocrx_word' id='word_1_287' title='bbox 803 4027 933 4100; x_wconf 89' lang='lat' dir='ltr'><strong>talliam</strong></span> <span class='ocrx_word' id='word_1_288' title='bbox 948 4025 1025 4100; x_wconf 86' lang='lat' dir='ltr'><strong>sive</strong></span> <span class='ocrx_word' id='word_1_289' title='bbox 1042 4033 1176 4098; x_wconf 90' lang='lat' dir='ltr'><strong>scotum</strong></span> <span class='ocrx_word' id='word_1_290' title='bbox 1189 4025 1345 4120; x_wconf 77' lang='lat' dir='ltr'><strong>exigere,</strong></span> <span class='ocrx_word' id='word_1_291' title='bbox 1362 4023 1430 4096; x_wconf 93' lang='lat' dir='ltr'><strong>nisi</strong></span> <span class='ocrx_word' id='word_1_292' title='bbox 1446 4023 1533 4096; x_wconf 88' lang='lat' dir='ltr'><strong>iorte</strong></span> <span class='ocrx_word' id='word_1_293' title='bbox 1546 4022 1603 4095; x_wconf 89' lang='lat' dir='ltr'><strong>ille</strong></span> <span class='ocrx_word' id='word_1_294' title='bbox 1620 4020 1769 4095; x_wconf 86' lang='lat' dir='ltr'><strong>voluerit</strong></span> <span class='ocrx_word' id='word_1_295' title='bbox 1783 4020 1928 4094; x_wconf 85' lang='lat' dir='ltr'><strong>libenter</strong></span> 
     </span>
     <span class='ocr_line' id='line_1_30' title="bbox 517 4143 1929 4246; baseline -0.008 -21"><span class='ocrx_word' id='word_1_296' title='bbox 517 4148 613 4225; x_wconf 87' lang='lat' dir='ltr'><strong>dare.</strong></span> <span class='ocrx_word' id='word_1_297' title='bbox 631 4149 685 4223; x_wconf 85' lang='lat' dir='ltr'><strong>Ab</strong></span> <span class='ocrx_word' id='word_1_298' title='bbox 699 4151 816 4246; x_wconf 91' lang='lat' dir='ltr'><strong>aliquo</strong></span> <span class='ocrx_word' id='word_1_299' title='bbox 834 4149 912 4222; x_wconf 90' lang='lat' dir='ltr'><strong>cive</strong></span> <span class='ocrx_word' id='word_1_300' title='bbox 932 4149 994 4244; x_wconf 94' lang='lat' dir='ltr'><strong>qui</strong></span> <span class='ocrx_word' id='word_1_301' title='bbox 1017 4149 1062 4221; x_wconf 92' lang='lat' dir='ltr'><strong>sit</strong></span> <span class='ocrx_word' id='word_1_302' title='bbox 1078 4144 1389 4221; x_wconf 90' lang='lat' dir='ltr'><strong>communicandus</strong></span> <span class='ocrx_word' id='word_1_303' title='bbox 1406 4147 1464 4219; x_wconf 88' lang='lat' dir='ltr'><strong>vel</strong></span> <span class='ocrx_word' id='word_1_304' title='bbox 1482 4143 1719 4240; x_wconf 80' lang='lat' dir='ltr'><strong>injungendus</strong></span> <span class='ocrx_word' id='word_1_305' title='bbox 1739 4164 1808 4216; x_wconf 95' lang='lat' dir='ltr'><strong>non</strong></span> <span class='ocrx_word' id='word_1_306' title='bbox 1824 4143 1929 4218; x_wconf 89' lang='lat' dir='ltr'><strong>debet</strong></span> 
     </span>
    </p>
   </div>
   <div class='ocr_carea' id='block_1_5' title="bbox 516 4265 1930 4746">
    <p class='ocr_par' dir='ltr' id='par_1_5' title="bbox 516 4265 1930 4746">
     <span class='ocr_line' id='line_1_31' title="bbox 516 4265 1927 4370; baseline -0.005 -24"><span class='ocrx_word' id='word_1_307' title='bbox 516 4273 691 4370; x_wconf 89' lang='lat' dir='ltr'><strong>quispiam</strong></span> <span class='ocrx_word' id='word_1_308' title='bbox 708 4273 859 4368; x_wconf 88' lang='lat' dir='ltr'><strong>aliquam</strong></span> <span class='ocrx_word' id='word_1_309' title='bbox 878 4273 1019 4368; x_wconf 87' lang='lat' dir='ltr'><strong>exigere</strong></span> <span class='ocrx_word' id='word_1_310' title='bbox 1038 4271 1241 4368; x_wconf 91' lang='lat' dir='ltr'><strong>pecuniam,</strong></span> <span class='ocrx_word' id='word_1_311' title='bbox 1262 4269 1325 4344; x_wconf 90' lang='lat' dir='ltr'><strong>sed</strong></span> <span class='ocrx_word' id='word_1_312' title='bbox 1341 4270 1370 4342; x_wconf 94' lang='lat' dir='ltr'><strong>si</strong></span> <span class='ocrx_word' id='word_1_313' title='bbox 1392 4267 1682 4344; x_wconf 86' lang='lat' dir='ltr'><strong>acommunieato</strong></span> <span class='ocrx_word' id='word_1_314' title='bbox 1700 4267 1758 4340; x_wconf 85' lang='lat' dir='ltr'><strong>vel</strong></span> <span class='ocrx_word' id='word_1_315' title='bbox 1772 4265 1927 4360; x_wconf 75' lang='lat' dir='ltr'><strong>iniuncto</strong></span> 
     </span>
     <span class='ocr_line' id='line_1_32' title="bbox 517 4381 1927 4494; baseline -0.006 -22"><span class='ocrx_word' id='word_1_316' title='bbox 517 4397 652 4494; x_wconf 91' lang='lat' dir='ltr'><strong>aliquid</strong></span> <span class='ocrx_word' id='word_1_317' title='bbox 671 4420 719 4472; x_wconf 90' lang='lat' dir='ltr'><strong>ex</strong></span> <span class='ocrx_word' id='word_1_318' title='bbox 737 4393 902 4472; x_wconf 82' lang='lat' dir='ltr'><strong>charitate</strong></span> <span class='ocrx_word' id='word_1_319' title='bbox 927 4397 1042 4489; x_wconf 91' lang='lat' dir='ltr'><strong>datur,</strong></span> <span class='ocrx_word' id='word_1_320' title='bbox 1061 4398 1128 4470; x_wconf 93' lang='lat' dir='ltr'><strong>boc</strong></span> <span class='ocrx_word' id='word_1_321' title='bbox 1149 4381 1230 4470; x_wconf 87' lang='lat' dir='ltr'><strong>cum</strong></span> <span class='ocrx_word' id='word_1_322' title='bbox 1251 4383 1492 4470; x_wconf 87' lang='lat' dir='ltr'><strong>benedictione</strong></span> <span class='ocrx_word' id='word_1_323' title='bbox 1510 4393 1572 4466; x_wconf 87' lang='lat' dir='ltr'><strong>Dei</strong></span> <span class='ocrx_word' id='word_1_324' title='bbox 1591 4399 1765 4487; x_wconf 74' lang='lat' dir='ltr'><strong>gratamm</strong></span> <span class='ocrx_word' id='word_1_325' title='bbox 1778 4390 1927 4485; x_wconf 88' lang='lat' dir='ltr'><strong>accipia-</strong></span> 
     </span>
     <span class='ocr_line' id='line_1_33' title="bbox 516 4511 1927 4618; baseline -0.008 -21"><span class='ocrx_word' id='word_1_326' title='bbox 516 4534 585 4597; x_wconf 92' lang='lat' dir='ltr'><strong>tur.</strong></span> <span class='ocrx_word' id='word_1_327' title='bbox 604 4523 697 4596; x_wconf 90' lang='lat' dir='ltr'><strong>Civis</strong></span> <span class='ocrx_word' id='word_1_328' title='bbox 711 4521 911 4598; x_wconf 85' lang='lat' dir='ltr'><strong>leodiensis</strong></span> <span class='ocrx_word' id='word_1_329' title='bbox 926 4523 983 4596; x_wconf 82' lang='lat' dir='ltr'><strong>vir</strong></span> <span class='ocrx_word' id='word_1_330' title='bbox 997 4523 1054 4595; x_wconf 89' lang='lat' dir='ltr'><strong>vei</strong></span> <span class='ocrx_word' id='word_1_331' title='bbox 1074 4522 1200 4596; x_wconf 84' lang='lat' dir='ltr'><strong>semina</strong></span> <span class='ocrx_word' id='word_1_332' title='bbox 1218 4543 1286 4596; x_wconf 96' lang='lat' dir='ltr'><strong>non</strong></span> <span class='ocrx_word' id='word_1_333' title='bbox 1308 4529 1420 4618; x_wconf 91' lang='lat' dir='ltr'><strong>potest</strong></span> <span class='ocrx_word' id='word_1_334' title='bbox 1440 4519 1517 4614; x_wconf 81' lang='lat' dir='ltr'><strong>cogi</strong></span> <span class='ocrx_word' id='word_1_335' title='bbox 1539 4517 1584 4591; x_wconf 86' lang='lat' dir='ltr'><strong>ab</strong></span> <span class='ocrx_word' id='word_1_336' title='bbox 1601 4517 1720 4612; x_wconf 90' lang='lat' dir='ltr'><strong>aliqua</strong></span> <span class='ocrx_word' id='word_1_337' title='bbox 1731 4513 1864 4608; x_wconf 87' lang='lat' dir='ltr'><strong>justitia</strong></span> <span class='ocrx_word' id='word_1_338' title='bbox 1880 4511 1927 4587; x_wconf 91' lang='lat' dir='ltr'><strong>ad</strong></span> 
     </span>
     <span class='ocr_line' id='line_1_34' title="bbox 517 4635 1930 4746; baseline -0.009 -25"><span class='ocrx_word' id='word_1_339' title='bbox 517 4645 714 4722; x_wconf 79' lang='lat' dir='ltr'><strong>iaciendum</strong></span> <span class='ocrx_word' id='word_1_340' title='bbox 728 4647 901 4744; x_wconf 88' lang='lat' dir='ltr'><strong>judicium</strong></span> <span class='ocrx_word' id='word_1_341' title='bbox 915 4656 1055 4746; x_wconf 85' lang='lat' dir='ltr'><strong>propter</strong></span> <span class='ocrx_word' id='word_1_342' title='bbox 1069 4645 1339 4744; x_wconf 88' lang='lat' dir='ltr'><strong>inculpationem</strong></span> <span class='ocrx_word' id='word_1_343' title='bbox 1356 4645 1522 4741; x_wconf 89' lang='lat' dir='ltr'><strong>aliquam,</strong></span> <span class='ocrx_word' id='word_1_344' title='bbox 1541 4641 1736 4731; x_wconf 89' lang='lat' dir='ltr'><strong>nisiooram</strong></span> <span class='ocrx_word' id='word_1_345' title='bbox 1748 4635 1930 4733; x_wconf 86' lang='lat' dir='ltr'><strong>judicibus</strong></span> 
     </span>
    </p>
   </div>
   <div class='ocr_carea' id='block_1_6' title="bbox 0 0 2369 6100">
    <p class='ocr_par' dir='ltr' id='par_1_6' title="bbox 0 0 2369 6100">
     <span class='ocr_line' id='line_1_35' title="bbox 0 0 2369 6100; baseline 0 0"><span class='ocrx_word' id='word_1_346' title='bbox 0 0 2369 6100; x_wconf 95' lang='lat' dir='ltr'><strong> </strong></span> 
     </span>
    </p>
   </div>
  </div>
 </body>
</html>
