4658 6132
1123 663 1335 725 autunum!
1360 663 1532 726 sucoso!
1844 667 1922 750 [Aru.
1941 669 2023 732 1229.

447 1252 499 1336 J,
535 1242 559 1337 ,’
680 1239 905 1346 Fridericus,
923 1237 1181 1322 Romanorum
1199 1239 1416 1346 imperator,
1437 1263 1506 1347 pro
1524 1237 1599 1321 fide
1616 1265 1733 1348 quam
1752 1239 1871 1323 abbas
1888 1251 1927 1323 et
1939 1267 2026 1324 con-

627 1382 760 1454 ventus
769 1371 947 1454 Curensis
956 1369 1142 1482 majestati
1153 1396 1243 1454 suae
1252 1379 1509 1476 servaverunt,
1520 1371 1622 1479 ipsos
1631 1397 1719 1454 cum
1728 1371 2024 1455 bonisuniversis

628 1505 700 1587 sub
717 1505 946 1614 protectione
960 1530 1030 1586 sua
1048 1503 1218 1612 suscipit,
1233 1501 1465 1612 mandatque
1479 1501 1658 1586 omnibus
1675 1529 1723 1586 ne
1740 1503 1843 1586 ullus
1858 1507 2025 1616 praedio·

627 1645 709 1718 tum
726 1645 953 1719 conventum
970 1647 1110 1718 temere
1128 1633 1328 1718 molestare
1343 1643 1574 1744 praesumat.

708 1851 872 1930 (lnedltum
883 1853 915 1910 ln
927 1848 1039 1910 mehtv.
1055 1855 1183 1910 monast.
1198 1849 1324 1910 Carens.
1338 1865 1377 1910 ex
1396 1849 1504 1926 orlgln.
1514 1851 1599 1926 colus
1615 1847 1744 1928 alglllum
1756 1851 1854 1927 partit.
1868 1850 2026 1914 sanantur

745 1961 844 2016 autem
858 1957 923 2032 ejus
932 1961 1118 2034 transumpta
1130 1955 1299 2016 comendes
1311 1957 1343 2015 ln
1357 1954 1491 2034 Pergam.
1506 1952 1580 2015 lbld.
1589 1969 1664 2017 arm.
1677 1955 1722 2017 ld.
1738 1963 1776 2018 ao
1789 1962 1820 2020 et
1831 1959 1864 2018 ln
1876 1959 1983 2036 coptall
1992 1957 2027 2020 ll·

746 2061 811 2134 bro,
826 2061 937 2160 scilieet
948 2059 1138 2135 chtlonarlo,
1153 2059 1207 2122 iol.
1224 2064 1305 2136 uo.)

675 2245 880 2339 Fridericus,
899 2247 960 2320 Dei
976 2248 1084 2342 gratia
1097 2249 1327 2321 Romanorum
1339 2247 1535 2344 imperator,
1556 2259 1889 2344 semperaugustus,
1905 2250 2027 2324 Hieru-

628 2373 733 2446 salem
749 2381 783 2444 et
797 2371 911 2445 Sicilie
925 2393 1000 2463 rex,
1013 2371 1217 2464 justitiariis,
1235 2372 1443 2464 camerariis,
1459 2372 1660 2463 castellanis,
1673 2373 1797 2465 bajulis
1811 2383 1846 2446 et
1859 2373 2027 2448 universis

625 2519 686 2592 per
702 2518 848 2590 regnum
863 2495 977 2567 Sicilie
991 2495 1200 2582 constitutis,
1218 2493 1379 2568 fidelibus
1392 2495 1482 2588 suis,
1500 2497 1644 2590 gratiam
1658 2507 1805 2569 suamet
1819 2497 1946 2570 bonam
1968 2519 2026 2572 vo·

626 2623 803 2692 luntatem.
826 2619 911 2691 Cum
929 2597 1082 2692 Cavense
1100 2618 1345 2692 monasterium
1367 2629 1567 2714 reputemus
1585 2641 1754 2693 cameram
1774 2620 1977 2714 specialem,
1994 2630 2027 2694 et

625 2744 832 2818 venerabilis
853 2743 987 2816 abbatis
1005 2765 1047 2816 ac
1061 2743 1307 2816 monachorum
1326 2743 1397 2816 vita
1419 2743 1604 2817 laudabilis
1625 2753 1659 2815 et
1679 2743 1892 2817 conversatio
1910 2753 2026 2817 sancta

626 2867 756 2940 ibidem
773 2869 845 2938 Deo
859 2866 1098 2939 famulantium
1115 2867 1287 2940 serenitati
1306 2875 1419 2940 nostre
1438 2875 1535 2960 grata
1555 2865 1704 2940 resideat
1721 2875 1756 2940 ot
1773 2877 1931 2962 accepta,
1953 2877 2025 2940 tan·

626 3011 730 3084 quarn
748 3011 866 3061 eorum
879 2988 940 3082 qui
956 2991 1121 3081 majestati
1138 2999 1251 3062 nostre
1270 3000 1494 3064 servaverunt
1507 2991 1637 3064 illesam
1654 3013 1717 3064 sue
1733 2989 1814 3064 fidei
1829 2992 2023 3087 puritatem,

627 3110 871 3208 propterquod
885 3110 999 3206 ipsum
1015 3111 1186 3202 abbatem,
1201 3113 1385 3186 monachos
1400 3123 1434 3186 et
1448 3114 1604 3187 homines
1617 3113 1726 3210 ipsius
1739 3115 1935 3188 monasterii
1948 3135 2026 3187 cam

629 3235 920 3332 possessionibus,
941 3233 1148 3306 animalibus
1161 3244 1196 3308 et
1209 3235 1379 3308 universis
1393 3237 1578 3310 mobilibus
1592 3237 1793 3311 eorumdem
1806 3239 1873 3310 sub
1889 3235 2026 3334 speciali

629 3359 839 3456 protectione
857 3357 1019 3430 culminis
1041 3359 1147 3430 nostri
1168 3359 1353 3456 recipimus
1375 3369 1410 3434 et
1430 3361 1617 3451 habemus,
1635 3360 1805 3434 universis
1826 3371 1862 3432 st
1883 3359 2027 3456 singulis

629 3491 781 3556 vestrum
799 3481 941 3554 firmiter
957 3481 1180 3578 precipiendo
1196 3483 1402 3557 mandamus
1417 3493 1587 3578 quatenns
1602 3485 1718 3558 nodus
1735 3483 1780 3557 sit
1795 3483 1857 3578 qni
1866 3484 1939 3578 jam
1957 3483 2027 3558 dic·

629 3618 702 3680 tum
714 3608 887 3697 abbatem,
902 3606 1090 3678 monachos
1107 3615 1141 3679 et
1153 3606 1309 3678 homines
1323 3607 1518 3680 monasterii
1535 3606 1713 3680 memorati
1730 3606 1766 3678 in
1784 3606 2026 3703 prenominatis

628 3730 920 3827 possessionibus,
938 3729 1146 3802 animalibus
1160 3739 1195 3800 et
1214 3729 1291 3802 aliis
1313 3729 1417 3801 rebus
1438 3730 1530 3819 suis,
1554 3729 1739 3822 morand0,
1767 3730 1882 3802 eundo
1907 3739 1943 3802 et
1966 3751 2028 3802 re-

628 3855 768 3928 deundo
792 3855 922 3948 ubique
941 3875 1004 3950 per
1028 3875 1173 3946 reguum
1196 3865 1367 3946 nostrum,
1393 3863 1519 3926 temere
1543 3855 1722 3926 molestare
1744 3875 1805 3926 seu
1829 3853 2029 3948 perturbare

626 3987 819 4074 presumat;
842 3977 937 4072 quod
954 3977 1016 4072 qui
1034 3975 1291 4072 presumpserit,
1313 3977 1584 4073 indignationem
1603 3987 1753 4051 nostram
1769 3999 1807 4050 se
1822 3977 1956 4052 noverit
1976 3976 2027 4049 in·

626 4123 819 4174 cursurum.

673 4227 797 4298 Datum
816 4226 852 4296 in
871 4223 990 4298 castris
1007 4233 1088 4296 ante
1107 4225 1225 4296 Soram
1246 4223 1459 4295 combustam
1480 4221 1553 4321 (t),
1575 4225 1695 4298 ultimo
1713 4223 1880 4316 octobris,
1905 4223 1950 4296 111
1969 4223 2028 4296 in-

628 4347 800 4422 dictionis.

666 4673 702 4746 (t)
719 4672 910 4730 Suessanorum
921 4671 1082 4732 deditionem
1091 4673 1125 4730 ad
1138 4673 1317 4732 interventum
1326 4673 1424 4746 judicis
1435 4671 1548 4744 Taddei,
1565 4687 1694 4730 concesse
1716 4671 1755 4729 cis
1766 4669 1919 4746 privilegio,
1936 4668 2026 4728 Frido·

628 4771 699 4830 ricus
708 4771 760 4830 hoc
771 4767 865 4828 eodem
879 4785 973 4828 mense
985 4778 1132 4845 acceperat.
1151 4770 1244 4829 Sorani
1258 4777 1349 4828 autem
1367 4769 1492 4828 comitem
1507 4768 1667 4827 deerrarunt
1682 4768 1717 4826 ad
1734 4783 1763 4826 se
1779 4767 1890 4826 missam
1905 4772 1937 4824 ut
1953 4765 2028 4841 ipsos
