4710 6076
572 555 634 618 ast
1093 549 1264 612 usuarcr
1288 549 1453 612 scurrus
1792 547 1871 630 [mu.
1888 549 1975 626 rasa.

573 683 775 768 sindiensis
799 679 981 792 (Essen),
999 679 1139 764 scilicet
1161 680 1320 788 bansel,
1344 678 1541 764 Bmckhol
1558 687 1597 764 et
1619 677 1775 786 breclrc,
1799 679 1917 764 libere
1939 689 1978 764 et

575 817 746 900 absolute
760 815 928 901 dimittit.

655 1027 757 1108 (Edid.
772 1029 886 1102 Lumo,
902 1023 1107 1098 uetante,
1123 1031 1147 1086 t.
1163 1025 1276 1101 xvnl,
1286 1041 1318 1104 p.
1335 1033 1405 1100 att,
1419 1034 1453 1087 n·
1463 1021 1543 1106 XV.)

621 1215 801 1290 Heinricus
823 1213 887 1286 Dei
913 1213 1023 1308 gratia
1045 1213 1275 1286 Romanorum
1298 1233 1362 1284 rex
1382 1221 1418 1284 et
1433 1232 1569 1308 semper
1591 1220 1780 1306 augustus,
1808 1213 1982 1287 universis·

575 1338 709 1434 imperii
727 1336 888 1411 fidelibus
903 1334 1033 1429 quibus
1045 1356 1186 1430 presens
1201 1335 1367 1431 scriptum
1382 1334 1577 1408 exhibitum
1596 1333 1699 1408 luerit
1718 1335 1864 1429 gratiam
1880 1357 1979 1414 suam

576 1469 611 1534 et
628 1481 731 1532 omne
753 1461 897 1532 bonum.
923 1457 1008 1530 Cum
1031 1457 1271 1553 oppressiones
1291 1466 1326 1530 ot
1347 1456 1589 1530 indemnitates
1612 1455 1768 1531 fidelium
1790 1469 1981 1533 nostrorum

577 1593 612 1658 et
639 1583 791 1656 maxime
815 1581 1037 1655 ecclesiarum
1060 1581 1212 1676 benigno
1236 1579 1392 1653 subsidio
1415 1580 1637 1676 inspicimus,
1665 1581 1713 1654 ad
1741 1581 1885 1656 sulutem
1909 1583 1981 1656 vite

578 1707 759 1800 utriusque
780 1704 881 1777 nobis
898 1725 968 1776 non
988 1703 1199 1797 ambigimus
1212 1704 1440 1798 profuturnm.
1458 1702 1606 1776 Proinde
1619 1705 1778 1798 estquod
1795 1727 1859 1778 nos
1872 1713 1981 1782 atten-

577 1831 698 1904 dentes
722 1829 941 1903 devotionem
966 1849 1008 1900 ac
1033 1827 1249 1900 honestatem
1269 1827 1393 1900 dilecte
1411 1825 1577 1921 principis
1596 1835 1711 1900 nostre
1729 1827 1902 1901 abbatisse
1918 1827 1982 1902 lis·

580 1951 777 2042 sindiensis,
798 1971 936 2022 omnem
954 1949 1170 2022 exactionem
1185 1949 1404 2022 collectarum
1423 1948 1498 2022 sivo
1511 1949 1694 2042 cujuslibet
1707 1951 1865 2046 obsequii
1878 1973 1983 2046 qnam

581 2073 738 2148 solebant
758 2071 902 2166 quidam
921 2071 1060 2146 officiati
1080 2074 1186 2146 nostri
1204 2072 1345 2165 exigere
1363 2079 1399 2144 et
1417 2080 1622 2166 extorquere
1640 2073 1715 2146 sive
1726 2075 1820 2166 juste
1836 2074 1913 2147 sive
1929 2075 1984 2148 in·

578 2197 670 2288 juste
687 2195 828 2267 acuriis
847 2194 939 2266 dicte
957 2193 1147 2284 abbatisse,
1168 2194 1331 2268 videlicet
1348 2195 1489 2286 lrensel,
1510 2194 1696 2268 Bruclrboli
1708 2204 1743 2269 et
1762 2197 1908 2286 Breclre,
1931 2197 1984 2270 di·

583 2319 750 2392 mittimus
763 2318 871 2392 libero
883 2327 918 2390 et
933 2318 1102 2407 absolute,
1121 2317 1323 2392 mundantes
1339 2319 1480 2414 stragia
1495 2319 1695 2394 auctoritate
1708 2321 1861 2395 districte
1877 2322 1985 2416 preci·

584 2444 717 2539 pientes
727 2452 899 2537 quatenns
913 2443 1029 2514 nullus
1040 2443 1208 2514 officiatus
1218 2451 1334 2514 noster
1344 2443 1420 2515 sive
1436 2443 1624 2517 scbnltetus
1635 2443 1759 2538 uliquis
1771 2445 1986 2520 exactionem

586 2568 833 2660 cujuscumque
857 2565 1031 2638 servitutis
1052 2588 1073 2638 a
1097 2565 1341 2662 prenominatis
1366 2565 1471 2637 curiis
1496 2575 1670 2660 presumat
1686 2568 1826 2662 exigere
1845 2569 1901 2641 vel
1924 2590 1987 2642 ex·

584 2701 753 2784 torquere.
777 2687 879 2774 Quod
896 2688 924 2759 si
946 2688 1079 2778 lecerit,
1106 2697 1256 2762 nostram
1278 2688 1515 2762 celsitudinem
1541 2691 1675 2762 noverit
1690 2690 1887 2781 offendisse,
1905 2692 1987 2784 quia

586 2823 741 2884 tenemur
760 2821 795 2883 et
814 2819 1008 2884 constanter
1027 2812 1251 2906 proponimus
1267 2821 1489 2884 memoratam
1506 2811 1714 2886 abbatissam
1731 2835 1811 2884 cum
1828 2814 1988 2888 omnibus

587 2934 688 3007 bonis
712 2933 854 3005 ecclesie
879 2954 942 3005 sue
963 2934 1008 3005 ab
1028 2935 1188 3006 omnibus
1211 2934 1470 3025 injuriatoribus
1497 2935 1633 3009 assidue
1661 2935 1859 3028 defensare,
1887 2936 1989 3010 etad

588 3057 751 3148 majorem
781 3053 989 3128 evidentium
1013 3079 1155 3152 presens
1182 3057 1347 3152 scriptum
1374 3057 1486 3151 sigillo
1513 3067 1627 3132 nostre
1651 3061 1863 3134 celsitudinis
1889 3061 1989 3134 robo-

589 3188 701 3253 ratum
714 3178 805 3250 dicte
817 3178 988 3252 abbatisse
1000 3179 1167 3271 jussimus
1183 3179 1353 3254 exhiberi.

637 3305 762 3375 Datum
778 3301 874 3398 apud
890 3301 1116 3397 Wimpinam,
1133 3311 1232 3377 sexto
1249 3301 1413 3378 kalendas
1432 3305 1645 3401 septembris,
1661 3305 1848 3381 indictione
1863 3307 1986 3404 primu.

437 3934 554 3988 hm,
645 3866 829 3949 Henn'cus
855 3866 1114 3950 Romanorum
1145 3893 1212 3950 rex
1243 3868 1478 3951 advocatiam
1513 3870 1745 3978 superiorem
1768 3869 1809 3950 in
1837 3867 1998 3952 Sohar-re

426 3995 439 4030 ⁸
593 4009 631 4082 et
651 3997 848 4080 Virnheim
871 3997 921 4080 ab
945 3998 1102 4082 ecclesia
1124 3999 1358 4082 Leurissensi
1381 3998 1558 4111 (Lorsch)
1582 4009 1667 4110 post
1693 4011 1769 4084 tres
1791 4001 1995 4111 palatinos,

595 4130 812 4214 Conradum
831 4127 990 4236 scilicet,
1006 4130 1210 4214 Henricum
1227 4141 1375 4240 patrem
1391 4142 1429 4214 et
1443 4131 1647 4215 Henricum
1670 4131 1794 4215 filium
1815 4132 1856 4214 in
1872 4131 1997 4216 bene-

593 4261 722 4344 ficium
743 4261 922 4368 adeptus,
941 4263 1171 4347 monasterio
1189 4263 1488 4374 Schonaugiensi
1505 4263 1554 4346 de
1571 4263 1682 4348 bonis
1703 4264 1845 4347 ibidem
1865 4263 1998 4374 positis

594 4394 870 4503 exemptionem
886 4395 1091 4480 advocatie
1107 4406 1145 4478 ct
1159 4395 1361 4504 cujuslibet
1375 4397 1580 4480 exactionis
1595 4395 1808 4482 confirmat.

678 4623 811 4703 (Edlder.
827 4623 961 4700 dunum,
977 4621 1092 4706 Syltope
1103 4625 1209 4686 sarton
1225 4621 1440 4705 Dtplomut.,p.
1460 4635 1529 4700 tot,
1544 4640 1613 4689 cum
1625 4642 1705 4688 anno
1719 4633 1806 4688 1²²⁸.
1820 4655 1860 4674 -
1872 4625 1997 4699 Smin,
