4702 6110
381 625 536 712 laurent]
829 621 1029 685 ilistomtt
1053 621 1346 686 otenottsltcs
1730 621 1793 684 475

382 767 476 866 pitiis
496 761 663 862 predictis
681 769 718 834 et
738 758 939 834 hominibus
959 757 1191 832 residentibus
1214 757 1251 830 in
1275 755 1432 853 hospitiis
1450 755 1626 852 prelibatis
1648 755 1790 852 exigere

384 895 581 988 presumat,
602 883 817 981 quodetiam
839 881 1018 955 firmamus
1034 879 1289 978 perpetualiter.
1310 879 1522 954 Hancetiam
1538 881 1684 976 gratiam
1705 881 1791 979 ipsis

386 1011 548 1089 dedimus
559 1007 654 1106 qnod
668 1006 713 1082 de
726 1006 889 1082 omnibns
898 1003 1005 1080 rebus
1019 1005 1093 1078 suis
1104 1005 1228 1104 emptis
1238 1005 1296 1079 vel
1310 1005 1473 1098 venditis,
1485 1005 1672 1100 mobilibus
1684 1015 1719 1080 et
1731 1007 1794 1080 im·

385 1135 573 1210 mobilibus
587 1133 624 1206 iu
636 1131 800 1206 omnibus
814 1129 1012 1204 civitatibus
1028 1129 1154 1204 nostris
1171 1129 1303 1204 nullum
1320 1129 1517 1206 theloneum
1530 1131 1614 1206 dent
1627 1131 1684 1206 vel
1699 1133 1795 1226 quod

386 1253 1129 1356 vulgaridiciturUmbgelt(l),quodetiam
1138 1252 1276 1328 mum
1289 1255 1540 1330 essevolumus
1549 1264 1585 1328 et
1594 1255 1742 1330 illesum.
1752 1256 1797 1330 Ut

387 1367 471 1480 ergo
481 1383 547 1458 ista
561 1381 734 1456 stabiliora
750 1389 786 1454 et
796 1378 946 1454 firmiora
959 1387 1195 1478 permaneant,
1210 1399 1251 1454 eo
1263 1379 1387 1452 nostris
1399 1377 1520 1454 litteris
1530 1389 1565 1454 et
1574 1379 1682 1454 nostri
1694 1381 1798 1476 sigilli

389 1506 582 1582 munimine
603 1503 818 1578 roboramus.
840 1501 941 1578 Unde
958 1503 990 1576 si
1010 1502 1137 1600 aliquis
1158 1524 1246 1576 ausu
1268 1503 1448 1578 temerario
1470 1503 1507 1576 in
1524 1501 1591 1576 bac
1613 1515 1713 1602 parte
1738 1505 1800 1578 ab·

389 1633 504 1706 batem
524 1630 696 1726 prelatum
717 1636 752 1702 et
775 1635 984 1702 conventum
1001 1648 1105 1700 snum
1130 1647 1236 1724 snper
1257 1625 1433 1722 aliquibus
1460 1625 1700 1700 exactionibus
1722 1649 1800 1722 gra·

391 1777 475 1829 vare
503 1751 771 1850 presumpserit,
795 1753 1008 1846 majestatem
1039 1760 1190 1825 nostram
1215 1771 1254 1825 se
1276 1752 1364 1825 sciat
1390 1750 1533 1825 firmiter
1554 1750 1740 1826 offendisse
1767 1761 1802 1828 et

392 1887 548 1952 nostrum
564 1875 750 1949 incurrisse
771 1874 923 1970 graviter
939 1873 1060 1950 odium
1078 1883 1115 1948 et
1132 1873 1311 1949 eliensem.
1337 1876 1374 1948 Si
1396 1883 1513 1949 autern
1536 1875 1663 1971 aliquis
1685 1885 1803 1950 muna

393 2001 553 2076 abbatem
580 1999 784 2094 iamdictum
814 2007 849 2072 st
871 2008 1081 2074 conventum
1107 2021 1211 2074 snum
1238 2009 1372 2074 nostras
1397 2000 1528 2074 litteren
1554 2000 1804 2098 superatique

394 2125 576 2200 exactione
587 2123 798 2222 procuravit,
816 2125 901 2198 tales
916 2124 1010 2198 enim
1024 2122 1096 2222 (sic)
1111 2124 1241 2200 litteras
1253 2133 1454 2222 procuratas
1475 2125 1582 2200 luisse
1595 2125 1671 2200 sine
1689 2135 1805 2198 nostra

396 2247 605 2324 conscientia
622 2256 863 2344 protestamur.

443 2373 515 2446 blec
531 2381 647 2446 nutem
669 2380 747 2446 acta
770 2373 911 2446 luerunt
934 2369 1030 2468 opud
1046 2371 1244 2467 Numberg,
1263 2394 1356 2448 anno
1372 2373 1421 2446 bl.
1439 2373 1502 2447 CC.
1525 2373 1654 2468 XXXI,
1673 2375 1704 2446 V
1725 2373 1807 2448 idus

397 2497 554 2592 angusti,
577 2493 765 2570 indictione
786 2503 928 2592 quarta,
952 2504 1113 2594 presente
1134 2495 1277 2571 domino
1298 2498 1501 2573 cancellario
1518 2498 1704 2595 imperialis
1725 2499 1806 2574 aule

398 2621 558 2717 episcopo
591 2619 854 2713 Ratiebonensi,
885 2619 1049 2718 episeopo
1081 2619 1314 2716 Angusteusi,
1349 2621 1506 2698 Conrado
1536 2624 1663 2698 abbate
1690 2625 1806 2698 Sancti

398 2743 497 2837 Galli,
514 2765 578 2818 nec
590 2763 661 2818 non
674 2743 766 2820 duee
778 2745 933 2820 Moravie
954 2744 1147 2845 (Memno),
1163 2747 1315 2843 palatino
1330 2747 1453 2836 libeni,
1473 2748 1672 2826 marchione
1684 2749 1729 2824 de
1741 2749 1808 2824 Ba·

400 2867 482 2962 den,
501 2867 658 2965 dapifero
676 2866 722 2943 de
737 2867 966 2964 Waldburoh,
982 2870 1147 2966 pincerna
1161 2869 1207 2946 de
1220 2871 1478 2948 Winterstetteu
1489 2881 1525 2948 et
1536 2873 1625 2948 eliis.

668 3235 761 3244 -n--n—

457 3552 642 3640 chricus
659 3557 920 3646 Romanorum
942 3589 1009 3646 rex
1035 3563 1205 3648 notificat
1226 3569 1452 3652 sententiam
1472 3571 1687 3684 principum
1711 3577 1815 3687 apud

405 3683 657 3774 Frunkenfort
682 3693 825 3777 editam
847 3722 926 3806 qua
944 3695 1101 3808 jubetur
1125 3707 1170 3784 ut
1192 3700 1225 3784 si
1246 3701 1334 3813 quis
1352 3703 1434 3788 sine
1459 3704 1588 3790 liberis
1615 3709 1818 3796 decesserit

406 3817 518 3904 leode
532 3829 664 3908 tenens
693 3825 744 3912 ub
770 3827 948 3937 ecclesie,
967 3829 1085 3915 libere
1106 3831 1156 3916 ud
1183 3833 1381 3920 ecclesiam
1398 3839 1532 3924 eodem
1551 3839 1663 3926 feoda
1684 3869 1816 3930 rerer-

407 3959 550 4037 tttntur.
683 3957 688 3968 ’

409 4182 503 4194 -ιι

446 4321 483 4398 (t)
505 4325 611 4400 Uopelt,
626 4326 700 4402 quod
712 4329 876 4389 recentiores
888 4331 999 4406 qnidam
1014 4332 1139 4394 wiburn
1154 4337 1255 4412 sorpsit
1267 4339 1422 4417 dictumque
1436 4359 1498 4404 esso
1513 4343 1618 4420 fingunt
1634 4349 1711 4424 quasi
1725 4367 1814 4410 omen·

408 4419 476 4494 prlt,
489 4421 619 4482 tubutum
632 4423 774 4499 numan,
791 4433 885 4487 corba
901 4446 979 4488 nsnrn
995 4437 1025 4490 ot
1039 4448 1149 4492 saum
1163 4435 1339 4512 andqmtntis.
1351 4440 1402 4498 list
1415 4441 1487 4500 eninr
1505 4443 1597 4519 rmpclt
1611 4445 1640 4502 in
1653 4461 1750 4520 genere
1766 4465 1818 4524 pe-

410 4517 489 4574 cunia
502 4519 621 4578 indebita
632 4520 752 4581 indebite
762 4529 866 4582 encta.
882 4525 935 4584 llic
945 4533 1036 4586 autern
1048 4529 1153 4606 species
1166 4531 1282 4591 thelonei
1295 4551 1303 4591 ι
1318 4535 1454 4611 «mpure
1467 4537 1521 4597 ulla
1533 4539 1698 4616 impetitione
1709 4545 1767 4604 sire
1781 4553 1817 4604 to

413 4631 427 4666 r
440 4611 521 4690 lonyo
531 4617 604 4690 qrrod
617 4617 716 4676 dicitur
726 4617 770 4678 rol
781 4619 825 4680 rel
836 4621 937 4698 onpob
948 4643 962 4678 r
975 4625 1068 4684 Gbnrt.
1081 4643 1148 4686 noa.
1161 4632 1231 4690 tttt
1244 4647 1289 4707 ep.
1302 4631 1520 4712 flammeus,
1531 4643 1552 4697 t.
1562 4638 1584 4712 l,
1594 4639 1655 4699 eod.
1665 4639 1817 4720 diplomat,

410 4725 441 4784 p.
456 4711 518 4768 let.
531 4711 571 4770 Gt.
584 4713 728 4790 Hunos,
741 4717 859 4778 Glorror.
872 4719 943 4781 med.
957 4724 1030 4797 osui,
1043 4724 1078 4782 ud
1095 4723 1170 4785 verb

1850 3581 2006 3632 Frsnbmlort.

1863 3639 1994 3692 leserunt.
