4642 6106
564 617 626 682 262
1064 615 1280 682 llluuatct
1304 617 1478 680 stcuuttt
1515 623 1520 630 '
1785 614 1866 696 [Ass.
1884 615 1971 682 1231.

567 753 741 828 casalibus
758 759 792 824 et
811 751 896 824 locis
911 751 1077 847 predictis
1094 762 1130 825 et
1146 753 1363 850 pertinentiis
1381 753 1582 828 eorumdem
1601 751 1647 826 ab
1661 749 1824 824 omnihus
1845 751 1976 826 ibidem

568 876 792 972 degentibus,
809 896 953 948 necnon
968 885 1004 948 et
1014 876 1051 948 in
1063 877 1227 950 omnihus
1238 877 1316 951 aliis
1329 901 1399 972 que
1414 877 1450 950 iu
1464 879 1620 950 futurum
1631 878 1726 970 justo
1737 875 1837 948 titulo
1849 875 1978 970 poteris

567 1001 715 1096 adipisci
731 1009 767 1072 tu
787 1009 821 1072 et
840 1021 1056 1074 successores
1072 1003 1140 1090 tui,
1159 1003 1388 1078 concedentes
1400 1011 1436 1076 et
1452 1001 1693 1076 confirmantes
1710 999 1773 1072 tibi
1792 1007 1828 1073 et
1841 1021 1979 1074 succes·

568 1125 704 1198 sorihus
719 1124 1105 1220 taisutquiounquese
1119 1137 1230 1202 etsua
1244 1128 1417 1204 incudem
1428 1127 1636 1201 monasterio
1647 1126 1768 1199 offerre
1781 1127 1839 1198 vel
1848 1125 1979 1198 donate

567 1248 733 1338 voluerit,
753 1248 862 1322 libere
881 1269 923 1322 ea
944 1249 1055 1344 possis
1071 1251 1242 1346 recipere,
1267 1251 1344 1326 sive
1363 1251 1516 1326 feudalia
1538 1250 1666 1324 luerint
1685 1272 1747 1322 seu
1767 1269 1979 1344 quocunque

567 1373 706 1446 nomine
731 1382 955 1464 censeantur,
979 1373 1171 1446 eximentes
1197 1375 1273 1470 ipsa
1297 1375 1344 1448 ah
1369 1375 1464 1448 omni
1487 1373 1665 1448 servitutis
1683 1373 1771 1468 jugo
1793 1372 1839 1446 de
1861 1381 1979 1445 444444

566 1497 676 1592 gratia
698 1497 860 1592 speciali;
877 1508 912 1570 et
930 1499 1133 1594 quicunque
1149 1509 1266 1574 eontra
1285 1501 1440 1596 predicta
1454 1499 1569 1597 ipsum
1585 1498 1831 1572 monasterium
1845 1519 1887 1570 ac
1901 1518 1980 1569 vas·

567 1623 670 1696 sallus
691 1643 774 1695 suos
791 1623 973 1696 molestare
988 1625 1251 1720 presumpserit,
1275 1625 1443 1722 imperiali
1467 1633 1584 1696 nosue
1602 1644 1737 1697 camere
1759 1621 1882 1695 uncias
1901 1619 1980 1693 auri

567 1755 707 1820 centum
727 1756 923 1842 componat,
941 1749 1072 1842 prelato
1092 1757 1209 1822 nostru
1225 1759 1353 1822 statuto
1367 1758 1403 1822 et
1416 1749 1525 1844 gratia
1543 1749 1580 1820 in
1593 1769 1659 1822 suo
1674 1747 1797 1820 robore
1812 1765 1981 1842 4444444-

569 1893 662 1943 sura.
682 1869 738 1944 Ad
755 1871 861 1964 hujus
876 1871 984 1965 igitur
998 1873 1105 1945 nostri
1123 1873 1259 1965 statuti,
1280 1874 1510 1970 exemptionis
1529 1883 1565 1947 et
1585 1871 1853 1946 confirmationis
1873 1870 1982 1942 robur

568 2003 736 2090 perpetuo
765 1995 951 2066 valiturum
971 2017 1112 2089 presens
1132 1996 1353 2090 privilegium
1378 2005 1533 2070 44444444
1562 2017 1625 2094 per
1650 2019 1775 2070 manus
1796 1994 1914 2069 Iacchi
1935 1993 1982 2066 de

570 2119 710 2192 Catania
734 2118 858 2190 notarii
876 2127 912 2190 et
932 2117 1044 2190 tidelis
1062 2119 1169 2192 nostri
1183 2119 1287 2192 scribi
1302 2129 1337 2194 et
1348 2119 1461 2216 sigillo
1478 2121 1666 2216 majestatis
1680 2129 1798 2193 444444
1809 2117 1982 2211 jussimus

571 2241 793 2334 communiri,
808 2263 918 2332 anno,
936 2263 1055 2314 mense
1067 2251 1102 2314 et
1115 2241 1304 2316 indictione
1320 2244 1536 2340 subscriptis.

618 2367 745 2438 Datum
759 2365 864 2460 Fugie
877 2373 956 2460 post
972 2366 1104 2438 curiam
1118 2367 1235 2462 Capue
1255 2368 1460 2442 celebratam
1476 2367 1549 2465 (l),
1568 2388 1660 2441 auno
1675 2367 1854 2440 Dominice
1869 2365 1983 2438 44444-

571 2489 720 2562 nationis
736 2489 918 2562 millesimo
933 2489 1171 2564 ducentesimo
1189 2489 1364 2586 trigesimo
1381 2492 1514 2588 primo,
1537 2491 1726 2566 indictione
1739 2499 1881 2586 quarta,
1901 2511 1982 2584 reg·

570 2623 675 2687 nante
688 2614 829 2686 domino
846 2625 962 2688 nostro
976 2615 1157 2690 Fredericu
1170 2617 1233 2690 Dei
1245 2619 1355 2712 gratia
1367 2619 1597 2692 Romanorum
1612 2617 1829 2714 imperatore,
1845 2635 1984 2710 semper

570 2748 719 2832 augusto
731 2747 767 2810 et
780 2759 862 2834 rege
875 2739 1007 2832 Sicilie,
1026 2741 1162 2836 imperii
1176 2741 1253 2834 ejus
1265 2763 1357 2814 anno
1370 2741 1540 2836 vigesimo
1553 2743 1665 2838 primo
1682 2741 1696 2838 (
1719 2740 1767 2838 ¹),
1784 2739 1881 2836 regui
1897 2759 1984 2812 vero

571 2861 686 2935 Sicilie
700 2885 791 2936 anno
810 2863 985 2958 trigesimo
1001 2865 1121 2956 tertio,
1141 2865 1296 2940 feliciter.
1317 2864 1428 2940 Amen
1443 2865 1508 2962 (2).

609 3222 645 3296 (4)
663 3223 750 3298 liuius
762 3223 847 3282 curie
863 3224 936 3282 44444
951 3225 1023 3299 apud
1035 3225 1183 3298 scriptores
1201 3239 1309 3284 4444444
1325 3241 1378 3284 444
1395 3226 1478 3284 444444
1493 3225 1523 3282 in
1537 3225 1611 3284 lticc.
1623 3224 1658 3282 de
1671 3224 1700 3282 S.
1716 3223 1811 3282 Germ.
1823 3223 1927 3282 menu'o
1940 3222 1982 3282 dt.

570 3322 638 3378 Cum
654 3327 744 3378 autem
758 3321 904 3395 imperator
921 3321 1044 3394 Anagnia
1058 3321 1165 3380 rediens
1177 3338 1271 3380 mense
1281 3323 1429 3397 septembri
1443 3327 1512 3382 4234
1530 3322 1602 3396 apud
1615 3323 1734 3396 Capuam
1746 3321 1899 3380 substiterit
1912 3319 1983 3394 (rid.

572 3435 654 3492 supra
665 3435 692 3491 p.
708 3418 788 3492 249),
803 3418 932 3492 aruspicari
943 3419 1006 3476 44444
1019 3419 1057 3476 ihi
1072 3419 1175 3476 curiam
1188 3419 1233 3477 illo
1246 3426 1367 3494 tempora
1382 3419 1544 3477 celebratam
1556 3419 1654 3492 luisse,
1669 3419 1746 3494 cujus
1757 3419 1914 3478 memoriam
1928 3433 1985 3475 nun

571 3521 747 3572 seruauerunt
756 3515 884 3574 historici.
897 3513 939 3572 44
949 3531 1014 3574 auu.
1026 3518 1092 3574 4224
1103 3557 1111 3586 ,
1123 3531 1217 3574 meuse
1233 3515 1384 3586 februario,
1399 3531 1453 3590 quo
1467 3516 1579 3574 alterium
1597 3517 1686 3576 eidem
1703 3515 1864 3574 monasterio
1876 3513 1987 3589 priuile-

571 3613 644 3686 gium
658 3611 761 3669 Salerni
773 3611 866 3669 datum
880 3611 1067 3684 exhibuimus,
1083 3611 1155 3670 44444
1176 3627 1284 3688 quoque
1297 3619 1340 3670 sat
1358 3613 1428 3672 bene
1444 3615 1612 3686 4444444444,
1626 3614 1679 3673 uisi
1693 3619 1771 3672 44444
1783 3611 1988 3688 chronologicae

571 3717 600 3767 44
613 3716 689 3768 tenor
702 3709 785 3768 etiam
798 3711 929 3785 privilegii
945 3711 1092 3769 obstarent.

603 3791 646 3881 ’(2)
664 3807 730 3865 Cum
742 3809 815 3865 desit
827 3809 931 3866 4444444
943 3809 1054 3880 mensis,
1065 3815 1095 3865 et
1105 3825 1194 3867 annus
1204 3809 1310 3884 imperii
1321 3825 1371 3884 pru
1382 3809 1525 3868 undecimo
1535 3811 1686 3884 4444444444
1692 3812 1801 3886 prium
1811 3810 1902 3868 444444
1911 3815 1989 3868 recte

572 3904 608 3962 sit
620 3895 777 3979 expiessus,
794 3921 856 3963 cunr
869 3905 982 3981 insuper
997 3905 1071 3962 nulla
1084 3906 1161 3980 regni
1174 3905 1411 3980 hierosolymitani
1426 3907 1528 3965 4444444
1541 3907 1589 3964 liat
1602 3923 1654 3964 nec
1668 3907 1696 3964 in
1709 3905 1788 3965 titulo
1804 3922 1856 3964 nec
1870 3905 1900 3963 in
1914 3905 1991 3964 notis

573 4003 778 4076 chronologicis,
793 4003 847 4062 hoc
860 4003 1053 4062 documentum
1064 4003 1143 4060 ualde
1154 4009 1312 4077 asspectum
1324 4001 1421 4062 hebuit
1431 4005 1613 4072 4444444444,
1628 4003 1730 4078 1444444.
1747 4005 1858 4080 imper,
1873 4019 1902 4078 p.
1917 4005 1986 4074 tta,

571 4113 602 4155 n·
615 4103 678 4171 444,
690 4100 738 4174 qui
750 4100 785 4158 ad
796 4115 916 4158 44444444
935 4101 1036 4158 maium
1053 4099 1138 4172 buius
1149 4099 1213 4156 anni
1227 4103 1292 4158 4244
1313 4114 1344 4157 ss
1361 4099 1452 4158 refert
1463 4101 1603 4174 Nosuero,
1618 4100 1692 4160 omui
1706 4117 1736 4160 re
1750 4115 1898 4176 perpensa,
1914 4099 1990 4156 idem
2081 4097 2084 4102 '

572 4199 640 4254 inter
653 4197 802 4256 adulterina
812 4198 923 4256 minime
936 4197 1111 4270 reiiciendum
1122 4213 1276 4256 censemus.
1288 4196 1391 4255 Titulus
1403 4213 1510 4272 quoque
1523 4199 1599 4272 regni
1612 4197 1849 4274 hierosolymitani
1855 4196 1991 4256 omittitur

572 4296 599 4351 in
613 4295 764 4368 priuilegio,
780 4295 858 4370 plane
876 4303 966 4354 444444
984 4295 1153 4367 authentico,
1168 4295 1240 4370 quod
1253 4311 1335 4370 supra
1347 4311 1441 4354 mense
1454 4293 1525 4354 maio
1542 4299 1611 4354 4244
1625 4295 1758 4354 edidimus
1773 4295 1844 4370 (vid.
1859 4312 1888 4370 p.
1906 4295 1988 4366 4944);

572 4393 606 4450 ad
625 4392 790 4450 lehruarium
805 4399 895 4452 autem
915 4393 1086 4452 verisimilium
1103 4393 1274 4468 privilegium
1285 4409 1399 4452 cavense
1411 4395 1547 4468 pertinere
1560 4391 1707 4466 videbitur,
1722 4391 1747 4451 44
1760 4393 1821 4467 quis
1832 4391 1991 4450 documenti

574 4491 757 4563 praecedentis
770 4498 849 4550 notas
860 4492 1071 4566 chronologicas,
1087 4499 1169 4568 prout
1183 4491 1358 4564 444444444444,
1375 4491 1523 4550 admiserit.
