4710 6076
535 622 596 684 320
1060 623 1231 688 llliNlllCl
1256 627 1423 690 stratur
1764 633 1844 711 [clxx.
1863 635 1949 696 laet.

586 762 671 832 Acta
687 768 768 832 sunt
788 759 852 832 hec
869 781 962 832 anuo
979 761 1117 834 Domini
1131 765 1177 838 Μ.
1196 765 1259 838 CC.
1276 767 1399 858 xxvt,
1422 765 1611 840 indictione
1631 767 1706 859 XV,
1728 770 1826 863 regui
1844 771 1951 844 nostri

537 907 628 958 auno
648 893 747 957 sexto
761 883 826 980 (l).

787 1199 801 1206 ,
809 1197 1379 1209 *m
1387 1197 1707 1212 -ιψ--ψ--ι-ο--ί

346 1533 353 1564 ,
397 1486 497 1576 ‘purim’
590 1453 774 1536 llenrious
790 1453 1050 1535 Romanorum
1063 1479 1129 1534 rex
1144 1453 1337 1536 canonicis
1350 1452 1592 1563 aquensibus
1605 1455 1778 1538 concedit
1792 1465 1836 1537 ut
1852 1455 1949 1564 qui-

366 1583 404 1620 '⁸
421 1583 438 1622 ¹¹
450 1583 475 1622 ¹⁵·
536 1587 629 1670 libet
644 1587 849 1670 canonicus
868 1587 1039 1696 quinque
1052 1595 1090 1668 et
1106 1587 1274 1670 decanus
1293 1611 1427 1670 eorum
1444 1587 1575 1670 decem
1593 1612 1728 1696 porcos
1745 1587 1897 1670 mittant
1910 1587 1949 1668 iu

537 1747 672 1803 nemus
694 1747 807 1803 suum
830 1721 935 1829 quod
953 1729 1197 1829 nuncupatur
1215 1721 1374 1830 Supulia
1391 1730 1430 1804 et
1451 1721 1490 1800 in
1509 1720 1585 1802 elic
1607 1746 1763 1803 nemora
1786 1722 1836 1803 ad
1853 1721 1951 1802 civi-

537 1863 652 1936 tatem
670 1853 883 1964 llquensem
897 1853 1197 1960 pertinentieubi
1211 1879 1353 1962 pascue
1366 1879 1570 1962 porcorum
1582 1861 1761 1962 poterunt
1773 1851 1945 1936 inueniri.

618 2070 717 2150 (Edld.
738 2071 929 2144 Lucosmnnr,
953 2066 1139 2130 llrluudcclt.
1154 2065 1272 2148 sitrdie
1292 2066 1390 2130 caat.
1410 2067 1458 2130 dea
1471 2066 1636 2143 Nicdcrrl„
1651 2087 1708 2131 zw.
1732 2069 1827 2142 aaut,
1849 2087 1880 2147 p.
1898 2079 1947 2143 tt,

655 2186 688 2238 m
705 2175 785 2256 rte.)

587 2365 628 2434 Η.
645 2361 708 2435 Dei
724 2365 833 2457 gratia
852 2363 1083 2436 Romanorum
1104 2385 1168 2435 rex
1190 2373 1225 2436 et
1246 2385 1382 2459 sempor
1402 2373 1583 2458 augustus.
1603 2361 1658 2437 Aa
1680 2361 1842 2436 noticiam
1866 2363 1950 2434 uui-

535 2509 714 2560 versorum
740 2508 787 2560 ex
814 2487 1045 2560 insinuatione
1066 2487 1277 2582 presentium
1301 2487 1463 2582 cupimus
1486 2487 1667 2583 pervenire
1696 2486 1791 2582 quod
1814 2507 1877 2559 nos
1899 2497 1950 2560 at-

535 2611 714 2684 tendentes
737 2611 904 2684 sinceram
930 2611 1150 2685 devotionem
1169 2633 1210 2684 ac
1235 2612 1421 2707 specialem
1440 2611 1687 2707 promotionem
1710 2633 1815 2706 quam
1832 2609 1948 2684 dilecti

537 2737 655 2809 fideles
673 2735 779 2808 nostri
801 2735 956 2808 canonici
982 2745 1017 2808 et
1041 2736 1210 2831 capellani
1227 2735 1333 2809 nostri
1360 2736 1526 2830 speciales
1549 2735 1728 2830 Aquenses
1746 2734 1791 2807 ab
1806 2734 1949 2830 imperio

535 2871 570 2932 et
587 2860 687 2933 nobis
700 2861 828 2933 habere
841 2869 1013 2951 tenentur,
1030 2883 1077 2932 cx
1097 2881 1192 2933 mera
1204 2859 1417 2954 benignitate
1432 2859 1526 2954 regia
1542 2859 1766 2932 concedimus
1783 2869 1818 2932 et
1834 2859 1949 2934 indul·

538 3007 659 3078 gemus
682 2984 884 3057 auctoritate
901 2984 1108 3078 presentium
1129 2991 1168 3056 ut
1187 2984 1335 3078 quilibet
1352 2983 1539 3057 canonicus
1562 2983 1719 3077 quinque
1738 2993 1773 3055 et
1796 2984 1950 3056 decanus

538 3109 738 3182 eorumdem
755 3107 873 3180 decem
888 3128 1010 3203 porcos
1028 3107 1164 3179 mittant
1182 3107 1217 3178 in
1232 3129 1354 3180 nemus
1369 3117 1523 3179 nostrum
1538 3105 1686 3202 speciale
1701 3107 1797 3202 quod
1814 3109 1947 3202 vulgari

539 3233 676 3307 nomine
694 3240 915 3327 nuncupatur
926 3230 1068 3326 Supulia
1091 3227 1144 3328 (2)
1161 3240 1195 3303 et
1210 3231 1246 3303 in
1261 3231 1329 3304 alia
1344 3251 1484 3303 nemora
1498 3230 1543 3303 ad
1562 3231 1735 3304 civitatem
1753 3229 1947 3327 Aquensem

538 3357 762 3453 pertinentia,
782 3378 862 3427 cum
879 3377 1009 3452 pascua
1033 3377 1216 3451 porcorum
1230 3355 1266 3427 in
1281 3354 1413 3428 eisdem
1428 3355 1628 3428 nemoribus
1642 3355 1768 3428 nostris
1788 3365 1949 3452 poterunt

539 3479 699 3554 inveniri.
716 3481 802 3554 lude
819 3480 979 3576 estquod
999 3480 1201 3552 auctoritate
1221 3479 1317 3574 regia
1334 3477 1529 3552 firmissime
1543 3488 1577 3551 et
1594 3480 1661 3552 sub
1676 3487 1818 3576 optentu
1840 3481 1949 3574 gratie

538 3615 651 3680 nostre
671 3605 868 3678 inhibemus
888 3605 1049 3678 omnibus
1063 3603 1222 3677 officiatis
1241 3604 1366 3677 nostris
1380 3604 1440 3698 qui
1456 3626 1518 3700 pro
1541 3613 1693 3700 tempore
1709 3604 1837 3676 luerint
1853 3604 1948 3700 apud

536 3731 790 3825 ,lquisgranum
814 3752 859 3802 ne
878 3737 1083 3802 memoratos
1105 3729 1293 3821 decanum,
1312 3728 1494 3802 canonicos
1507 3737 1541 3801 et
1563 3729 1730 3825 speciales
1754 3731 1949 3825 capellanos

537 3863 670 3927 nostros
684 3853 720 3926 in
733 3853 900 3950 prelibata
914 3854 1135 3926 concessione
1150 3863 1278 3944 nostra,
1295 3877 1366 3949 quc
1380 3862 1536 3950 respectu
1558 3852 1736 3948 dignitatis
1749 3863 1863 3928 nostre
1876 3877 1947 3928 ma·

533 3978 666 4070 jastatis
680 3977 762 4052 satis
782 3978 919 4051 modica
939 3999 1015 4050 esse
1034 3977 1243 4069 dinoscitur,
1271 3987 1472 4074 presumant
1486 3979 1521 4050 in
1540 3977 1657 4072 aliquo
1669 3977 1850 4074 impedire,
1865 3979 1948 4075 quia

537 4103 749 4176 intendimus
768 4112 802 4174 et
825 4113 981 4175 tenemur
1003 4111 1199 4198 prenotatos
1220 4101 1416 4194 canonicos,
1430 4101 1725 4198 quemadmodum
1743 4103 1946 4198 prelibatum

501 4291 505 4298 .
537 4249 612 4300 osse
638 4226 842 4317 dinoscitur,
859 4226 894 4298 in
916 4227 1079 4299 omnibus
1103 4247 1174 4322 que
1196 4225 1318 4299 honori
1346 4226 1498 4322 ipsorum
1524 4249 1566 4299 ac
1592 4226 1728 4300 utilitati
1754 4225 1948 4299 conducere

538 4361 697 4448 poterunt
710 4371 923 4446 promovere.
938 4349 973 4422 Si
987 4351 1048 4445 qui
1061 4371 1145 4423 vero
1158 4350 1265 4423 nostri
1277 4349 1404 4424 luerint
1417 4351 1555 4423 officiati
1569 4351 1746 4446 Aquenses
1756 4350 1817 4445 qui
1830 4359 1948 4423 contra

573 4660 610 4734 (4)
627 4659 695 4719 Vide
712 4673 793 4732 supra
807 4674 836 4732 p.
847 4659 910 4728 348,
921 4663 977 4716 not.
994 4663 1019 4714 t.

572 4758 607 4832 (2)
624 4755 783 4814 Germanice
791 4754 969 4814 Socdcrwold
981 4755 1128 4813 sireetiam
1144 4751 1352 4826 Kommerforat.
