4658 6132
408 624 511 686 burm.
526 619 571 705 2]
861 616 1059 682 HISTORIA
1082 613 1372 680 blououurlcu
1604 701 1612 718 .
1762 619 1817 684 101

410 759 483 832 lise
504 766 540 832 et
555 756 625 831 alia
645 755 714 838 hiis
732 755 858 830 similia
876 751 948 850 que
968 753 1112 852 longum
1130 763 1220 830 esset
1240 753 1380 828 narrare
1401 753 1645 850 proposuimus
1659 775 1707 830 ex
1721 765 1819 854 parte

410 903 489 954 sua.
507 881 627 968 ouen
644 889 762 954 auam
779 879 887 954 reuera
903 857 1210 954 laurisannum
1224 879 1290 952 sno
1305 877 1342 950 n
1356 877 1593 954 rasarone
1608 879 1694 954 aum
1711 880 1818 954 verna

411 1025 482 1100 que
497 1003 714 1100 prediximus
728 1003 953 1078 recitarentur
967 999 1138 1078 nmvusis
1158 1002 1353 1076 christianis
1375 1011 1411 1076 et
1428 1002 1550 1076 ineolis
1568 1003 1736 1098 civitatis,
1754 1005 1818 1078 vix

409 1137 526 1224 posset
542 1127 708 1224 explioari
722 1149 880 1206 sermone
895 1127 961 1226 (l).
979 1127 1055 1200 uiis
1068 1127 1115 1201 ita
1131 1127 1291 1225 peractis,
1310 1126 1407 1200 venit
1421 1125 1479 1200 die
1496 1127 1579 1201 lune
1591 1130 1748 1225 sequenti
1763 1125 1818 1204 ar·

410 1249 652 1348 obiepisoopus
678 1251 885 1328 Cesarierffl
903 1252 1031 1326 missus
1050 1274 1072 1325 a
1091 1251 1233 1325 domino
1252 1249 1447 1346 patriarcba
1461 1259 1497 1324 et
1511 1251 1692 1326 eeclesiam
1709 1255 1819 1326 sandi

409 1378 589 1475 Sepulchri
605 1385 641 1451 et
662 1376 779 1450 omnia
793 1376 869 1450 loca
882 1385 1000 1452 saneta
1016 1375 1131 1474 posuit
1147 1376 1215 1449 snb
1230 1374 1426 1466 interdicto,
1443 1397 1507 1471 pro
1522 1398 1593 1472 quo
1611 1387 1703 1452 totns
1717 1399 1818 1452 exer·

410 1502 499 1576 dtus
510 1503 577 1575 init
590 1501 695 1576 valde
710 1500 867 1573 turbatus
879 1509 914 1574 et
925 1509 1043 1574 oonuu
1057 1499 1244 1574 Ecclesiam
1259 1497 1474 1594 indignatus,
1493 1500 1577 1594 quia
1592 1501 1696 1574 etiarn
1710 1521 1819 1596 qnare

409 1625 476 1700 boo
491 1628 619 1700 iactum
628 1635 720 1700 esset
732 1625 862 1698 nullam
874 1623 1072 1699 evidentem
1088 1645 1228 1698 musam
1244 1622 1405 1698 ostendit.
1421 1623 1522 1698 Unde
1536 1625 1640 1698 etiam
1655 1624 1819 1700 dominus

409 1749 594 1846 imperator
618 1758 809 1823 oommotus
830 1748 924 1820 misit
945 1769 1010 1844 pru
1034 1747 1111 1845 ipso
1129 1747 1388 1845 archiepiscopo
1405 1747 1594 1823 Cesuriemi
1615 1749 1677 1844 qni
1701 1758 1816 1824 tamen

409 1895 480 1947 non
496 1874 689 1970 eompuruit
704 1881 739 1947 et
758 1893 822 1970 pro
842 1872 1004 1948 omnibns
1022 1873 1176 1970 prelatis,
1198 1881 1234 1946 st
1249 1880 1457 1968 conquestus
1472 1881 1524 1946 est
1547 1873 1686 1969 publioe
1701 1895 1816 1948 uorum

408 1997 460 2071 eis
475 1998 572 2093 quod
584 1999 660 2072 loca
675 2005 795 2072 sancta
810 2017 881 2092 que
893 1995 955 2072 din
972 1997 1039 2070 sub
1056 1994 1223 2094 potestate
1241 1999 1505 2071 Sanaoenorum
1519 1997 1658 2070 inerunt
1671 2004 1706 2070 st
1722 1989 1816 2069 nnuc¹

408 2131 522 2196 essent
535 2119 657 2195 divino
671 2121 803 2195 anxilio
824 2121 981 2214 liberata,
1007 2121 1153 2195 luissent
1176 2121 1288 2218 positu
1308 2121 1376 2194 snb
1398 2119 1580 2196 interdicto
1594 2141 1657 2218 per
1675 2121 1816 2218 patriar

408 2245 523 2350 ubam.
533 2245 725 2343 captivitati
748 2245 886 2320 miserie
904 2245 1049 2342 pristine
1069 2246 1226 2320 restituta
1248 2265 1296 2319 ex
1315 2244 1426 2318 divini
1448 2243 1552 2318 officii
1568 2243 1811 2342 prohibitione.

406 2367 678 2444 Assernitetiam
691 2370 828 2466 quodsi
844 2370 920 2467 ipse
929 2369 987 2444 vel
998 2369 1126 2465 aliquis
1138 2389 1280 2442 suorum
1293 2369 1522 2466 patriarcham
1534 2369 1570 2442 in
1580 2369 1697 2465 aliquo
1708 2369 1815 2444 oden·

407 2493 552 2586 dissum,
566 2515 605 2568 se
615 2492 1240 2590 velletomninoproindeeommittere
1248 2513 1367 2567 eurum
1381 2492 1523 2566 arbitrio
1534 2494 1759 2567 etvoluutati.
1773 2494 1816 2566 lit

406 2617 457 2690 sic
475 2617 521 2692 de
542 2617 798 2692 reedifieatione
819 2617 970 2692 civitatis
989 2617 1133 2692 sollicite
1155 2617 1341 2716 disposito,
1359 2615 1436 2714 ipso
1458 2617 1517 2692 die
1537 2639 1659 2692 versus
1681 2619 1815 2716 ioppen

406 2739 522 2814 rediit.
551 2741 786 2816 Intelleximus
813 2750 929 2818 antem
959 2741 1180 2840 postmodum
1205 2741 1302 2838 quod
1329 2740 1492 2816 dominus
1516 2741 1709 2838 patriarcba
1735 2741 1815 2817 ideo

406 2864 595 2938 Jerusalem
610 2873 645 2939 et
657 2867 733 2940 loca
748 2876 867 2940 saneta
880 2865 997 2962 posuit
1009 2865 1077 2938 snb
1091 2863 1273 2938 interdicto
1293 2863 1389 2960 quod
1407 2865 1584 2940 Sanaceni
1598 2864 1765 2940 baberent
1777 2867 1814 2940 in

405 2987 564 3062 custodia
580 2990 748 3086 templum
767 2989 904 3064 Domini
924 2999 960 3064 et
982 2989 1149 3088 templum
1169 2989 1362 3064 Salomonis
1386 2999 1421 3064 el
1436 2990 1533 3086 quud
1548 2989 1597 3063 ibi
1614 2991 1672 3064 lex
1693 3013 1813 3066 sorum

405 3111 572 3187 clamatur
595 3113 641 3186 ab
661 3114 712 3188 eis
729 3127 765 3188 et
785 3114 920 3188 oolitur.
943 3114 1036 3188 Sciat
1058 3122 1174 3187 antem
1202 3112 1363 3188 discretio
1378 3123 1494 3190 vestra
1519 3115 1615 3210 quod
1635 3117 1813 3190 Smraoeni
1862 3149 1865 3156 λ

404 3237 571 3333 templum
590 3237 704 3334 ipsum
720 3238 817 3313 ulitur
832 3260 901 3312 non
922 3247 1038 3312 tenent
1057 3237 1124 3310 nisi
1137 3237 1233 3333 quod
1250 3237 1353 3334 pauci
1367 3237 1562 3313 sacerdotes
1577 3259 1696 3312 eorum
1713 3261 1813 3314 senes

404 3368 440 3432 st
458 3360 535 3434 sine
560 3361 665 3434 armis
687 3361 827 3434 suntin
850 3363 926 3458 ipsa
949 3361 1053 3437 domo
1069 3383 1132 3458 pro
1157 3362 1312 3436 oratione
1337 3361 1496 3436 iacienda
1526 3373 1560 3436 et
1582 3362 1686 3436 domo
1711 3385 1812 3436 mun·

404 3483 521 3558 danda
533 3485 598 3582 (2).
616 3487 781 3560 Homines
799 3497 914 3560 autem
928 3487 1143 3584 imperatoris
1157 3485 1358 3560 custodiunt
1373 3495 1407 3560 et
1422 3485 1560 3561 firmant
1576 3498 1692 3585 portas
1709 3497 1815 3562 exte

403 3607 523 3702 riorus,
542 3609 589 3686 ita
600 3611 698 3708 quud
714 3632 779 3686 neo
794 3611 879 3708 ipsis
890 3611 1086 3688 Sarruoenis
1099 3633 1165 3686 neo
1175 3611 1252 3686 aliis
1264 3612 1424 3686 introitus
1440 3620 1534 3708 patet
1548 3613 1605 3686 vel
1617 3613 1734 3686 exitus
1745 3613 1812 3685 nisi

437 3968 473 4044 (4)
493 3969 551 4028 lloo
567 3985 675 4046 quoque
694 3977 808 4031 metatur
824 3973 901 4032 llatt.
915 3973 1013 4047 Par-is,
1025 3974 1060 4032 ad
1076 3989 1151 4046 ann,
1165 3991 1195 4049 p.
1208 3976 1271 4046 ild,
1286 3973 1330 4033 bis
1342 3973 1450 4033 ambisa
1463 3995 1477 4030 a
1491 3974 1619 4034 Praelatis
1631 3977 1743 4050 singulis
1757 3983 1811 4036 um

402 4086 417 4120 a
431 4066 582 4126 minoribns
594 4085 675 4144 quam
688 4069 836 4143 majoribus
848 4085 881 4130 ao
897 4071 962 4129 uiris
978 4070 1123 4146 religiosis,
1137 4070 1258 4130 eeclesiis
1277 4071 1335 4130 suis
1346 4071 1398 4130 sibi
1411 4071 1542 4130 restitutis
1557 4079 1586 4130 et
1597 4075 1812 4148 possessionibus

401 4183 417 4220 a
429 4165 554 4240 antiquis,
561 4167 739 4240 gaudentibus
744 4169 847 4226 cunetis
858 4183 941 4244 super
951 4168 1087 4228 benefldis
1097 4169 1197 4228 diuinis
1208 4185 1277 4243 mnas
1285 4175 1392 4244 praeter
1404 4184 1481 4244 spem
1494 4170 1614 4228 omnium
1625 4173 1809 4232 aeciderunt...

400 4267 542 4337 »eratque
560 4269 633 4322 taum
647 4265 718 4322 iuter
734 4281 828 4324 omnes
847 4265 1006 4324 obristianos
1025 4265 1154 4324 exultatio
1173 4272 1204 4323 ut
1220 4265 1376 4326 viderentur
1391 4267 1506 4326 terrenis
1526 4267 1645 4326 caelestia
1661 4271 1809 4344 missoria

399 4359 450 4450 nisi
463 4359 537 4434 quod
547 4367 621 4420 errat
636 4363 745 4421 omnino
757 4379 841 4437 qum
853 4367 955 4421 mearat
972 4357 991 4420 α’
1004 4361 1169 4438 patriarcba
1180 4361 1309 4440 tenplum
1322 4365 1448 4435 bomini,
1463 4363 1602 4423 eeclesiam
1616 4367 1701 4425 sancd
1716 4369 1813 4446 Sepul-

398 4455 466 4527 chri,
479 4463 508 4515 et
518 4457 644 4516 uniuersa
655 4459 714 4517 luca
725 4465 816 4518 mnata
829 4475 879 4534 per
889 4458 1101 4535 pnridoationem
1113 4466 1179 4518 tuno
1191 4460 1320 4536 temporis
1328 4462 1386 4520 uso
1397 4462 1567 4522 reuunuiliuta
1573 4463 1706 4524 luisse-
1714 4467 1754 4526 Gi.
1764 4469 1811 4526 Al·

398 4547 483 4610 berlai
495 4553 573 4612 uon.
589 4554 716 4614 ommes.
729 4571 774 4630 ap.
783 4557 929 4628 lurum,
943 4557 1043 4616 Am.
1055 4557 1161 4629 lum..
1176 4563 1197 4616 t.
1212 4557 1247 4630 11,
1258 4574 1287 4633 p.
1301 4561 1365 4616 sau.

433 4649 468 4724 (i)
488 4651 556 4710 Tres
567 4657 680 4726 tanturn,
691 4653 761 4711 siout
773 4653 871 4729 legitur
883 4655 912 4713 in
926 4655 1037 4715 tloutiu.
1048 4655 1135 4715 Goill.
1147 4656 1285 4730 immo,
1292 4671 1321 4730 p.
1335 4658 1398 4716 m.
1410 4675 1424 4711 a
1434 4655 1471 4714 La
1483 4654 1537 4714 uite
1549 4656 1584 4714 de
1593 4657 1739 4719 Jerusalem
1746 4679 1807 4720 ren·

397 4765 412 4800 a
426 4746 497 4806 droit
509 4766 559 4826 par
571 4751 607 4810 tel
619 4758 770 4812 uonreuant
780 4751 845 4828 qu'il
857 4751 866 4811 i
880 4754 967 4814 auroit
979 4753 1045 4814 trois
1055 4753 1193 4815 Sarraains
1203 4769 1255 4830 por
1268 4753 1364 4830 garder
1378 4751 1404 4813 le
1416 4753 1526 4829 Temple
1534 4770 1569 4813 ou
1582 4755 1650 4814 Dian
1661 4757 1689 4815 lu
1700 4759 1804 4816 oberte
