4658 6132
646 623 705 688 1aa
1143 623 1355 690 rarnnarcr
1379 625 1551 688 saccum
1858 623 1945 708 [aaa.
1967 625 2053 691 rasa.

644 765 759 832 vestra
772 767 940 856 perpetuo
956 759 1079 836 letetur
1092 759 1224 836 honore
1245 771 1280 834 et
1301 759 1499 835 memoriale
1515 765 1669 834 veebum
1686 753 1746 832 fiet
1761 757 1798 830 in
1815 760 2055 854 generationi·

644 882 712 955 bas
727 882 927 976 gloriosum.

693 1007 819 1080 Datum
832 1007 977 1100 Perusii,
998 1007 1059 1081 vll
1079 1007 1160 1084 idus
1173 1007 1388 1105 septembris,
1405 1003 1624 1104 pontificatus
1635 1004 1741 1079 nostri
1751 1025 1844 1078 anno
1856 1005 1975 1079 tertio.

474 1585 584 1694 bida
694 1593 1003 1705 Imperatorcum
1016 1593 1209 1680 tonunato
1217 1594 1565 1706 crucesignatorum
1578 1593 1743 1678 exerdtu
1756 1593 1858 1676 venit
1873 1594 2051 1706 Capuam

440 1690 619 1749 &smffltb

481 1746 576 1842 effi
641 1752 772 1812 mense
785 1727 1008 1837 septembris
1022 1738 1060 1812 et
1074 1726 1125 1810 ab
1141 1728 1214 1810 ista
1229 1736 1336 1838 parte
1354 1727 1481 1836 Capue
1497 1726 1771 1812 Saracenorum
1786 1751 1929 1812 euneos
1943 1728 2050 1812 ordi·

452 1849 603 1960 Um·
640 1859 767 1966 navit,
787 1887 903 1970 seque
919 1859 1115 1970 Neapolim
1137 1861 1315 1966 contulit,
1335 1859 1433 1944 aeris
1449 1867 1487 1942 et
1504 1859 1627 1970 gentis
1649 1885 1673 1942 a
1693 1859 1839 1944 civibus
1857 1861 2049 1944 auxilium

639 1993 873 2102 petiturus...
901 1993 1072 2103 Capuam
1095 1994 1244 2078 rediens
1271 2003 1397 2078 moret
1417 1994 1552 2078 exinde
1577 2002 1703 2076 casua
1728 2019 1799 2077 sua
1823 2003 1861 2076 et
1888 1994 2047 2078 veniens

641 2123 798 2206 Calvum
818 2124 884 2208 ubi
897 2125 1073 2208 nonnulii
1095 2127 1143 2209 de
1156 2126 1283 2236 papali
1300 2127 1464 2214 exercitu
1482 2137 1733 2211 couvenerant
1755 2105 1804 2211 ad
1826 2127 2043 2231 defensam,

638 2255 842 2340 illamsecit
854 2257 1024 2368 undique
1036 2258 1254 2370 impugnari
1267 2268 1305 2343 et
1318 2269 1410 2343 tunc
1426 2267 1556 2368 coptos
1573 2261 1762 2370 quosdam
1774 2261 1822 2343 de
1833 2259 2045 2370 Campania

639 2391 817 2500 suspendi
822 2389 977 2502 jubetet
988 2391 1143 2476 taudem
1157 2391 1315 2475 Calvum
1329 2393 1459 2502 recipit
1472 2393 1522 2476 ud
1534 2393 1759 2476 mandatum
1771 2401 1808 2476 et
1819 2392 2043 2475 fidelitatem

639 2547 763 2606 suam.
775 2523 941 2634 Indeque
954 2549 1032 2607 non
1045 2523 1283 2608 obstantibus
1299 2523 1473 2608 hostibus
1486 2551 1553 2634 per
1561 2523 1743 2608 Riardum
1756 2523 1903 2608 habens
1915 2535 2042 2608 trans·

638 2652 735 2735 itum
751 2655 801 2736 ad
819 2655 996 2737 Sanctam
1018 2655 1173 2739 Marium
1197 2656 1245 2738 dc
1262 2655 1433 2738 Ferraria
1450 2655 1552 2740 venit
1572 2655 1781 2763 indemnia,
1802 2655 1869 2740 ubi
1887 2683 1956 2766 per
1973 2655 2042 2739 tn·-

638 2785 759 2866 duum
782 2812 931 2869 moram
953 2787 1095 2870 faciens
1110 2787 1319 2870 Vairunum
1340 2788 1486 2897 recipit,
1511 2787 1664 2872 Alifium
1687 2799 1725 2874 et
1741 2788 1974 2896 Venafrum,
2004 2797 2040 2870 et

637 2925 757 2998 totam
778 2927 919 3002 terram
939 2919 1106 3004 filiorum
1123 2919 1338 3030 Pandulpbi
1357 2917 1433 3031 (1).
1454 2921 1553 3005 Rrec.
1575 2948 1620 3002 na
1643 2921 1683 3004 S.
1707 2921 1843 3018 Caum,
1864 2919 2034 3005 Ciroaic.

636 3053 689 3130 ad
706 3077 794 3132 arra.

672 3365 708 3441 (t)
724 3367 794 3424 iiuic
802 3367 945 3428 mmadoni
954 3367 1105 3426 addendum
1115 3373 1158 3426 est
1166 3369 1341 3442 fragmentum
1349 3384 1432 3425 unum
1438 3369 1566 3444 anonymi
1578 3383 1659 3444 supra
1672 3369 1768 3427 tauduti
1779 3387 1808 3444 p.
1818 3373 1880 3442 ⁴56,
1889 3377 1946 3429 aot.
1958 3369 2035 3445 aqui

634 3477 726 3520 rerum
737 3462 897 3522 aFriderieo
906 3469 1041 3537 gesunrm
1051 3463 1097 3522 bic
1108 3470 1137 3522 et
1147 3464 1209 3524 aiibi
1218 3479 1249 3522 se
1259 3465 1337 3539 pinne
1347 3470 1452 3524 certum
1460 3465 1571 3522 exhibet
1580 3483 1587 3522 ι
1597 3486 1611 3520 r
1620 3465 1657 3522 lit
1666 3465 1771 3523 d'itiuee
1781 3464 1911 3538 (usmete
1922 3465 2037 3524 tauma

636 3577 650 3613 r
666 3559 703 3617 tio
711 3559 789 3634 juxta
800 3560 943 3636 iioggiam)
960 3567 1019 3618 mut
1031 3567 1060 3620 et
1076 3561 1230 3620 chevaucha
1242 3563 1388 3636 tantqucii
1398 3563 1481 3620 uinta
1493 3561 1587 3637 Cepes.
1596 3562 1702 3636 tejour
1713 3561 1796 3636 queit
1808 3561 1849 3618 tut
1861 3577 1941 3634 veuu,
1952 3562 1971 3620 li
1983 3561 2035 3620 rois

635 3675 649 3710 a
665 3657 788 3714 tehanct
801 3655 917 3731 liquem
930 3657 1201 3716 ThomasdeTbalan
1214 3659 1317 3733 (sede
1330 3659 1440 3734 Caleno)
1458 3665 1487 3718 et
1506 3659 1526 3716 li
1543 3657 1703 3717 cbardonnal
1721 3673 1738 3716 o
1756 3663 1814 3716 tout
1837 3657 1896 3716 l'ost
1911 3659 1949 3716 du
1967 3675 2035 3734 pape

635 3771 649 3807 r
665 3769 695 3812 se
707 3755 837 3829 partirent
845 3755 881 3812 du
892 3755 966 3830 siege
978 3755 1011 3813 de
1025 3755 1102 3815 Caius
1113 3763 1142 3814 et
1153 3757 1263 3816 ardrant
1277 3757 1317 3816 lor
1331 3758 1425 3832 cupas
1438 3763 1467 3814 et
1477 3757 1535 3815 s'en
1548 3756 1649 3814 alerent
1665 3773 1682 3814 a
1698 3755 1753 3814 Alii
1765 3761 1793 3814 et
1806 3755 1910 3813 d'itiuec
1924 3759 1942 3815 si
1954 3759 2034 3815 Tiane

634 3868 649 3904 a
663 3849 808 3925 (reanum).
817 3852 906 3923 Queat
917 3852 935 3909 ti
949 3868 1102 3928 empereres
1113 3859 1142 3912 ot
1153 3859 1210 3912 este
1222 3869 1238 3911 a
1248 3853 1333 3928 Capes
1346 3855 1373 3910 Χ
1385 3853 1470 3926 jours,
1480 3853 1504 3910 si
1517 3852 1575 3910 s'eu
1588 3852 1657 3926 parti
1674 3857 1703 3910 ct
1718 3851 1760 3910 ata
1774 3867 1791 3910 a
1803 3867 1839 3908 uu
1849 3851 1953 3911 chestet
1963 3853 2034 3926 qrria

634 3965 649 4002 r
665 3963 728 4007 nom
739 3949 809 4008 Cave
821 3949 947 4024 (Calvum)
960 3956 988 4008 et
998 3950 1035 4007 n’i
1050 3950 1078 4007 tu
1089 3966 1142 4025 que
1156 3951 1192 4008 111
1201 3952 1278 4022 lours
1288 3955 1316 4008 et
1325 3965 1360 4008 au
1372 3954 1451 4024 quart
1468 3950 1492 4008 si
1507 3950 1536 4007 fu
1553 3949 1666 4021 rendns;
1687 3954 1716 4007 ct
1725 3949 1831 4008 d’ittuec
1843 3949 1902 4008 s’cn
1912 3965 1991 4024 passa
2001 3964 2032 4008 au

634 4045 1713 4122 aptaindeFerrare.Sitoctcommeticmpererusiupcnsezenceptain,li
1730 4045 1815 4105 cndu
1834 4045 2033 4120 papcsapsrti

633 4161 648 4198 a
661 4143 696 4200 de
705 4144 787 4202 Tinna
798 4149 826 4202 et
834 4144 940 4204 s’enata
950 4160 968 4204 a
979 4144 1202 4203 seint-Cumara
1216 4145 1304 4214 Queat
1319 4144 1359 4202 lea
1371 4159 1436 4216 gens
1450 4143 1504 4201 dou
1519 4143 1580 4216 pais
1591 4143 1679 4201 viram
1692 4142 1773 4216 qrrcti
1787 4158 1819 4200 oz
1830 4142 1866 4200 du
1881 4159 1952 4218 pape
1964 4143 2033 4201 croit

632 4242 754 4316 »guerpi
766 4241 792 4298 la
804 4241 880 4316 piare
889 4248 918 4301 ct
928 4241 1058 4301 s'cnatoit
1069 4242 1168 4301 doram
1177 4241 1343 4315 t’emperucr,
1353 4240 1377 4300 si
1387 4239 1512 4298 rindrent
1524 4256 1541 4298 a
1553 4239 1636 4298 merci
1651 4245 1679 4297 et
1695 4255 1725 4298 se
1738 4239 1876 4298 randireut
1891 4255 1908 4298 a
1924 4239 1973 4311 tui,
1985 4253 2032 4296 em

633 4359 648 4394 r
661 4344 691 4396 et
699 4339 739 4396 ior
747 4347 840 4398 terres.
853 4340 881 4398 Si
892 4357 945 4414 quc
956 4340 974 4398 it
987 4355 1115 4400 moouvra
1123 4339 1224 4398 dedens
1236 4340 1284 4397 1111
1294 4341 1372 4413 Jours
1382 4355 1435 4413 que
1449 4339 1517 4396 citez
1533 4353 1587 4412 que
1597 4337 1732 4396 obustiaus
1746 4337 1807 4412 ptus
1824 4336 1859 4394 de
1871 4337 1896 4394 11
1908 4352 1974 4396 oens
1986 4335 2031 4410 qui

634 4455 649 4490 s
663 4433 788 4494 l'avoient
795 4437 899 4510 guerpi,
913 4441 941 4498 et
949 4435 1003 4495 turs
1012 4452 1042 4494 se
1053 4437 1122 4511 parti
1134 4437 1240 4495 d’ittuec
1253 4441 1281 4495 et
1293 4437 1352 4495 s'en
1363 4437 1405 4494 ala
1418 4435 1665 4496 aSeinthrmaiu.
1673 4435 1737 4492 Ensi
1753 4449 1858 4492 comme
1873 4432 1893 4490 il
1909 4439 1985 4492 entra
1998 4448 2032 4491 eu

635 4531 753 4594 »avus
765 4531 799 4589 de
811 4532 882 4590 l’une
895 4537 957 4606 part
966 4539 995 4591 et
1011 4533 1029 4590 ii
1047 4533 1088 4592 otz
1106 4534 1159 4592 dou
1170 4549 1240 4609 pape
1250 4533 1309 4592 s'en
1319 4533 1364 4592 usi
1376 4533 1410 4592 dc
1426 4532 1528 4604 t’autre,
1543 4537 1571 4590 et
1583 4548 1618 4590 no
1628 4531 1932 4604 s'arresterentjosqaes
1945 4531 1964 4589 it
1975 4529 2032 4590 rin·

635 4648 649 4684 a
665 4628 744 4686 dread
754 4643 770 4684 a
780 4628 874 4701 Rome,
888 4634 916 4686 et
933 4629 958 4686 lu
974 4645 1004 4688 se
1017 4630 1117 4704 partili
1132 4629 1181 4702 ota,
1197 4637 1226 4689 st
1236 4631 1294 4688 s'eu
1306 4630 1347 4690 ata
1363 4646 1398 4688 ea
1413 4631 1514 4690 Franco
1529 4629 1548 4688 ii
1562 4629 1618 4690 nois
1629 4628 1724 4688 teban.
1737 4649 1751 4684 r
1766 4629 1877 4690 Cautio.
1887 4627 1976 4688 sorta
1985 4627 2032 4701 ib·

631 4741 714 4799 rma..
728 4741 764 4785 eu
774 4722 833 4784 cod.
843 4723 939 4784 incdit.
950 4729 1030 4800 stit,
1040 4727 1090 4802 fot.
1103 4729 1305 4788 accremento
1317 4733 1384 4788 rect.
