4710 6076
402 671 498 732 irutcn
517 667 578 746 15.]
859 663 1055 728 HISTORIA
1078 656 1372 724 btvtottdttctt.
1756 654 1815 718 331

402 805 496 902 ipsos
516 803 671 900 recipere
685 799 752 899 (c),
771 801 837 898 ipsi
863 801 995 876 scabini
1013 797 1238 874 nihilominus
1260 793 1466 869 authoritate
1489 801 1606 866 nostm
1623 792 1751 888 pariter
1774 793 1813 867 in

402 929 542 1004 civitate
561 937 678 1004 nostra
698 925 908 1022 jndicarsnt.
929 925 1135 1021 Indulgebat
1153 921 1258 997 etiam
1272 919 1324 994 eis
1346 917 1442 1015 quod
1466 939 1530 1016 pro
1552 917 1744 992 munitione
1764 919 1815 994 ci·

402 1053 520 1128 vitatis
533 1053 591 1128 vel
606 1073 670 1149 pro
691 1051 770 1125 aliis
791 1050 939 1144 negotiis
952 1049 1026 1123 suis
1037 1046 1255 1143 exequendis
1271 1044 1473 1141 episcopum
1491 1065 1595 1120 suum
1612 1051 1654 1116 ut
1672 1065 1733 1118 ecs
1749 1045 1816 1138 ju·

402 1187 501 1252 varst
522 1177 754 1273 requirerent,
775 1173 915 1271 quodsi
930 1174 1114 1271 episcopus
1129 1194 1200 1246 non
1214 1171 1359 1262 faceret,
1375 1169 1442 1266 ipsi
1456 1167 1663 1242 authoritate
1676 1169 1817 1267 propriu

360 1286 362 1290 ⁸
402 1301 579 1376 collectam
603 1303 756 1375 iacerent
772 1309 843 1374 tam
861 1321 967 1396 super
989 1297 1146 1372 homines
1167 1303 1346 1369 manentes
1370 1295 1407 1365 in
1429 1293 1570 1367 civitate
1585 1315 1692 1388 qnam
1712 1314 1818 1391 super

402 1425 561 1501 homines
582 1425 620 1498 in
646 1424 825 1499 suburbiis
849 1431 1044 1515 manentes,
1067 1421 1232 1496 videlicet
1252 1421 1288 1494 in
1314 1421 1427 1514 burgo
1448 1419 1563 1492 Sancti
1584 1419 1700 1493 vitoni
1722 1427 1758 1493 ct
1780 1420 1816 1492 in

402 1549 563 1624 Escantia
580 1547 634 1646 (t)
648 1559 683 1622 et
703 1550 740 1622 in
763 1549 864 1623 Prato
886 1547 1058 1645 episcopi,
1083 1555 1118 1620 et
1139 1568 1245 1643 snper
1262 1566 1382 1619 omnes
1401 1544 1463 1639 qui
1478 1544 1591 1617 iorum
1610 1552 1645 1616 et
1661 1545 1817 1618 bannum

404 1673 612 1748 marchisaut
636 1673 803 1765 civitatis,
822 1675 977 1748 volentes
994 1673 1062 1746 sub
1084 1671 1184 1744 istius
1204 1670 1359 1743 clausule
1381 1668 1550 1764 generalis
1573 1669 1752 1742 involucro
1769 1670 1819 1742 ia·

404 1798 519 1873 milias
535 1797 758 1872 ecclesiarum
781 1797 939 1871 feudatos
958 1806 993 1869 et
1011 1817 1071 1868 eos
1088 1795 1150 1889 qui
1172 1793 1366 1882 canonicis,
1387 1791 1519 1866 clericis
1536 1799 1571 1864 et
1587 1793 1766 1867 monacbis
1781 1793 1819 1866 in

406 1922 568 1998 domibus
592 1921 741 2019 propriis
762 1921 919 1994 serviunt
942 1917 1207 2016 comprehendi,
1228 1917 1308 1991 licet
1326 1917 1525 1990 intentionis
1546 1926 1662 1990 nostre
1682 1939 1752 1991 non
1774 1917 1819 1992 sit

406 2067 472 2120 noc
487 2047 591 2120 inerit
603 2067 664 2120 eos
678 2067 740 2142 per
754 2045 976 2142 privilegium
988 2044 1197 2118 serenissimi
1211 2043 1319 2140 patris
1331 2041 1437 2116 nostri
1451 2051 1486 2114 et
1499 2049 1653 2114 nostrum
1666 2043 1712 2114 ab
1724 2043 1818 2115 omni

406 2172 587 2246 exactione
613 2180 650 2244 et
677 2171 771 2244 tallia
794 2191 855 2243 seu
883 2171 1036 2262 collecta,
1062 2191 1125 2265 pro
1145 2188 1357 2263 quocunqne
1375 2167 1514 2262 negotio
1540 2167 1690 2239 civitatis
1711 2164 1817 2260 fiant,

406 2305 588 2392 exemptos
613 2305 648 2369 et
675 2297 817 2389 liberos,
843 2294 1002 2368 etiamsi
1027 2293 1115 2368 iilud
1140 2293 1362 2390 privilegium
1389 2291 1520 2365 civium
1541 2291 1821 2365 verdunensium

407 2421 504 2517 quod
525 2419 737 2493 irritavimus
760 2420 917 2516 vigorem
939 2419 1100 2511 baberet,
1125 2417 1172 2492 ad
1195 2417 1342 2512 alicujus
1367 2439 1456 2491 onus
1477 2417 1627 2508 servitii,
1651 2417 1744 2491 tailie
1765 2417 1821 2490 vei

406 2545 599 2619 exactionis
614 2547 832 2640 aliquatenus
846 2545 1010 2640 obligeri3
1031 2545 1180 2643 prefatos
1204 2553 1319 2617 autem
1346 2541 1507 2615 articulos
1532 2551 1567 2616 et
1589 2543 1692 2635 alios,
1713 2543 1823 2638 siqui

407 2669 443 2740 in
468 2667 562 2742 dicto
583 2667 767 2764 privilegio
789 2667 1008 2741 continentur
1031 2675 1066 2740 et
1085 2675 1196 2740 totum
1216 2665 1371 2758 ejusdem
1392 2664 1565 2761 privilegii
1583 2673 1736 2740 tenorem
1755 2665 1822 2740 ini·

407 2793 549 2889 quitatis
576 2793 742 2867 iniectum
766 2793 925 2882 mocula,
949 2791 1041 2864 sicut
1065 2813 1171 2888 supra
1196 2790 1373 2881 diximus,
1401 2789 1540 2886 penitus
1560 2791 1820 2886 revocavimus,

407 2917 622 2990 cassavimus
643 2927 679 2991 et
700 2916 919 2991 decrevimus
940 2937 1011 2989 uon
1032 2927 1160 2989 tenere.
1186 2915 1222 2988 Si
1243 2936 1326 2988 vero
1346 2913 1429 2988 dicti
1454 2913 1549 2986 cives
1567 2913 1690 2989 eodem
1708 2916 1824 3014 privi-

406 3041 497 3136 legio
518 3039 739 3136 aliquatenus
758 3039 810 3115 uti
826 3049 1046 3136 presumant,
1068 3038 1228 3112 noverint
1250 3060 1287 3110 se
1305 3060 1447 3132 gravem
1464 3038 1560 3133 regio
1571 3039 1759 3131 majestatis
1771 3041 1824 3116 oi·

407 3167 540 3239 seusam
562 3165 762 3238 incursuros
787 3162 856 3262 (2).
875 3165 946 3238 Nos
967 3184 1051 3237 vero
1072 3164 1224 3260 sepefato
1244 3163 1394 3260 principi
1414 3171 1531 3238 nostro
1548 3163 1589 3236 ii.
1611 3163 1822 3240 virdunensi

449 3313 488 3397 (c)
509 3317 546 3377 ln
558 3317 702 3394 impresso
715 3320 745 3378 tt
756 3315 783 3376 ri
793 3310 878 3378 vellet
889 3315 965 3395 ἄρεω
976 3313 1125 3396 recineret,
1139 3313 1226 3378 maie.

443 3551 478 3626 (4)
497 3553 528 3610 ln
540 3552 624 3613 altero
635 3559 739 3627 subm,
754 3554 804 3614 aed
815 3555 907 3614 minos
917 3561 991 3614 recte
1004 3553 1176 3613 fidemve.
1189 3553 1278 3614 tous
1289 3559 1320 3612 et
1331 3551 1406 3612 rivos
1417 3557 1482 3612 turno
1494 3552 1582 3612 vocati
1595 3553 1727 3626 Eminet,
1742 3552 1822 3614 bodie

431 3649 484 3708 rm·
540 3693 546 3708 ,
1061 3688 1066 3696 .

406 3649 430 3710 G
442 3747 477 3824 (2)
484 3667 621 3808 ‘iimttamcn
631 3765 687 3809 nou
700 3749 785 3809 multo
796 3756 860 3826 post
871 3749 1017 3810 ilenricnm
1029 3764 1120 3824 regem
1131 3749 1165 3808 ad
1175 3763 1282 3808 mnsam
1293 3748 1393 3808 civium
1404 3755 1498 3808 conca
1506 3748 1663 3825 miscopum
1672 3750 1822 3811 virdunen·

407 3860 466 3904 sem
479 3859 510 3904 se
522 3845 680 3920 deduciaco,
694 3847 786 3924 proed
807 3847 891 3907 dubio
914 3853 977 3923 post
996 3847 1298 3905 excommunicationem
1318 3848 1404 3923 patris
1425 3849 1483 3919 sui,
1507 3847 1637 3906 discimus
1656 3863 1691 3906 ex
1710 3849 1823 3924 epbwia

407 3943 528 4017 Gregorii
541 3959 627 4020 papae
641 3961 694 4020 qua
707 3945 808 4005 ciarum
819 3945 1015 4005 virdunensem
1028 3951 1104 4019 rogat
1117 3951 1147 4002 ut
1165 3945 1199 4002 ad
1216 3943 1377 4004 mintionem
1389 3943 1542 4003 debitomm
1562 3943 1663 4019 quibvs
1681 3945 1825 4022 episcopos

407 4041 662 4116 premebaturjnxte
674 4041 815 4104 buriates
827 4043 1015 4102 contribuant:
1031 4043 1207 4117 «diagonia,
1218 4049 1283 4114 otc,
1295 4043 1405 4118 prelatis
1417 4049 1446 4102 et
1458 4042 1531 4102 dero
1544 4043 1661 4102 civitatis
1671 4049 1700 4103 ot
1711 4043 1825 4104 duce&

408 4159 423 4190 ι
438 4137 629 4212 vtrduuensis,
648 4145 693 4198 otc
695 4181 750 4198 .....
764 4140 807 4198 ed
820 4147 939 4200 metram
956 4141 1118 4202 audientiam
1138 4141 1270 4202 noveritis
1289 4142 1445 4216 pcrvomsse
1465 4140 1541 4216 quod
1560 4141 1723 4202 venerabilis
1740 4141 1824 4202 incr

408 4253 422 4288 a
438 4240 530 4294 noster
546 4235 725 4296 virdunensis
735 4237 880 4314 episcopus
882 4279 971 4298 ........
985 4245 1099 4315 propter
1110 4255 1234 4315 gvrerram
1251 4255 1331 4316 quam
1344 4255 1394 4316 por
1408 4239 1548 4298 umatum
1567 4245 1593 4298 ct
1608 4239 1729 4316 emptica
1740 4241 1822 4300 susti·

407 4351 421 4386 a
437 4332 529 4391 nobee
541 4333 704 4407 dinoscitur,
717 4351 768 4412 pro
781 4351 814 4394 eo
826 4337 899 4411 quod
911 4337 983 4396 cives
994 4337 1037 4396 sui
1051 4337 1086 4394 ii.
1102 4335 1149 4395 tilii
1161 4337 1192 4396 1².
1206 4337 1270 4396 dicti
1283 4337 1454 4413 imperatoris
1466 4335 1526 4396 tutti
1537 4337 1656 4412 mentia
1672 4343 1700 4396 et
1712 4336 1819 4414 brom,

407 4447 421 4484 n
436 4445 453 4487 a
464 4429 574 4488 civitate
586 4445 636 4489 sua
651 4431 741 4507 ipsum
757 4449 820 4491 cum
838 4434 953 4492 mamma
963 4441 1041 4510 pane
1053 4441 1175 4493 vestrvnn
1187 4451 1237 4510 per
1249 4433 1403 4494 violentiam
1416 4435 1581 4510 expellentes
1592 4435 1687 4496 domos
1698 4437 1820 4512 cjmdem

408 4533 581 4587 retrectans
593 4525 747 4603 desonam,
766 4531 837 4592 bona
857 4531 988 4607 dapem,
1008 4533 1177 4594 abundarem
1197 4531 1312 4592 muana
1334 4533 1502 4608 confringere
1504 4571 1559 4592 .....
1579 4544 1818 4610 presumpserunt,

408 4642 422 4678 a
437 4641 493 4684 uun
505 4625 612 4686 modica
624 4625 708 4686 subiit
721 4643 815 4701 onera,
829 4629 929 4704 quibus
940 4629 1018 4690 valdo
1031 4631 1199 4706 deprimitur,
1214 4631 1366 4692 debitorum
1376 4638 1421 4690 etc
1422 4669 1488 4690 ......
1498 4631 1597 4690 Itumm
1610 4631 1726 4706 Perusii,
1739 4634 1819 4692 tertio

409 4738 525 4880 ffluas
546 4725 716 4882 novffibm'
737 4743 807 4786 anuo
823 4729 947 4803 torticia
961 4729 1086 4791 novemb.
1101 4729 1225 4804 tarot.»
1243 4729 1348 4790 volitet
1366 4733 1482 4806 deporto
1495 4727 1533 4788 dc
1546 4729 1636 4802 uteri,
1651 4729 1679 4788 in
1691 4729 1817 4792 biblioth.

461 4819 581 4895 '.,euu.
648 4825 764 4898 ,Νι
