<?xml version="1.0" encoding="UTF-8"?>
<!DOCTYPE html PUBLIC "-//W3C//DTD XHTML 1.0 Transitional//EN"
    "http://www.w3.org/TR/xhtml1/DTD/xhtml1-transitional.dtd">
<html xmlns="http://www.w3.org/1999/xhtml" xml:lang="en" lang="en">
 <head>
  <title>
</title>
<meta http-equiv="Content-Type" content="text/html;charset=utf-8" />
  <meta name='ocr-system' content='tesseract 3.04.00' />
  <meta name='ocr-capabilities' content='ocr_page ocr_carea ocr_par ocr_line ocrx_word'/>
</head>
<body>
  <div class='ocr_page' id='page_1' title='image "./historiadiploma03fredgoog/historiadiploma03fredgoog_0290.png"; bbox 0 0 4642 6106; ppageno 0'>
   <div class='ocr_carea' id='block_1_1' title="bbox 350 639 1763 728">
    <p class='ocr_par' dir='ltr' id='par_1_1' title="bbox 350 639 1763 728">
     <span class='ocr_line' id='line_1_1' title="bbox 350 639 1763 728; baseline -0.006 -18"><span class='ocrx_word' id='word_1_1' title='bbox 350 650 508 728; x_wconf 53' lang='lat' dir='ltr'>inorme]</span> <span class='ocrx_word' id='word_1_2' title='bbox 800 649 996 711; x_wconf 75' lang='lat' dir='ltr'>HISTORIA</span> <span class='ocrx_word' id='word_1_3' title='bbox 1024 647 1316 710; x_wconf 75' lang='lat' dir='ltr'>otutotlallcu.</span> <span class='ocrx_word' id='word_1_4' title='bbox 1707 639 1763 702; x_wconf 71' lang='lat'>281</span> 
     </span>
    </p>
   </div>
   <div class='ocr_carea' id='block_1_2' title="bbox 348 776 1767 4475">
    <p class='ocr_par' dir='ltr' id='par_1_2' title="bbox 348 776 1767 4475">
     <span class='ocr_line' id='line_1_2' title="bbox 397 776 1763 882; baseline -0.008 -26"><span class='ocrx_word' id='word_1_5' title='bbox 397 783 594 879; x_wconf 79' lang='lat' dir='ltr'>Gregorius,</span> <span class='ocrx_word' id='word_1_6' title='bbox 613 793 698 872; x_wconf 81' lang='lat' dir='ltr'>etc,</span> <span class='ocrx_word' id='word_1_7' title='bbox 718 785 757 856; x_wconf 87' lang='lat' dir='ltr'>F.</span> <span class='ocrx_word' id='word_1_8' title='bbox 773 786 1004 858; x_wconf 81' lang='lat' dir='ltr'>Romanorum</span> <span class='ocrx_word' id='word_1_9' title='bbox 1019 784 1236 882; x_wconf 88' lang='lat' dir='ltr'>imperatori,</span> <span class='ocrx_word' id='word_1_10' title='bbox 1258 803 1394 877; x_wconf 91' lang='lat' dir='ltr'>semper</span> <span class='ocrx_word' id='word_1_11' title='bbox 1406 787 1568 874; x_wconf 86' lang='lat' dir='ltr'>augusto,</span> <span class='ocrx_word' id='word_1_12' title='bbox 1589 787 1624 849; x_wconf 90' lang='lat' dir='ltr'>et</span> <span class='ocrx_word' id='word_1_13' title='bbox 1640 776 1763 848; x_wconf 77' lang='lat' dir='ltr'><strong>illustri</strong></span> 
     </span>
     <span class='ocr_line' id='line_1_3' title="bbox 349 901 1763 1004; baseline -0.007 -22"><span class='ocrx_word' id='word_1_14' title='bbox 349 909 422 1004; x_wconf 91' lang='lat' dir='ltr'>regi</span> <span class='ocrx_word' id='word_1_15' title='bbox 439 909 575 998; x_wconf 78' lang='lat' dir='ltr'>Sicilie,</span> <span class='ocrx_word' id='word_1_16' title='bbox 597 919 663 982; x_wconf 90' lang='lat' dir='ltr'>etc.</span> <span class='ocrx_word' id='word_1_17' title='bbox 686 909 823 994; x_wconf 86' lang='lat' dir='ltr'>Quanto</span> <span class='ocrx_word' id='word_1_18' title='bbox 844 910 982 1004; x_wconf 84' lang='lat' dir='ltr'>plenius</span> <span class='ocrx_word' id='word_1_19' title='bbox 1006 911 1212 983; x_wconf 69' lang='lat' dir='ltr'>excellentia</span> <span class='ocrx_word' id='word_1_20' title='bbox 1236 917 1295 980; x_wconf 87' lang='lat' dir='ltr'>tua</span> <span class='ocrx_word' id='word_1_21' title='bbox 1317 905 1414 979; x_wconf 89' lang='lat' dir='ltr'>novit</span> <span class='ocrx_word' id='word_1_22' title='bbox 1432 927 1495 1000; x_wconf 91' lang='lat' dir='ltr'>per</span> <span class='ocrx_word' id='word_1_23' title='bbox 1517 901 1763 996; x_wconf 88' lang='lat' dir='ltr'>Hospitalarios</span> 
     </span>
     <span class='ocr_line' id='line_1_4' title="bbox 348 1029 1764 1129; baseline -0.008 -21"><span class='ocrx_word' id='word_1_24' title='bbox 348 1041 383 1108; x_wconf 89' lang='lat' dir='ltr'>et</span> <span class='ocrx_word' id='word_1_25' title='bbox 407 1033 617 1129; x_wconf 90' lang='lat' dir='ltr'>Templarios</span> <span class='ocrx_word' id='word_1_26' title='bbox 641 1034 780 1104; x_wconf 83' lang='lat' dir='ltr'>Terram</span> <span class='ocrx_word' id='word_1_27' title='bbox 803 1035 963 1106; x_wconf 90' lang='lat' dir='ltr'>Sanctam</span> <span class='ocrx_word' id='word_1_28' title='bbox 986 1035 1069 1106; x_wconf 94' lang='lat' dir='ltr'>olim</span> <span class='ocrx_word' id='word_1_29' title='bbox 1100 1034 1188 1106; x_wconf 83' lang='lat' dir='ltr'>inter</span> <span class='ocrx_word' id='word_1_30' title='bbox 1214 1031 1392 1126; x_wconf 89' lang='lat' dir='ltr'>angustias</span> <span class='ocrx_word' id='word_1_31' title='bbox 1415 1029 1662 1122; x_wconf 80' lang='lat' dir='ltr'>gubernatam,</span> <span class='ocrx_word' id='word_1_32' title='bbox 1685 1034 1720 1096; x_wconf 90' lang='lat' dir='ltr'>et</span> <span class='ocrx_word' id='word_1_33' title='bbox 1742 1047 1764 1096; x_wconf 92' lang='lat' dir='ltr'>a</span> 
     </span>
     <span class='ocr_line' id='line_1_5' title="bbox 349 1154 1764 1253; baseline -0.006 -25"><span class='ocrx_word' id='word_1_34' title='bbox 349 1157 509 1251; x_wconf 90' lang='lat' dir='ltr'>pluribus</span> <span class='ocrx_word' id='word_1_35' title='bbox 526 1155 679 1230; x_wconf 89' lang='lat' dir='ltr'>creditur</span> <span class='ocrx_word' id='word_1_36' title='bbox 700 1157 776 1229; x_wconf 87' lang='lat' dir='ltr'>sine</span> <span class='ocrx_word' id='word_1_37' title='bbox 794 1157 878 1252; x_wconf 87' lang='lat' dir='ltr'>ipsis</span> <span class='ocrx_word' id='word_1_38' title='bbox 891 1159 955 1230; x_wconf 85' lang='lat' dir='ltr'>vix</span> <span class='ocrx_word' id='word_1_39' title='bbox 972 1179 1072 1253; x_wconf 90' lang='lat' dir='ltr'>posse</span> <span class='ocrx_word' id='word_1_40' title='bbox 1086 1159 1217 1230; x_wconf 79' lang='lat' dir='ltr'>utiliter</span> <span class='ocrx_word' id='word_1_41' title='bbox 1235 1154 1434 1251; x_wconf 87' lang='lat' dir='ltr'>gubernari,</span> <span class='ocrx_word' id='word_1_42' title='bbox 1453 1174 1534 1224; x_wconf 94' lang='lat' dir='ltr'>cum</span> <span class='ocrx_word' id='word_1_43' title='bbox 1550 1172 1615 1246; x_wconf 90' lang='lat' dir='ltr'>pro</span> <span class='ocrx_word' id='word_1_44' title='bbox 1638 1169 1764 1243; x_wconf 89' lang='lat' dir='ltr'>magna</span> 
     </span>
     <span class='ocr_line' id='line_1_6' title="bbox 351 1272 1765 1376; baseline -0.008 -21"><span class='ocrx_word' id='word_1_45' title='bbox 351 1289 447 1374; x_wconf 83' lang='lat' dir='ltr'>parte</span> <span class='ocrx_word' id='word_1_46' title='bbox 462 1301 523 1376; x_wconf 89' lang='lat' dir='ltr'>per</span> <span class='ocrx_word' id='word_1_47' title='bbox 544 1303 603 1354; x_wconf 86' lang='lat' dir='ltr'>eos</span> <span class='ocrx_word' id='word_1_48' title='bbox 628 1285 696 1370; x_wconf 89' lang='lat' dir='ltr'>[se]</span> <span class='ocrx_word' id='word_1_49' title='bbox 721 1281 915 1355; x_wconf 83' lang='lat' dir='ltr'>substinere</span> <span class='ocrx_word' id='word_1_50' title='bbox 937 1281 1112 1374; x_wconf 87' lang='lat' dir='ltr'>videatur,</span> <span class='ocrx_word' id='word_1_51' title='bbox 1134 1291 1226 1354; x_wconf 89' lang='lat' dir='ltr'>tanto</span> <span class='ocrx_word' id='word_1_52' title='bbox 1240 1291 1292 1353; x_wconf 82' lang='lat' dir='ltr'>est-</span> <span class='ocrx_word' id='word_1_53' title='bbox 1311 1289 1370 1352; x_wconf 92' lang='lat' dir='ltr'>tue</span> <span class='ocrx_word' id='word_1_54' title='bbox 1386 1274 1561 1350; x_wconf 87' lang='lat' dir='ltr'>screnitati</span> <span class='ocrx_word' id='word_1_55' title='bbox 1585 1272 1765 1346; x_wconf 88' lang='lat' dir='ltr'>decentius</span> 
     </span>
     <span class='ocr_line' id='line_1_7' title="bbox 352 1395 1763 1500; baseline -0.006 -26"><span class='ocrx_word' id='word_1_56' title='bbox 352 1412 391 1474; x_wconf 95' lang='lat' dir='ltr'>ut</span> <span class='ocrx_word' id='word_1_57' title='bbox 408 1405 503 1476; x_wconf 90' lang='lat' dir='ltr'>nulla</span> <span class='ocrx_word' id='word_1_58' title='bbox 517 1425 577 1476; x_wconf 92' lang='lat' dir='ltr'>eos</span> <span class='ocrx_word' id='word_1_59' title='bbox 592 1405 749 1478; x_wconf 89' lang='lat' dir='ltr'>molestia</span> <span class='ocrx_word' id='word_1_60' title='bbox 761 1405 931 1498; x_wconf 90' lang='lat' dir='ltr'>inquietes</span> <span class='ocrx_word' id='word_1_61' title='bbox 944 1427 1046 1500; x_wconf 88' lang='lat' dir='ltr'>quos,</span> <span class='ocrx_word' id='word_1_62' title='bbox 1066 1415 1106 1477; x_wconf 94' lang='lat' dir='ltr'>ut</span> <span class='ocrx_word' id='word_1_63' title='bbox 1119 1427 1187 1478; x_wconf 94' lang='lat' dir='ltr'>non</span> <span class='ocrx_word' id='word_1_64' title='bbox 1201 1405 1359 1476; x_wconf 88' lang='lat' dir='ltr'>turbetur</span> <span class='ocrx_word' id='word_1_65' title='bbox 1376 1401 1470 1472; x_wconf 91' lang='lat' dir='ltr'>illius</span> <span class='ocrx_word' id='word_1_66' title='bbox 1482 1409 1571 1471; x_wconf 87' lang='lat' dir='ltr'>terre</span> <span class='ocrx_word' id='word_1_67' title='bbox 1587 1395 1763 1490; x_wconf 75' lang='lat' dir='ltr'>negotium</span> 
     </span>
     <span class='ocr_line' id='line_1_8' title="bbox 351 1521 1765 1625; baseline -0.007 -23"><span class='ocrx_word' id='word_1_68' title='bbox 351 1527 415 1602; x_wconf 84' lang='lat' dir='ltr'>sed</span> <span class='ocrx_word' id='word_1_69' title='bbox 435 1528 550 1624; x_wconf 86' lang='lat' dir='ltr'>potius</span> <span class='ocrx_word' id='word_1_70' title='bbox 564 1527 746 1623; x_wconf 86' lang='lat' dir='ltr'>dirigatur,</span> <span class='ocrx_word' id='word_1_71' title='bbox 766 1530 925 1624; x_wconf 85' lang='lat' dir='ltr'>specialis</span> <span class='ocrx_word' id='word_1_72' title='bbox 942 1531 1071 1604; x_wconf 83' lang='lat' dir='ltr'>favoris</span> <span class='ocrx_word' id='word_1_73' title='bbox 1091 1531 1197 1604; x_wconf 91' lang='lat' dir='ltr'>debes</span> <span class='ocrx_word' id='word_1_74' title='bbox 1209 1526 1361 1625; x_wconf 84' lang='lat' dir='ltr'>presidio</span> <span class='ocrx_word' id='word_1_75' title='bbox 1375 1526 1572 1610; x_wconf 85' lang='lat' dir='ltr'>confovere,</span> <span class='ocrx_word' id='word_1_76' title='bbox 1592 1521 1643 1592; x_wconf 87' lang='lat' dir='ltr'>sic</span> <span class='ocrx_word' id='word_1_77' title='bbox 1657 1541 1765 1614; x_wconf 84' lang='lat' dir='ltr'>agens</span> 
     </span>
     <span class='ocr_line' id='line_1_9' title="bbox 352 1645 1766 1750; baseline -0.006 -26"><span class='ocrx_word' id='word_1_78' title='bbox 352 1673 535 1725; x_wconf 90' lang='lat' dir='ltr'>commune</span> <span class='ocrx_word' id='word_1_79' title='bbox 555 1673 596 1724; x_wconf 90' lang='lat' dir='ltr'>ac</span> <span class='ocrx_word' id='word_1_80' title='bbox 618 1653 796 1748; x_wconf 89' lang='lat' dir='ltr'>proprium</span> <span class='ocrx_word' id='word_1_81' title='bbox 821 1654 984 1728; x_wconf 88' lang='lat' dir='ltr'>interesse</span> <span class='ocrx_word' id='word_1_82' title='bbox 1006 1665 1046 1727; x_wconf 88' lang='lat' dir='ltr'>ut</span> <span class='ocrx_word' id='word_1_83' title='bbox 1069 1655 1164 1750; x_wconf 92' lang='lat' dir='ltr'>apud</span> <span class='ocrx_word' id='word_1_84' title='bbox 1188 1655 1299 1726; x_wconf 88' lang='lat' dir='ltr'>Deum</span> <span class='ocrx_word' id='word_1_85' title='bbox 1317 1647 1585 1744; x_wconf 82' lang='lat' dir='ltr'>incomparabile</span> <span class='ocrx_word' id='word_1_86' title='bbox 1605 1645 1668 1716; x_wconf 90' lang='lat' dir='ltr'>tibi</span> <span class='ocrx_word' id='word_1_87' title='bbox 1692 1665 1766 1716; x_wconf 89' lang='lat' dir='ltr'>me-</span> 
     </span>
     <span class='ocr_line' id='line_1_10' title="bbox 351 1769 1766 1872; baseline -0.002 -26"><span class='ocrx_word' id='word_1_88' title='bbox 351 1776 456 1848; x_wconf 92' lang='lat' dir='ltr'>ritum</span> <span class='ocrx_word' id='word_1_89' title='bbox 471 1797 649 1870; x_wconf 90' lang='lat' dir='ltr'>compares</span> <span class='ocrx_word' id='word_1_90' title='bbox 661 1787 695 1850; x_wconf 91' lang='lat' dir='ltr'>et</span> <span class='ocrx_word' id='word_1_91' title='bbox 712 1777 809 1872; x_wconf 89' lang='lat' dir='ltr'>apud</span> <span class='ocrx_word' id='word_1_92' title='bbox 821 1778 979 1850; x_wconf 92' lang='lat' dir='ltr'>homines</span> <span class='ocrx_word' id='word_1_93' title='bbox 993 1799 1119 1850; x_wconf 90' lang='lat' dir='ltr'>nomen</span> <span class='ocrx_word' id='word_1_94' title='bbox 1139 1778 1282 1848; x_wconf 92' lang='lat' dir='ltr'>bonum.</span> <span class='ocrx_word' id='word_1_95' title='bbox 1298 1775 1454 1868; x_wconf 87' lang='lat' dir='ltr'>Denique</span> <span class='ocrx_word' id='word_1_96' title='bbox 1477 1782 1516 1844; x_wconf 93' lang='lat' dir='ltr'>ut</span> <span class='ocrx_word' id='word_1_97' title='bbox 1530 1780 1705 1844; x_wconf 79' lang='lat' dir='ltr'>taceamus</span> <span class='ocrx_word' id='word_1_98' title='bbox 1720 1769 1766 1843; x_wconf 94' lang='lat' dir='ltr'>ad</span> 
     </span>
     <span class='ocr_line' id='line_1_11' title="bbox 351 1895 1763 1996; baseline -0.006 -24"><span class='ocrx_word' id='word_1_99' title='bbox 351 1921 493 1994; x_wconf 84' lang='lat' dir='ltr'>presens</span> <span class='ocrx_word' id='word_1_100' title='bbox 508 1899 605 1992; x_wconf 93' lang='lat' dir='ltr'>quod</span> <span class='ocrx_word' id='word_1_101' title='bbox 623 1901 756 1972; x_wconf 91' lang='lat' dir='ltr'>nobisa</span> <span class='ocrx_word' id='word_1_102' title='bbox 770 1901 929 1996; x_wconf 91' lang='lat' dir='ltr'>pluribus</span> <span class='ocrx_word' id='word_1_103' title='bbox 944 1902 1186 1995; x_wconf 87' lang='lat' dir='ltr'>exprobratur,</span> <span class='ocrx_word' id='word_1_104' title='bbox 1200 1900 1362 1973; x_wconf 83' lang='lat' dir='ltr'>videlicet</span> <span class='ocrx_word' id='word_1_105' title='bbox 1378 1897 1473 1992; x_wconf 92' lang='lat' dir='ltr'>quod</span> <span class='ocrx_word' id='word_1_106' title='bbox 1491 1895 1591 1990; x_wconf 90' lang='lat' dir='ltr'>quasi</span> <span class='ocrx_word' id='word_1_107' title='bbox 1610 1915 1763 1967; x_wconf 90' lang='lat' dir='ltr'>momen-</span> 
     </span>
     <span class='ocr_line' id='line_1_12' title="bbox 352 2021 1764 2120; baseline -0.005 -26"><span class='ocrx_word' id='word_1_108' title='bbox 352 2033 453 2095; x_wconf 84' lang='lat' dir='ltr'>tanea</span> <span class='ocrx_word' id='word_1_109' title='bbox 469 2024 572 2095; x_wconf 84' lang='lat' dir='ltr'>luerit</span> <span class='ocrx_word' id='word_1_110' title='bbox 588 2044 708 2096; x_wconf 91' lang='lat' dir='ltr'>eornm</span> <span class='ocrx_word' id='word_1_111' title='bbox 727 2025 982 2119; x_wconf 89' lang='lat' dir='ltr'>possessioque</span> <span class='ocrx_word' id='word_1_112' title='bbox 997 2047 1057 2120; x_wconf 88' lang='lat' dir='ltr'>per</span> <span class='ocrx_word' id='word_1_113' title='bbox 1076 2047 1138 2096; x_wconf 94' lang='lat' dir='ltr'>nos</span> <span class='ocrx_word' id='word_1_114' title='bbox 1156 2024 1223 2096; x_wconf 89' lang='lat' dir='ltr'>illis</span> <span class='ocrx_word' id='word_1_115' title='bbox 1238 2023 1393 2095; x_wconf 89' lang='lat' dir='ltr'>restituta</span> <span class='ocrx_word' id='word_1_116' title='bbox 1410 2021 1487 2112; x_wconf 90' lang='lat' dir='ltr'>luit,</span> <span class='ocrx_word' id='word_1_117' title='bbox 1503 2021 1658 2092; x_wconf 85' lang='lat' dir='ltr'>iteratam</span> <span class='ocrx_word' id='word_1_118' title='bbox 1671 2038 1764 2088; x_wconf 91' lang='lat' dir='ltr'>nunc</span> 
     </span>
     <span class='ocr_line' id='line_1_13' title="bbox 352 2144 1765 2244; baseline -0.004 -26"><span class='ocrx_word' id='word_1_119' title='bbox 352 2155 388 2218; x_wconf 90' lang='lat' dir='ltr'>et</span> <span class='ocrx_word' id='word_1_120' title='bbox 406 2147 636 2220; x_wconf 87' lang='lat' dir='ltr'>amaritudine</span> <span class='ocrx_word' id='word_1_121' title='bbox 653 2148 791 2243; x_wconf 90' lang='lat' dir='ltr'>plenam</span> <span class='ocrx_word' id='word_1_122' title='bbox 809 2149 1011 2221; x_wconf 89' lang='lat' dir='ltr'>audivimus</span> <span class='ocrx_word' id='word_1_123' title='bbox 1027 2149 1260 2244; x_wconf 87' lang='lat' dir='ltr'>predictorum</span> <span class='ocrx_word' id='word_1_124' title='bbox 1278 2148 1454 2241; x_wconf 81' lang='lat' dir='ltr'>querelam</span> <span class='ocrx_word' id='word_1_125' title='bbox 1469 2144 1620 2239; x_wconf 88' lang='lat' dir='ltr'>graviter</span> <span class='ocrx_word' id='word_1_126' title='bbox 1635 2144 1765 2214; x_wconf 90' lang='lat' dir='ltr'>lamen·</span> 
     </span>
     <span class='ocr_line' id='line_1_14' title="bbox 353 2267 1765 2366; baseline -0.003 -24"><span class='ocrx_word' id='word_1_127' title='bbox 353 2270 499 2342; x_wconf 88' lang='lat' dir='ltr'>tantiam</span> <span class='ocrx_word' id='word_1_128' title='bbox 512 2272 608 2366; x_wconf 92' lang='lat' dir='ltr'>quod</span> <span class='ocrx_word' id='word_1_129' title='bbox 625 2272 688 2344; x_wconf 82' lang='lat' dir='ltr'>vix</span> <span class='ocrx_word' id='word_1_130' title='bbox 704 2272 821 2345; x_wconf 91' lang='lat' dir='ltr'>adhuc</span> <span class='ocrx_word' id='word_1_131' title='bbox 841 2273 988 2344; x_wconf 87' lang='lat' dir='ltr'>restituti</span> <span class='ocrx_word' id='word_1_132' title='bbox 1006 2273 1122 2345; x_wconf 90' lang='lat' dir='ltr'>denuo</span> <span class='ocrx_word' id='word_1_133' title='bbox 1137 2274 1206 2345; x_wconf 89' lang='lat' dir='ltr'>siut</span> <span class='ocrx_word' id='word_1_134' title='bbox 1228 2281 1263 2346; x_wconf 89' lang='lat' dir='ltr'>et</span> <span class='ocrx_word' id='word_1_135' title='bbox 1281 2271 1359 2344; x_wconf 91' lang='lat' dir='ltr'>aliis</span> <span class='ocrx_word' id='word_1_136' title='bbox 1380 2269 1516 2366; x_wconf 87' lang='lat' dir='ltr'>spoliati</span> <span class='ocrx_word' id='word_1_137' title='bbox 1534 2268 1599 2362; x_wconf 82' lang='lat' dir='ltr'>(l).</span> <span class='ocrx_word' id='word_1_138' title='bbox 1618 2267 1673 2338; x_wconf 84' lang='lat' dir='ltr'>Ex</span> <span class='ocrx_word' id='word_1_139' title='bbox 1694 2288 1765 2360; x_wconf 91' lang='lat' dir='ltr'>quo</span> 
     </span>
     <span class='ocr_line' id='line_1_15' title="bbox 352 2390 1766 2492; baseline -0.002 -26"><span class='ocrx_word' id='word_1_140' title='bbox 352 2393 473 2488; x_wconf 88' lang='lat' dir='ltr'>utique</span> <span class='ocrx_word' id='word_1_141' title='bbox 484 2395 605 2486; x_wconf 83' lang='lat' dir='ltr'>gravia</span> <span class='ocrx_word' id='word_1_142' title='bbox 619 2395 750 2470; x_wconf 88' lang='lat' dir='ltr'>exinde</span> <span class='ocrx_word' id='word_1_143' title='bbox 764 2396 947 2490; x_wconf 90' lang='lat' dir='ltr'>dispendia</span> <span class='ocrx_word' id='word_1_144' title='bbox 962 2397 1144 2470; x_wconf 88' lang='lat' dir='ltr'>imminent</span> <span class='ocrx_word' id='word_1_145' title='bbox 1162 2406 1250 2470; x_wconf 88' lang='lat' dir='ltr'>terre</span> <span class='ocrx_word' id='word_1_146' title='bbox 1263 2397 1407 2492; x_wconf 82' lang='lat' dir='ltr'>prelata,</span> <span class='ocrx_word' id='word_1_147' title='bbox 1425 2415 1504 2467; x_wconf 90' lang='lat' dir='ltr'>cum</span> <span class='ocrx_word' id='word_1_148' title='bbox 1522 2390 1629 2464; x_wconf 87' lang='lat' dir='ltr'>iidem</span> <span class='ocrx_word' id='word_1_149' title='bbox 1645 2392 1766 2464; x_wconf 84' lang='lat' dir='ltr'>iratres</span> 
     </span>
     <span class='ocr_line' id='line_1_16' title="bbox 351 2516 1767 2615; baseline 0 -27"><span class='ocrx_word' id='word_1_150' title='bbox 351 2517 543 2611; x_wconf 81' lang='lat' dir='ltr'>indigentia</span> <span class='ocrx_word' id='word_1_151' title='bbox 570 2520 764 2592; x_wconf 87' lang='lat' dir='ltr'>laborantes</span> <span class='ocrx_word' id='word_1_152' title='bbox 791 2542 859 2593; x_wconf 92' lang='lat' dir='ltr'>non</span> <span class='ocrx_word' id='word_1_153' title='bbox 884 2521 1035 2594; x_wconf 90' lang='lat' dir='ltr'>babeant</span> <span class='ocrx_word' id='word_1_154' title='bbox 1062 2521 1157 2594; x_wconf 91' lang='lat' dir='ltr'>unde</span> <span class='ocrx_word' id='word_1_155' title='bbox 1180 2523 1274 2594; x_wconf 92' lang='lat' dir='ltr'>illam</span> <span class='ocrx_word' id='word_1_156' title='bbox 1300 2519 1433 2615; x_wconf 89' lang='lat' dir='ltr'>possint</span> <span class='ocrx_word' id='word_1_157' title='bbox 1459 2537 1554 2591; x_wconf 86' lang='lat' dir='ltr'>more</span> <span class='ocrx_word' id='word_1_158' title='bbox 1579 2516 1767 2589; x_wconf 80' lang='lat' dir='ltr'>defendere</span> 
     </span>
     <span class='ocr_line' id='line_1_17' title="bbox 352 2640 1767 2742; baseline -0.005 -26"><span class='ocrx_word' id='word_1_159' title='bbox 352 2653 528 2716; x_wconf 87' lang='lat' dir='ltr'>consueto.</span> <span class='ocrx_word' id='word_1_160' title='bbox 546 2643 635 2730; x_wconf 87' lang='lat' dir='ltr'>Quia</span> <span class='ocrx_word' id='word_1_161' title='bbox 656 2666 739 2718; x_wconf 86' lang='lat' dir='ltr'>vero</span> <span class='ocrx_word' id='word_1_162' title='bbox 756 2645 920 2718; x_wconf 86' lang='lat' dir='ltr'>universa</span> <span class='ocrx_word' id='word_1_163' title='bbox 938 2667 1008 2740; x_wconf 90' lang='lat' dir='ltr'>que</span> <span class='ocrx_word' id='word_1_164' title='bbox 1028 2645 1157 2718; x_wconf 88' lang='lat' dir='ltr'>habent</span> <span class='ocrx_word' id='word_1_165' title='bbox 1173 2667 1235 2742; x_wconf 87' lang='lat' dir='ltr'>pro</span> <span class='ocrx_word' id='word_1_166' title='bbox 1250 2643 1508 2718; x_wconf 88' lang='lat' dir='ltr'>conservatione</span> <span class='ocrx_word' id='word_1_167' title='bbox 1522 2649 1604 2714; x_wconf 89' lang='lat' dir='ltr'>sunt</span> <span class='ocrx_word' id='word_1_168' title='bbox 1621 2651 1656 2712; x_wconf 90' lang='lat' dir='ltr'>et</span> <span class='ocrx_word' id='word_1_169' title='bbox 1675 2640 1767 2710; x_wconf 85' lang='lat' dir='ltr'>sub·-</span> 
     </span>
     <span class='ocr_line' id='line_1_18' title="bbox 351 2765 1762 2866; baseline -0.002 -28"><span class='ocrx_word' id='word_1_170' title='bbox 351 2765 441 2840; x_wconf 85' lang='lat' dir='ltr'>sidio</span> <span class='ocrx_word' id='word_1_171' title='bbox 460 2775 549 2840; x_wconf 85' lang='lat' dir='ltr'>terre</span> <span class='ocrx_word' id='word_1_172' title='bbox 566 2769 719 2863; x_wconf 87' lang='lat' dir='ltr'>predicte</span> <span class='ocrx_word' id='word_1_173' title='bbox 733 2771 835 2863; x_wconf 89' lang='lat' dir='ltr'>cujus</span> <span class='ocrx_word' id='word_1_174' title='bbox 857 2770 1011 2842; x_wconf 79' lang='lat' dir='ltr'>defensio</span> <span class='ocrx_word' id='word_1_175' title='bbox 1029 2771 1074 2843; x_wconf 89' lang='lat' dir='ltr'>ad</span> <span class='ocrx_word' id='word_1_176' title='bbox 1092 2780 1125 2842; x_wconf 90' lang='lat' dir='ltr'>te</span> <span class='ocrx_word' id='word_1_177' title='bbox 1147 2769 1380 2866; x_wconf 88' lang='lat' dir='ltr'>principaliter</span> <span class='ocrx_word' id='word_1_178' title='bbox 1396 2767 1548 2840; x_wconf 88' lang='lat' dir='ltr'>noscitur</span> <span class='ocrx_word' id='word_1_179' title='bbox 1571 2765 1762 2860; x_wconf 86' lang='lat' dir='ltr'>pertinere,</span> 
     </span>
     <span class='ocr_line' id='line_1_19' title="bbox 353 2890 1765 2988; baseline 0 -26"><span class='ocrx_word' id='word_1_180' title='bbox 353 2891 566 2986; x_wconf 87' lang='lat' dir='ltr'>imperialem</span> <span class='ocrx_word' id='word_1_181' title='bbox 580 2893 821 2966; x_wconf 89' lang='lat' dir='ltr'>celsitudinem</span> <span class='ocrx_word' id='word_1_182' title='bbox 836 2916 1029 2984; x_wconf 87' lang='lat' dir='ltr'>monemus,</span> <span class='ocrx_word' id='word_1_183' title='bbox 1042 2917 1205 2988; x_wconf 91' lang='lat' dir='ltr'>rogamus</span> <span class='ocrx_word' id='word_1_184' title='bbox 1217 2905 1250 2967; x_wconf 87' lang='lat' dir='ltr'>el</span> <span class='ocrx_word' id='word_1_185' title='bbox 1268 2895 1446 2966; x_wconf 91' lang='lat' dir='ltr'>hortamur</span> <span class='ocrx_word' id='word_1_186' title='bbox 1461 2892 1497 2962; x_wconf 91' lang='lat' dir='ltr'>in</span> <span class='ocrx_word' id='word_1_187' title='bbox 1512 2890 1659 2962; x_wconf 89' lang='lat' dir='ltr'>Domino</span> <span class='ocrx_word' id='word_1_188' title='bbox 1674 2911 1765 2983; x_wconf 89' lang='lat' dir='ltr'>qua-</span> 
     </span>
     <span class='ocr_line' id='line_1_20' title="bbox 353 3015 1765 3114; baseline 0.001 -30"><span class='ocrx_word' id='word_1_189' title='bbox 353 3022 453 3087; x_wconf 89' lang='lat' dir='ltr'>tenus</span> <span class='ocrx_word' id='word_1_190' title='bbox 471 3015 681 3090; x_wconf 88' lang='lat' dir='ltr'>conscientie</span> <span class='ocrx_word' id='word_1_191' title='bbox 698 3018 837 3114; x_wconf 90' lang='lat' dir='ltr'>proprie</span> <span class='ocrx_word' id='word_1_192' title='bbox 852 3041 893 3091; x_wconf 90' lang='lat' dir='ltr'>ac</span> <span class='ocrx_word' id='word_1_193' title='bbox 911 3029 981 3092; x_wconf 88' lang='lat' dir='ltr'>tam</span> <span class='ocrx_word' id='word_1_194' title='bbox 996 3021 1085 3091; x_wconf 87' lang='lat' dir='ltr'>same</span> <span class='ocrx_word' id='word_1_195' title='bbox 1101 3029 1215 3092; x_wconf 91' lang='lat' dir='ltr'>nostre</span> <span class='ocrx_word' id='word_1_196' title='bbox 1230 3041 1335 3114; x_wconf 93' lang='lat' dir='ltr'>quam</span> <span class='ocrx_word' id='word_1_197' title='bbox 1350 3028 1409 3090; x_wconf 92' lang='lat' dir='ltr'>tue</span> <span class='ocrx_word' id='word_1_198' title='bbox 1422 3016 1568 3113; x_wconf 88' lang='lat' dir='ltr'>provide</span> <span class='ocrx_word' id='word_1_199' title='bbox 1582 3016 1765 3088; x_wconf 90' lang='lat' dir='ltr'>consulens</span> 
     </span>
     <span class='ocr_line' id='line_1_21' title="bbox 353 3139 1766 3238; baseline 0 -28"><span class='ocrx_word' id='word_1_200' title='bbox 353 3149 386 3210; x_wconf 86' lang='lat' dir='ltr'>et</span> <span class='ocrx_word' id='word_1_201' title='bbox 403 3139 535 3234; x_wconf 88' lang='lat' dir='ltr'>eligens</span> <span class='ocrx_word' id='word_1_202' title='bbox 556 3141 673 3235; x_wconf 89' lang='lat' dir='ltr'>potius</span> <span class='ocrx_word' id='word_1_203' title='bbox 688 3143 841 3238; x_wconf 89' lang='lat' dir='ltr'>superari</span> <span class='ocrx_word' id='word_1_204' title='bbox 858 3143 1093 3216; x_wconf 89' lang='lat' dir='ltr'>misericordia</span> <span class='ocrx_word' id='word_1_205' title='bbox 1112 3143 1170 3215; x_wconf 92' lang='lat' dir='ltr'>cui</span> <span class='ocrx_word' id='word_1_206' title='bbox 1189 3153 1301 3216; x_wconf 91' lang='lat' dir='ltr'>cetere</span> <span class='ocrx_word' id='word_1_207' title='bbox 1317 3143 1462 3214; x_wconf 87' lang='lat' dir='ltr'>virtutes</span> <span class='ocrx_word' id='word_1_208' title='bbox 1481 3140 1624 3212; x_wconf 91' lang='lat' dir='ltr'>minime</span> <span class='ocrx_word' id='word_1_209' title='bbox 1641 3139 1766 3212; x_wconf 88' lang='lat' dir='ltr'>cedere</span> 
     </span>
     <span class='ocr_line' id='line_1_22' title="bbox 353 3261 1764 3363; baseline -0.001 -29"><span class='ocrx_word' id='word_1_210' title='bbox 353 3261 586 3357; x_wconf 89' lang='lat' dir='ltr'>dedignantur</span> <span class='ocrx_word' id='word_1_211' title='bbox 608 3287 715 3358; x_wconf 90' lang='lat' dir='ltr'>quam</span> <span class='ocrx_word' id='word_1_212' title='bbox 740 3267 923 3362; x_wconf 89' lang='lat' dir='ltr'>asperitate</span> <span class='ocrx_word' id='word_1_213' title='bbox 946 3267 1077 3357; x_wconf 88' lang='lat' dir='ltr'>notari,</span> <span class='ocrx_word' id='word_1_214' title='bbox 1102 3267 1204 3340; x_wconf 90' lang='lat' dir='ltr'>dictis</span> <span class='ocrx_word' id='word_1_215' title='bbox 1226 3266 1464 3363; x_wconf 86' lang='lat' dir='ltr'>Hospitalariis</span> <span class='ocrx_word' id='word_1_216' title='bbox 1492 3266 1605 3338; x_wconf 89' lang='lat' dir='ltr'>ablata</span> <span class='ocrx_word' id='word_1_217' title='bbox 1633 3264 1764 3336; x_wconf 90' lang='lat' dir='ltr'>restitui</span> 
     </span>
     <span class='ocr_line' id='line_1_23' title="bbox 352 3387 1764 3487; baseline 0.001 -31"><span class='ocrx_word' id='word_1_218' title='bbox 352 3387 457 3459; x_wconf 81' lang='lat' dir='ltr'>iacias</span> <span class='ocrx_word' id='word_1_219' title='bbox 474 3387 637 3460; x_wconf 86' lang='lat' dir='ltr'>universa</span> <span class='ocrx_word' id='word_1_220' title='bbox 659 3387 706 3460; x_wconf 89' lang='lat' dir='ltr'>ita</span> <span class='ocrx_word' id='word_1_221' title='bbox 723 3389 818 3483; x_wconf 90' lang='lat' dir='ltr'>quod</span> <span class='ocrx_word' id='word_1_222' title='bbox 832 3392 1134 3464; x_wconf 81' lang='lat' dir='ltr'>mansuetudinem</span> <span class='ocrx_word' id='word_1_223' title='bbox 1154 3403 1248 3464; x_wconf 91' lang='lat' dir='ltr'>tuam</span> <span class='ocrx_word' id='word_1_224' title='bbox 1262 3391 1435 3487; x_wconf 89' lang='lat' dir='ltr'>possimus</span> <span class='ocrx_word' id='word_1_225' title='bbox 1449 3389 1570 3462; x_wconf 89' lang='lat' dir='ltr'>merito</span> <span class='ocrx_word' id='word_1_226' title='bbox 1591 3409 1764 3460; x_wconf 90' lang='lat' dir='ltr'>commen·</span> 
     </span>
     <span class='ocr_line' id='line_1_24' title="bbox 353 3510 1764 3608; baseline 0 -26"><span class='ocrx_word' id='word_1_227' title='bbox 353 3510 448 3602; x_wconf 86' lang='lat' dir='ltr'>dare,</span> <span class='ocrx_word' id='word_1_228' title='bbox 470 3533 549 3584; x_wconf 89' lang='lat' dir='ltr'>cum</span> <span class='ocrx_word' id='word_1_229' title='bbox 568 3513 654 3585; x_wconf 91' lang='lat' dir='ltr'>alias</span> <span class='ocrx_word' id='word_1_230' title='bbox 671 3514 869 3608; x_wconf 87' lang='lat' dir='ltr'>patientiam</span> <span class='ocrx_word' id='word_1_231' title='bbox 889 3527 1039 3589; x_wconf 88' lang='lat' dir='ltr'>nostram</span> <span class='ocrx_word' id='word_1_232' title='bbox 1055 3516 1161 3588; x_wconf 90' lang='lat' dir='ltr'>variis</span> <span class='ocrx_word' id='word_1_233' title='bbox 1180 3515 1449 3588; x_wconf 90' lang='lat' dir='ltr'>detractionibus</span> <span class='ocrx_word' id='word_1_234' title='bbox 1466 3531 1643 3608; x_wconf 87' lang='lat' dir='ltr'>exponere</span> <span class='ocrx_word' id='word_1_235' title='bbox 1659 3511 1764 3582; x_wconf 93' lang='lat' dir='ltr'>vide-</span> 
     </span>
     <span class='ocr_line' id='line_1_25' title="bbox 353 3635 1764 3733; baseline 0 -27"><span class='ocrx_word' id='word_1_236' title='bbox 353 3635 453 3725; x_wconf 89' lang='lat' dir='ltr'>reris,</span> <span class='ocrx_word' id='word_1_237' title='bbox 473 3636 534 3730; x_wconf 92' lang='lat' dir='ltr'>qui</span> <span class='ocrx_word' id='word_1_238' title='bbox 555 3657 624 3709; x_wconf 95' lang='lat' dir='ltr'>non</span> <span class='ocrx_word' id='word_1_239' title='bbox 641 3637 779 3731; x_wconf 88' lang='lat' dir='ltr'>ignoras</span> <span class='ocrx_word' id='word_1_240' title='bbox 794 3638 889 3732; x_wconf 91' lang='lat' dir='ltr'>quod</span> <span class='ocrx_word' id='word_1_241' title='bbox 902 3638 948 3712; x_wconf 87' lang='lat' dir='ltr'>ad</span> <span class='ocrx_word' id='word_1_242' title='bbox 966 3640 1096 3712; x_wconf 90' lang='lat' dir='ltr'>malum</span> <span class='ocrx_word' id='word_1_243' title='bbox 1110 3648 1192 3712; x_wconf 90' lang='lat' dir='ltr'>sunt</span> <span class='ocrx_word' id='word_1_244' title='bbox 1209 3639 1366 3711; x_wconf 88' lang='lat' dir='ltr'>bominee</span> <span class='ocrx_word' id='word_1_245' title='bbox 1380 3637 1556 3733; x_wconf 91' lang='lat' dir='ltr'>proniores</span> <span class='ocrx_word' id='word_1_246' title='bbox 1572 3645 1606 3708; x_wconf 88' lang='lat' dir='ltr'>et</span> <span class='ocrx_word' id='word_1_247' title='bbox 1622 3635 1690 3708; x_wconf 89' lang='lat' dir='ltr'>levi</span> <span class='ocrx_word' id='word_1_248' title='bbox 1705 3653 1764 3706; x_wconf 93' lang='lat' dir='ltr'>oc·</span> 
     </span>
     <span class='ocr_line' id='line_1_26' title="bbox 352 3759 1765 3859; baseline 0 -29"><span class='ocrx_word' id='word_1_249' title='bbox 352 3759 490 3832; x_wconf 85' lang='lat' dir='ltr'>cesione</span> <span class='ocrx_word' id='word_1_250' title='bbox 508 3759 644 3832; x_wconf 86' lang='lat' dir='ltr'>sinistra</span> <span class='ocrx_word' id='word_1_251' title='bbox 666 3762 840 3834; x_wconf 87' lang='lat' dir='ltr'>multoties</span> <span class='ocrx_word' id='word_1_252' title='bbox 864 3765 1096 3859; x_wconf 89' lang='lat' dir='ltr'>suspicantur.</span> <span class='ocrx_word' id='word_1_253' title='bbox 1117 3765 1221 3836; x_wconf 89' lang='lat' dir='ltr'>Porro</span> <span class='ocrx_word' id='word_1_254' title='bbox 1239 3763 1285 3836; x_wconf 91' lang='lat' dir='ltr'>ad</span> <span class='ocrx_word' id='word_1_255' title='bbox 1308 3763 1491 3835; x_wconf 90' lang='lat' dir='ltr'>consilium</span> <span class='ocrx_word' id='word_1_256' title='bbox 1508 3769 1662 3832; x_wconf 90' lang='lat' dir='ltr'>nostrum</span> <span class='ocrx_word' id='word_1_257' title='bbox 1681 3759 1765 3831; x_wconf 91' lang='lat' dir='ltr'>dicti</span> 
     </span>
     <span class='ocr_line' id='line_1_27' title="bbox 354 3881 1766 3980; baseline 0.001 -27"><span class='ocrx_word' id='word_1_258' title='bbox 354 3885 473 3955; x_wconf 83' lang='lat' dir='ltr'>iratres</span> <span class='ocrx_word' id='word_1_259' title='bbox 491 3893 531 3955; x_wconf 86' lang='lat' dir='ltr'>ut</span> <span class='ocrx_word' id='word_1_260' title='bbox 554 3893 652 3956; x_wconf 91' lang='lat' dir='ltr'>tuum</span> <span class='ocrx_word' id='word_1_261' title='bbox 675 3886 814 3958; x_wconf 90' lang='lat' dir='ltr'>valeant</span> <span class='ocrx_word' id='word_1_262' title='bbox 835 3887 991 3960; x_wconf 89' lang='lat' dir='ltr'>obtinere</span> <span class='ocrx_word' id='word_1_263' title='bbox 1008 3890 1161 3962; x_wconf 89' lang='lat' dir='ltr'>savorem</span> <span class='ocrx_word' id='word_1_264' title='bbox 1185 3887 1336 3960; x_wconf 84' lang='lat' dir='ltr'>feudalia</span> <span class='ocrx_word' id='word_1_265' title='bbox 1358 3907 1470 3980; x_wconf 91' lang='lat' dir='ltr'>quea</span> <span class='ocrx_word' id='word_1_266' title='bbox 1495 3895 1648 3979; x_wconf 88' lang='lat' dir='ltr'>tempore</span> <span class='ocrx_word' id='word_1_267' title='bbox 1674 3881 1766 3955; x_wconf 81' lang='lat' dir='ltr'>clare</span> 
     </span>
     <span class='ocr_line' id='line_1_28' title="bbox 353 4006 1765 4105; baseline -0.002 -27"><span class='ocrx_word' id='word_1_268' title='bbox 353 4007 562 4080; x_wconf 84' lang='lat' dir='ltr'>memorie...</span> <span class='ocrx_word' id='word_1_269' title='bbox 582 4009 699 4081; x_wconf 89' lang='lat' dir='ltr'>matris</span> <span class='ocrx_word' id='word_1_270' title='bbox 721 4019 780 4081; x_wconf 89' lang='lat' dir='ltr'>lue</span> <span class='ocrx_word' id='word_1_271' title='bbox 804 4011 850 4084; x_wconf 90' lang='lat' dir='ltr'>ab</span> <span class='ocrx_word' id='word_1_272' title='bbox 870 4011 947 4083; x_wconf 91' lang='lat' dir='ltr'>aliis</span> <span class='ocrx_word' id='word_1_273' title='bbox 967 4033 1074 4105; x_wconf 90' lang='lat' dir='ltr'>quam</span> <span class='ocrx_word' id='word_1_274' title='bbox 1092 4033 1113 4084; x_wconf 90' lang='lat' dir='ltr'>a</span> <span class='ocrx_word' id='word_1_275' title='bbox 1133 4011 1228 4083; x_wconf 92' lang='lat' dir='ltr'>curia</span> <span class='ocrx_word' id='word_1_276' title='bbox 1247 4010 1459 4099; x_wconf 85' lang='lat' dir='ltr'>babuerunt,</span> <span class='ocrx_word' id='word_1_277' title='bbox 1485 4009 1560 4078; x_wconf 81' lang='lat' dir='ltr'>sine</span> <span class='ocrx_word' id='word_1_278' title='bbox 1585 4006 1765 4100; x_wconf 86' lang='lat' dir='ltr'>utriusque</span> 
     </span>
     <span class='ocr_line' id='line_1_29' title="bbox 352 4129 1760 4230; baseline -0.001 -30"><span class='ocrx_word' id='word_1_279' title='bbox 352 4131 458 4224; x_wconf 88' lang='lat' dir='ltr'>partis</span> <span class='ocrx_word' id='word_1_280' title='bbox 473 4153 577 4226; x_wconf 89' lang='lat' dir='ltr'>super</span> <span class='ocrx_word' id='word_1_281' title='bbox 592 4133 807 4226; x_wconf 90' lang='lat' dir='ltr'>possessione</span> <span class='ocrx_word' id='word_1_282' title='bbox 820 4155 862 4206; x_wconf 90' lang='lat' dir='ltr'>ac</span> <span class='ocrx_word' id='word_1_283' title='bbox 881 4136 1087 4230; x_wconf 88' lang='lat' dir='ltr'>proprietate</span> <span class='ocrx_word' id='word_1_284' title='bbox 1104 4134 1312 4230; x_wconf 85' lang='lat' dir='ltr'>prejudicio,</span> <span class='ocrx_word' id='word_1_285' title='bbox 1330 4133 1365 4203; x_wconf 93' lang='lat' dir='ltr'>in</span> <span class='ocrx_word' id='word_1_286' title='bbox 1382 4153 1506 4203; x_wconf 89' lang='lat' dir='ltr'>manus</span> <span class='ocrx_word' id='word_1_287' title='bbox 1523 4129 1639 4202; x_wconf 88' lang='lat' dir='ltr'>dilecti</span> <span class='ocrx_word' id='word_1_288' title='bbox 1655 4129 1760 4200; x_wconf 90' lang='lat' dir='ltr'>lilii...</span> 
     </span>
     <span class='ocr_line' id='line_1_30' title="bbox 353 4255 1764 4352; baseline -0.001 -26"><span class='ocrx_word' id='word_1_289' title='bbox 353 4255 508 4348; x_wconf 88' lang='lat' dir='ltr'>magistri</span> <span class='ocrx_word' id='word_1_290' title='bbox 543 4256 830 4330; x_wconf 85' lang='lat' dir='ltr'>Theutonicorum</span> <span class='ocrx_word' id='word_1_291' title='bbox 864 4261 1079 4332; x_wconf 86' lang='lat' dir='ltr'>restitutione</span> <span class='ocrx_word' id='word_1_292' title='bbox 1107 4261 1246 4331; x_wconf 89' lang='lat' dir='ltr'>obtenta</span> <span class='ocrx_word' id='word_1_293' title='bbox 1281 4278 1408 4352; x_wconf 89' lang='lat' dir='ltr'>ponere</span> <span class='ocrx_word' id='word_1_294' title='bbox 1436 4265 1517 4328; x_wconf 90' lang='lat' dir='ltr'>sunt</span> <span class='ocrx_word' id='word_1_295' title='bbox 1550 4255 1684 4350; x_wconf 89' lang='lat' dir='ltr'>parati,</span> <span class='ocrx_word' id='word_1_296' title='bbox 1718 4255 1764 4325; x_wconf 81' lang='lat' dir='ltr'>ital</span> 
     </span>
     <span class='ocr_line' id='line_1_31' title="bbox 353 4378 1762 4475; baseline 0.001 -25"><span class='ocrx_word' id='word_1_297' title='bbox 353 4378 448 4471; x_wconf 90' lang='lat' dir='ltr'>quod</span> <span class='ocrx_word' id='word_1_298' title='bbox 467 4380 542 4474; x_wconf 91' lang='lat' dir='ltr'>ipse</span> <span class='ocrx_word' id='word_1_299' title='bbox 562 4391 752 4475; x_wconf 88' lang='lat' dir='ltr'>proventus</span> <span class='ocrx_word' id='word_1_300' title='bbox 770 4403 890 4454; x_wconf 88' lang='lat' dir='ltr'>eorum</span> <span class='ocrx_word' id='word_1_301' title='bbox 910 4393 1023 4456; x_wconf 87' lang='lat' dir='ltr'>teneat</span> <span class='ocrx_word' id='word_1_302' title='bbox 1039 4394 1074 4456; x_wconf 87' lang='lat' dir='ltr'>et</span> <span class='ocrx_word' id='word_1_303' title='bbox 1090 4393 1269 4456; x_wconf 89' lang='lat' dir='ltr'>conservet</span> <span class='ocrx_word' id='word_1_304' title='bbox 1288 4401 1471 4475; x_wconf 89' lang='lat' dir='ltr'>quousque</span> <span class='ocrx_word' id='word_1_305' title='bbox 1487 4378 1574 4473; x_wconf 88' lang='lat' dir='ltr'>quid</span> <span class='ocrx_word' id='word_1_306' title='bbox 1597 4379 1762 4473; x_wconf 79' lang='lat' dir='ltr'>adquam</span> 
     </span>
    </p>
   </div>
   <div class='ocr_carea' id='block_1_3' title="bbox 355 4565 1761 4580">
    <p class='ocr_par' dir='ltr' id='par_1_3' title="bbox 355 4565 1761 4580">
     <span class='ocr_line' id='line_1_32' title="bbox 355 4565 1761 4580; baseline 0.001 -4"><span class='ocrx_word' id='word_1_307' title='bbox 355 4565 705 4577; x_wconf 69' lang='lat'>-=—-—-—--...—..-...-.—</span> <span class='ocrx_word' id='word_1_308' title='bbox 716 4571 732 4578; x_wconf 64' lang='grc' dir='ltr'><strong>ο</strong></span> <span class='ocrx_word' id='word_1_309' title='bbox 747 4573 752 4578; x_wconf 94' lang='grc'>.</span> <span class='ocrx_word' id='word_1_310' title='bbox 775 4573 928 4580; x_wconf 77' lang='grc'><strong>-.-...-...</strong></span> <span class='ocrx_word' id='word_1_311' title='bbox 938 4574 1006 4580; x_wconf 60' lang='grc' dir='ltr'>...η</span> <span class='ocrx_word' id='word_1_312' title='bbox 1018 4573 1179 4580; x_wconf 78' lang='grc'><em>..-.-.-..-</em></span> <span class='ocrx_word' id='word_1_313' title='bbox 1191 4569 1644 4580; x_wconf 48' lang='grc' dir='ltr'>-ω---ῌ-..η-..κ--ω</span> <span class='ocrx_word' id='word_1_314' title='bbox 1656 4569 1761 4578; x_wconf 56' lang='lat' dir='ltr'>..-n-.—</span> 
     </span>
    </p>
   </div>
   <div class='ocr_carea' id='block_1_4' title="bbox 393 4673 1764 4756">
    <p class='ocr_par' dir='ltr' id='par_1_4' title="bbox 393 4673 1764 4756">
     <span class='ocr_line' id='line_1_33' title="bbox 393 4673 1764 4756; baseline 0.004 -25"><span class='ocrx_word' id='word_1_315' title='bbox 393 4673 430 4748; x_wconf 85' lang='lat' dir='ltr'>(l)</span> <span class='ocrx_word' id='word_1_316' title='bbox 450 4677 597 4750; x_wconf 86' lang='lat' dir='ltr'>Imperator</span> <span class='ocrx_word' id='word_1_317' title='bbox 609 4681 681 4736; x_wconf 88' lang='lat' dir='ltr'>enim</span> <span class='ocrx_word' id='word_1_318' title='bbox 694 4697 786 4740; x_wconf 87' lang='lat' dir='ltr'>mense</span> <span class='ocrx_word' id='word_1_319' title='bbox 804 4684 897 4756; x_wconf 75' lang='lat' dir='ltr'>Junio,</span> <span class='ocrx_word' id='word_1_320' title='bbox 912 4691 944 4740; x_wconf 90' lang='lat' dir='ltr'>ut</span> <span class='ocrx_word' id='word_1_321' title='bbox 962 4691 1054 4740; x_wconf 81' lang='lat' dir='ltr'>monet</span> <span class='ocrx_word' id='word_1_322' title='bbox 1070 4683 1218 4740; x_wconf 86' lang='lat' dir='ltr'>lliccardus</span> <span class='ocrx_word' id='word_1_323' title='bbox 1235 4683 1270 4740; x_wconf 87' lang='lat' dir='ltr'>do</span> <span class='ocrx_word' id='word_1_324' title='bbox 1281 4683 1310 4740; x_wconf 89' lang='lat' dir='ltr'>S.</span> <span class='ocrx_word' id='word_1_325' title='bbox 1327 4684 1476 4752; x_wconf 84' lang='lat' dir='ltr'>Gennano,</span> <span class='ocrx_word' id='word_1_326' title='bbox 1492 4679 1632 4738; x_wconf 90' lang='lat' dir='ltr'>domorum</span> <span class='ocrx_word' id='word_1_327' title='bbox 1646 4681 1764 4737; x_wconf 90' lang='lat' dir='ltr'>omnium</span> 
     </span>
    </p>
   </div>
   <div class='ocr_carea' id='block_1_5' title="bbox 355 4771 1764 4938">
    <p class='ocr_par' dir='ltr' id='par_1_5' title="bbox 355 4771 1764 4938">
     <span class='ocr_line' id='line_1_34' title="bbox 355 4771 1764 4856; baseline 0.004 -27"><span class='ocrx_word' id='word_1_328' title='bbox 355 4771 501 4847; x_wconf 87' lang='lat' dir='ltr'>llospitalis</span> <span class='ocrx_word' id='word_1_329' title='bbox 509 4781 538 4832; x_wconf 86' lang='lat' dir='ltr'>et</span> <span class='ocrx_word' id='word_1_330' title='bbox 547 4775 649 4851; x_wconf 84' lang='lat' dir='ltr'>Templi</span> <span class='ocrx_word' id='word_1_331' title='bbox 660 4781 845 4852; x_wconf 87' lang='lat' dir='ltr'>possessiones</span> <span class='ocrx_word' id='word_1_332' title='bbox 853 4797 923 4856; x_wconf 81' lang='lat' dir='ltr'>quaa</span> <span class='ocrx_word' id='word_1_333' title='bbox 934 4781 961 4838; x_wconf 93' lang='lat' dir='ltr'>in</span> <span class='ocrx_word' id='word_1_334' title='bbox 971 4795 1054 4854; x_wconf 84' lang='lat' dir='ltr'>regno</span> <span class='ocrx_word' id='word_1_335' title='bbox 1061 4787 1138 4839; x_wconf 88' lang='lat' dir='ltr'>erant</span> <span class='ocrx_word' id='word_1_336' title='bbox 1148 4785 1175 4838; x_wconf 87' lang='lat' dir='ltr'>ot</span> <span class='ocrx_word' id='word_1_337' title='bbox 1183 4795 1277 4838; x_wconf 88' lang='lat' dir='ltr'>eorum</span> <span class='ocrx_word' id='word_1_338' title='bbox 1286 4780 1387 4838; x_wconf 87' lang='lat' dir='ltr'>lructus</span> <span class='ocrx_word' id='word_1_339' title='bbox 1395 4779 1476 4853; x_wconf 80' lang='lat' dir='ltr'>jussit</span> <span class='ocrx_word' id='word_1_340' title='bbox 1484 4778 1543 4852; x_wconf 85' lang='lat' dir='ltr'>capi</span> <span class='ocrx_word' id='word_1_341' title='bbox 1553 4779 1587 4836; x_wconf 90' lang='lat' dir='ltr'>ad</span> <span class='ocrx_word' id='word_1_342' title='bbox 1596 4793 1665 4851; x_wconf 86' lang='lat' dir='ltr'>opus</span> <span class='ocrx_word' id='word_1_343' title='bbox 1675 4793 1764 4836; x_wconf 86' lang='lat' dir='ltr'>suum.</span> 
     </span>
     <span class='ocr_line' id='line_1_35' title="bbox 456 4876 1610 4938; baseline 0.002 -2"><span class='ocrx_word' id='word_1_344' title='bbox 456 4876 512 4936; x_wconf 89' lang='lat'>111.</span> <span class='ocrx_word' id='word_1_345' title='bbox 1573 4887 1610 4938; x_wconf 77' lang='lat' dir='ltr'>au</span> 
     </span>
    </p>
   </div>
   <div class='ocr_carea' id='block_1_6' title="bbox 0 0 2331 6100">
    <p class='ocr_par' dir='ltr' id='par_1_6' title="bbox 0 0 2331 6100">
     <span class='ocr_line' id='line_1_36' title="bbox 0 0 2331 6100; baseline 0 0"><span class='ocrx_word' id='word_1_346' title='bbox 0 0 2331 6100; x_wconf 95' lang='lat' dir='ltr'> </span> 
     </span>
    </p>
   </div>
  </div>
 </body>
</html>
