4658 6132
396 659 493 720 lenter.
510 655 554 744 2]
852 659 1047 721 bistonii
1070 660 1361 724 utricularium
1743 659 1800 720 115

397 795 573 883 comitatu,
590 792 748 868 districtu
762 803 796 867 et
805 793 1045 888 jurisdictione
1060 805 1283 871 manutenere
1293 794 1522 893 promittimus
1538 801 1572 865 et
1582 793 1619 866 in
1632 813 1696 867 suo
1708 793 1800 866 bono

397 926 484 992 statu
500 927 535 992 et
549 917 703 990 libertate
718 917 859 990 firmiter
874 939 1078 992 conservare
1094 942 1174 993 cum
1199 919 1319 995 castris
1338 917 1501 1014 predictis
1525 917 1654 1006 Sirolo,
1678 917 1799 990 blasei-

398 1061 513 1134 gnano
532 1049 567 1114 et
585 1041 798 1129 Camurano,
818 1041 904 1114 dum
921 1051 1036 1115 tamen
1055 1045 1213 1116 Humana
1232 1053 1267 1115 et
1289 1049 1438 1114 castrum
1457 1039 1598 1114 Fidardi
1617 1039 1735 1112 debita
1747 1061 1801 1112 re-

396 1164 503 1258 galia,
523 1163 685 1238 videlieet
702 1164 826 1258 viginti
842 1185 907 1236 sex
920 1164 1079 1239 denarios
1099 1165 1178 1264 [pro
1193 1162 1284 1262 loco]
1302 1165 1480 1238 annuatim
1498 1165 1715 1259 persolvant,
1734 1163 1801 1236 alio

397 1287 489 1360 datio
503 1307 572 1358 non
590 1294 725 1360 exacto.

444 1411 569 1482 Datum
584 1408 680 1506 apud
694 1410 814 1504 Ripam
829 1410 1006 1502 Trasonis,
1023 1432 1114 1483 anno
1129 1411 1300 1486 dominice
1323 1409 1566 1484 incarnationis
1581 1407 1798 1499 MCCXXlX,

397 1553 515 1604 mense
527 1531 654 1625 martii,
673 1532 871 1606 indictionis
889 1533 1054 1627 secunde,
1073 1535 1263 1631 imperante
1278 1533 1417 1606 domino
1430 1533 1601 1606 Friderico
1614 1531 1676 1603 Dei
1693 1533 1801 1626 gratia

397 1655 639 1749 gloriosissimo
648 1657 880 1728 Rornanorum
895 1657 1110 1752 imperatore,
1118 1679 1252 1752 semper
1263 1666 1424 1750 angusto,
1440 1656 1628 1728 Jerusalem
1639 1664 1674 1728 et
1686 1655 1801 1728 Sicilie

395 1801 496 1874 rege,
521 1800 612 1852 anno
632 1779 775 1852 Romani
798 1779 931 1875 imperii
950 1782 1025 1883 ejus
1044 1801 1157 1871 nono,
1183 1781 1280 1874 regni
1299 1781 1486 1854 Jerusalem
1502 1777 1624 1874 quarto
1646 1787 1681 1850 et
1702 1779 1799 1872 regni

394 1903 511 1975 Sicilia
529 1901 702 1996 trigesimo
718 1903 831 1998 primo
849 1903 1003 1976 feliciter.
1024 1899 1148 1975 Amen.

444 2025 528 2096 Acta
543 2033 625 2096 sunt
638 2033 752 2097 autem
769 2025 884 2098 omnia
902 2025 1057 2120 predicta
1071 2025 1107 2097 in
1121 2025 1293 2120 presentia
1307 2025 1440 2098 comitis
1455 2025 1615 2120 Symonis
1628 2024 1796 2111 Theatini,

396 2149 528 2221 comitis
539 2147 681 2220 Berardi
701 2148 746 2222 de
764 2149 960 2244 Mannpello
976 2147 1044 2244 (o),
1063 2148 1194 2222 Taddei
1214 2149 1349 2222 comitis
1366 2147 1604 2220 lllontisleretri
1625 2157 1660 2220 et
1678 2147 1799 2220 Urbini

396 2281 430 2344 et
447 2269 599 2342 Anselmi
613 2270 658 2343 de
682 2271 861 2365 lustingen
889 2271 1106 2362 marescalci,
1136 2271 1275 2344 Corradi
1303 2271 1348 2345 de
1373 2271 1564 2344 luzinardo
1593 2282 1628 2343 et
1652 2270 1797 2343 aliorum

394 2391 682 2490 quamplurium(
707 2391 733 2488 ).

448 3082 651 3192 Gregorius
665 3081 833 3191 pontifex
846 3083 971 3166 modis
984 3083 1124 3194 quibus
1137 3093 1284 3192 poterat
1298 3081 1517 3166 elaborabat
1535 3085 1799 3194 imperatorem
1815 3111 2002 3208 omps,

396 3212 445 3295 ab
463 3213 621 3320 imperio
635 3213 855 3322 perturbare
872 3214 1070 3324 liliumque
1084 3240 1197 3298 suum
1219 3215 1424 3298 Hominum
1441 3242 1589 3326 regem,
1605 3219 1800 3308 concitetis
1862 3199 1980 3272 ‘¹¹⁶‘⁶¹·³'

397 3345 445 3425 ad
462 3344 536 3426 hoc
544 3345 778 3453 principibus
792 3346 1052 3453 Alamanniae,
1064 3347 1295 3457 quibusdam
1309 3348 1519 3456 praecipuis
1534 3375 1579 3430 ac
1590 3349 1799 3460 majoribus

395 3476 603 3584 episcopis,
628 3477 917 3586 archiepiscopis
940 3503 985 3562 ac
1006 3471 1214 3562 baronibus
1238 3480 1277 3560 in
1299 3479 1372 3562 hoo
1391 3482 1693 3564 assentientibus.
1710 3481 1797 3565 Ho-

395 3631 481 3688 rum
498 3608 698 3716 praecipue
716 3609 795 3690 dux
807 3609 988 3692 anariae
1004 3608 1178 3720 praebuit
1195 3635 1394 3693 assensum
1413 3609 1489 3721 (2).
1505 3611 1627 3721 Hujus
1640 3613 1798 3697 consilio

435 3790 475 3874 (a)
490 3795 526 3856 In
539 3796 689 3874 impressis
702 3791 859 3874 Monopcllo
872 3796 959 3857 mule.
1019 3827 1022 3834 ·

428 4181 462 4254 lt)
479 4181 519 4240 lin
531 4183 583 4242 isto
593 4184 648 4243 lere
663 4187 741 4246 unico
754 4195 927 4247 monumento
938 4203 1028 4246 rernm
1048 4203 1116 4262 quas
1132 4187 1161 4244 in
1179 4187 1297 4246 llarclria
1313 4187 1466 4262 llaynaldus
1480 4189 1540 4262 jure
1556 4189 1695 4263 legationis
1705 4192 1797 4266 gessit,

391 4279 484 4336 wiern
496 4280 640 4341 ediscimus
657 4300 750 4342 eorum
764 4287 873 4344 nomios
884 4287 931 4360 qui
944 4286 1073 4344 exercitui
1085 4285 1215 4359 imperiali
1229 4285 1258 4340 in
1271 4285 1314 4342 his
1331 4283 1451 4358 partibus
1463 4291 1615 4359 praeerant.
1626 4288 1702 4344 Unda
1718 4288 1800 4346 etium

392 4373 475 4447 liquet
483 4392 573 4436 meme
583 4380 679 4438 motio
690 4381 1034 4456 lteynaldnmapndltipam
1045 4382 1209 4438 Transonem
1220 4385 1434 4437 castrametatum
1440 4396 1503 4438 cum
1513 4381 1636 4439 iohanne
1645 4383 1679 4439 de
1685 4383 1800 4442 Brienna

393 4471 427 4528 ds
440 4473 560 4548 ingressu
575 4478 651 4551 regni
664 4484 692 4537 et
706 4479 819 4538 transitu
832 4479 948 4538 fluminis
958 4479 1049 4540 Trunti
1063 4479 1172 4538 antor
1182 4477 1459 4552 adhucdisoeptasse.
1472 4479 1513 4536 cl.
1529 4481 1560 4540 Ρ.
1573 4480 1798 4556 macron,

394 4569 474 4626 litor.
489 4572 629 4646 Neapolit.
643 4574 678 4631 ad
691 4591 755 4632 ann.
771 4579 850 4634 taut.

429 4667 467 4737 (ἰ)
486 4667 544 4725 llcc
555 4671 700 4728 concordat
713 4687 774 4730 cum
788 4673 902 4747 epistola
912 4672 1018 4732 llennci
1031 4674 1102 4748 regis
1115 4673 1242 4747 episeopo
1254 4672 1465 4732 llildcnsemensi
1476 4674 1586 4748 directa,
1603 4679 1621 4734 Ξ
1639 4677 1801 4751 septembris

396 4763 513 4836 liubin
530 4779 584 4842 qua
593 4765 688 4842 legitur
701 4785 709 4826 ι
724 4791 738 4822 ι
752 4768 820 4828 Cum
832 4771 993 4830 Lndewiens
1004 4770 1068 4830 olim
1086 4770 1140 4828 dux
1158 4769 1277 4834 Bawarie
1288 4771 1395 4830 domino
1407 4777 1436 4829 st
1445 4771 1515 4846 patri
1529 4778 1622 4831 nosue
1632 4775 1802 4848 opposuisset
