4642 6106
445 643 508 705 284
946 645 1161 706 llllllllllilcl
1188 645 1363 706 Slicllllllll
1671 647 1751 726 [dus.
1770 644 1854 706 leat.

447 777 563 850 Sancti
585 779 770 852 Salvatoris
790 780 835 854 de
849 789 966 854 monte
983 781 1121 854 Amiato
1143 781 1376 855 cisterciensis
1391 782 1524 856 ordinis
1545 783 1582 854 in
1602 792 1716 856 nostru
1731 803 1857 877 propo·

446 903 554 974 suerit
580 903 752 996 prasentia
774 904 980 977 constitutus
1001 907 1148 1000 qualiter
1167 907 1413 980 monasterium
1434 905 1519 982 dicti
1539 907 1654 980 Sancti
1672 905 1858 979 Salvatoris

446 1023 492 1098 de
507 1035 624 1098 monte
636 1023 785 1117 Amiato,
801 1027 897 1122 quod
909 1029 991 1102 olim
1009 1031 1120 1102 luerat
1137 1031 1172 1102 in
1191 1031 1431 1126 spiritualibus
1448 1030 1610 1105 floridum
1626 1039 1661 1104 et
1675 1030 1712 1102 in
1725 1039 1857 1124 tempo·

445 1149 575 1222 ralibus
588 1151 807 1244 opulentum,
828 1175 889 1247 per
905 1151 1106 1228 dissolutam
1122 1155 1230 1227 vitam
1243 1156 1489 1228 monachornm
1509 1155 1598 1250 nigri
1614 1155 1746 1228 ordinis
1760 1154 1859 1226 exb-

444 1274 588 1346 tentium
619 1274 655 1346 in
686 1275 808 1348 codem
838 1277 884 1351 ad
917 1286 1048 1350 tantam
1073 1279 1298 1352 mutationem
1328 1289 1362 1352 et
1387 1279 1636 1352 deformitatem
1668 1277 1857 1352 deductum

444 1397 547 1470 luerit
565 1407 605 1470 ut
619 1420 683 1472 nec
702 1397 833 1472 divinis
847 1401 1025 1496 obsequiis
1042 1423 1106 1474 uec
1121 1403 1283 1474 humanis
1296 1405 1369 1495 J'am
1387 1411 1478 1474 essct
1496 1401 1702 1474 utilitatibus
1723 1421 1858 1496 oppor-

444 1531 580 1606 tunum,
604 1521 641 1596 id
658 1523 758 1595 nobis
775 1531 869 1596 tanto
887 1547 925 1598 sc
939 1525 1082 1619 gravius
1095 1525 1219 1598 obtulit
1234 1535 1366 1620 quanto
1380 1525 1626 1599 monasterium
1643 1525 1758 1620 ipsum
1778 1543 1858 1616 spe·

444 1645 523 1718 ciali
539 1647 657 1718 lavore
676 1647 751 1720 divi
770 1649 910 1742 augusti
928 1649 1145 1743 imperatoris
1165 1650 1302 1722 Raurici
1323 1650 1491 1722 carissimi
1513 1649 1617 1744 patris
1635 1648 1742 1720 nostri
1762 1668 1858 1719 reco-

444 1771 547 1844 lende
565 1772 728 1844 memorie
744 1772 943 1846 invenimus
962 1773 1225 1860 communitum,
1240 1784 1344 1868 prout
1359 1769 1467 1871 [es]se
1481 1781 1598 1845 tenore
1612 1769 1785 1867 privilegii
1802 1771 1857 1842 sui

446 1894 546 1967 nobis
558 1895 670 1990 patuit
680 1896 872 1969 manifeste.
885 1897 1001 1981 Quare
1016 1898 1116 1970 nobis
1128 1897 1242 1970 dictus
1256 1899 1366 1971 abbas
1379 1897 1555 1970 humiliter
1565 1895 1775 1992 supplicavit
1787 1889 1856 1992 [ut]

445 2019 691 2092 monasterium
711 2021 826 2114 ipsum
847 2021 1112 2094 transformandi
1134 2022 1170 2094 in
1188 2021 1446 2094 cisterciensem
1463 2021 1621 2094 ordinem
1644 2018 1758 2093 eidem
1778 2037 1857 2113 pre·

445 2146 606 2216 beremus
624 2143 669 2216 de
694 2143 811 2216 innata
832 2145 1013 2217 clementia
1036 2145 1208 2218 licentiam
1230 2155 1265 2218 et
1286 2167 1478 2218 assensum.
1504 2147 1632 2218 Verum
1655 2144 1738 2238 quia
1757 2163 1856 2216 reve·

446 2268 575 2340 rendus
597 2275 694 2362 pater
723 2277 837 2340 noster
857 2267 1020 2341 dominus
1043 2268 1227 2362 Gregorius
1253 2293 1411 2343 summus
1434 2271 1593 2366 pontifex
1617 2269 1663 2342 ad
1692 2268 1759 2340 hoe
1784 2267 1859 2340 suis

446 2392 607 2488 precibus
623 2399 657 2464 et
672 2391 810 2464 monitis
824 2413 888 2464 nos
903 2391 1046 2465 induxit
1061 2392 1128 2490 (l),
1149 2415 1213 2466 nos
1229 2415 1349 2489 preces
1362 2404 1396 2467 et
1410 2395 1540 2467 monita
1559 2393 1716 2488 ejusdem
1730 2394 1857 2464 summi

446 2513 615 2610 pontilicis
630 2514 850 2588 admittentes
867 2525 902 2588 et
916 2515 1064 2611 predicti
1077 2515 1214 2588 abbatis
1227 2516 1538 2612 supplicationibus
1559 2515 1744 2610 benignius
1762 2515 1859 2586 ineli-

445 2639 516 2711 nati
535 2639 580 2711 de
602 2639 701 2712 solita
720 2638 958 2712 munificentia
980 2649 1097 2713 nostra
1119 2640 1233 2714 eidem
1253 2641 1370 2713 abbati
1392 2641 1626 2714 concessimus
1645 2640 1858 2712 nominatum

445 2763 691 2836 monasterinm
707 2763 823 2836 Sancti
841 2764 1029 2836 Salvatoris
1053 2765 1098 2838 de
1121 2773 1236 2836 monte
1258 2765 1395 2838 Amiato
1418 2787 1498 2838 cum
1517 2765 1680 2837 omnibus
1700 2763 1801 2835 bonis
1824 2771 1859 2834 et

441 2889 580 2982 juribus
600 2888 673 2960 suis
690 2887 726 2959 in
745 2887 1004 2962 cisterciensem
1023 2887 1180 2962 ordinem
1193 2891 1453 2980 transformare,
1479 2899 1518 2961 ut
1538 2892 1634 2962 locus
1654 2887 1714 2984 qui
1737 2907 1858 2982 spera-

445 3013 548 3086 batur
562 3033 663 3106 posse
675 3013 771 3084 nullo
786 3011 891 3085 modo
904 3015 1082 3086 reformari
1097 3015 1164 3086 sub
1176 3015 1299 3088 eodem
1317 3015 1440 3089 ordine
1452 3023 1615 3108 tanquam
1635 3015 1701 3085 sub
1715 3013 1806 3085 bono
1824 3021 1858 3085 et

447 3137 524 3210 utili
539 3139 670 3210 cultore
684 3138 829 3232 pullulet
843 3147 879 3210 et
895 3159 941 3210 ex
961 3136 1081 3211 infimo
1102 3139 1313 3234 provehatur
1331 3138 1365 3210 in
1386 3139 1513 3224 altnm;
1529 3137 1733 3233 recipientes
1748 3135 1858 3208 nomi-

446 3272 566 3335 natum
587 3260 747 3334 abbatem
768 3260 906 3334 fidelem
930 3270 1085 3334 nostrum
1108 3273 1144 3335 et
1165 3263 1335 3357 prelatum
1360 3262 1605 3336 monasterium
1628 3262 1695 3333 sub
1717 3259 1857 3356 speciali

445 3385 654 3482 protectione
664 3394 698 3458 et
710 3385 910 3458 defensione
922 3395 1048 3472 nostra,
1063 3397 1098 3458 ct
1113 3385 1229 3458 omnia
1243 3409 1313 3480 que
1327 3386 1363 3457 in
1377 3385 1559 3480 privilegio
1573 3385 1680 3480 patris
1696 3382 1802 3454 nostri
1817 3403 1858 3455 ac

446 3512 482 3581 in
508 3509 698 3606 privilegiis
718 3509 880 3582 divorum
903 3519 1131 3603 angustorum
1153 3509 1436 3606 predecessorum
1458 3519 1653 3583 nostrorum
1678 3504 1859 3579 recolende

446 3633 610 3708 memorie
637 3633 856 3707 continentur
877 3633 992 3707 eidem
1018 3634 1136 3706 abbati
1157 3643 1192 3707 ct
1219 3635 1426 3710 monasterio
1452 3635 1497 3708 de
1523 3631 1735 3726 benignitate
1760 3630 1858 3703 solita

445 3758 701 3846 confirmamus,
722 3759 820 3832 salva
837 3757 1001 3832 fidelitate
1018 3769 1052 3831 et
1068 3758 1162 3830 omni
1181 3759 1260 3850 jure
1282 3759 1416 3854 imperii
1433 3780 1503 3852 que
1520 3756 1779 3852 predecessores
1798 3754 1859 3826 ab·

447 3885 543 3956 butes
556 3882 666 3980 ipsius
681 3882 877 3954 monasterii
900 3882 1001 3955 nobis
1020 3891 1055 3955 et
1072 3883 1217 3978 imperio
1236 3884 1348 3956 iacere
1362 3882 1566 3954 tenebantur
1582 3901 1625 3952 ae
1643 3877 1737 3950 idem
1751 3875 1860 3949 abbas

445 4019 480 4081 et
497 4029 712 4082 successores
725 4006 781 4078 sui
797 4007 910 4081 iacere
930 4017 1089 4082 tenentur
1102 4017 1138 4081 ct
1155 4009 1294 4097 debent,
1309 4030 1379 4080 non
1397 3995 1613 4079 obstantibus
1627 4001 1859 4075 cisterciensis

481 4369 515 4442 (ι)
533 4367 618 4426 Adest
628 4383 672 4442 ap.
684 4367 868 4438 Uenumrurr,
884 4363 966 4436 ibid,
986 4381 1016 4439 p.
1030 4367 1097 4436 tal,
1113 4365 1227 4440 epistola
1240 4366 1361 4440 Gregorii
1373 4365 1465 4424 abban·
1478 4370 1507 4422 ct
1520 4359 1663 4421 conventui
1675 4359 1704 4417 S.
1714 4355 1859 4416 Sslvrtoris

447 4468 481 4524 do
496 4471 589 4524 monte
600 4465 706 4522 dmiato
723 4465 825 4522 directa
843 4480 897 4538 qua
909 4463 1034 4538 providet
1049 4464 1087 4521 ibi
1106 4463 1310 4522 cisterciensem
1329 4463 1452 4540 ordinem
1469 4459 1680 4536 propagandum,
1693 4461 1723 4512 ut
1734 4453 1818 4511 abbas
1830 4458 1858 4508 at

447 4568 596 4619 convontus
608 4559 708 4617 ibidem
727 4559 866 4617 ordinandi
879 4557 1049 4617 cisterciensi
1060 4559 1222 4617 monasterio
1235 4558 1389 4616 immediate
1401 4557 1472 4614 dliali
1485 4556 1634 4615 reverentia
1646 4549 1791 4610 seeundum
1803 4551 1858 4603 sta·

449 4665 506 4716 tuta
515 4659 599 4732 ipsius
610 4657 712 4716 ordinis
724 4657 778 4714 sint
787 4657 912 4730 subjecti.
923 4658 985 4714 Dat.
1002 4659 1086 4714 Rome
1100 4657 1171 4730 apud
1186 4657 1215 4714 S.
1228 4657 1348 4726 Petrum,
1365 4655 1416 4714 XV
1428 4654 1482 4711 kal.
1496 4654 1572 4724 maii,
1587 4648 1756 4728 pontificatus
1774 4643 1857 4701 nostri

449 4771 519 4814 anno
532 4753 557 4812 ll
571 4755 613 4828 (ll
625 4753 703 4829 april.
717 4755 811 4826 ⁴228).
