4602 6084
555 634 597 696 'ld
1057 639 1268 700 l'llllllllllCl
1293 638 1464 698 saccant
1499 645 1503 652 “
1772 635 1850 712 [dnn.
1871 633 1956 696 1228.

604 769 788 862 Gregorius
804 772 1000 870 episcopus,
1018 785 1100 864 etc,
1116 776 1269 848 Romano
1282 776 1488 848 Francorum
1503 770 1573 868 (sic)
1584 771 1695 864 legato
1711 771 1868 861 salutem,
1889 779 1956 842 etc.

554 891 702 965 Attende
714 915 904 986 quesumus
916 907 951 968 et
965 897 1045 972 vide
1057 899 1086 970 si
1098 907 1151 970 est
1164 898 1260 970 dolor
1274 898 1363 969 sicut
1380 897 1476 970 dolor
1490 903 1616 985 noster,
1630 891 1714 986 quia
1729 891 1837 964 filium
1854 914 1958 988 quem

554 1017 698 1089 nutrivit
731 1019 880 1092 Ecclesia
908 1021 1059 1094 Romana
1090 1026 1153 1110 [et]
1183 1021 1349 1093 exaltavit
1382 1041 1524 1114 sperans
1557 1039 1636 1090 eum
1670 1024 1958 1113 propugnatorem

554 1139 682 1214 babere
699 1151 816 1216 onuba
836 1143 986 1238 perfidas
1007 1147 1162 1218 nationes
1175 1167 1254 1218 ecce
1275 1165 1369 1216 nunc
1383 1151 1633 1239 persecutorem
1652 1141 1754 1214 sentit
1773 1141 1958 1212 immanem

553 1272 587 1336 et
602 1263 736 1336 hostem
754 1267 910 1340 validum
931 1269 1119 1364 experitur.
1144 1271 1187 1342 Et
1201 1291 1244 1342 na
1259 1278 1433 1341 taceamus
1458 1277 1588 1338 atroces
1603 1263 1746 1357 injurias
1761 1271 1795 1336 et
1806 1267 1958 1357 jacturas

553 1409 710 1460 enormes
725 1389 854 1482 quihus
868 1391 1060 1464 Fridericus
1075 1391 1188 1464 dictus
1206 1391 1389 1486 imperator
1404 1389 1590 1462 Ecclesiam
1611 1395 1646 1460 ot
1665 1407 1830 1482 personas
1850 1385 1958 1458 eccle·

551 1511 706 1584 siasticas
727 1513 967 1588 damnabiliter
983 1515 1149 1588 hactenus
1171 1515 1375 1610 flagellavit,
1396 1512 1636 1608 patrimonium
1654 1509 1840 1606 apostolice
1858 1508 1958 1582 Sedis

552 1654 613 1727 per
628 1633 814 1708 Saracenos
825 1645 860 1708 at
874 1637 959 1708 alios
970 1637 1164 1731 impugnat,
1185 1647 1219 1709 et
1236 1637 1331 1730 quod
1348 1635 1582 1709 detestabilius
1599 1643 1650 1706 est
1666 1655 1746 1705 cnm
1760 1632 1910 1706 Saldano
1924 1640 1958 1703 ct

551 1755 628 1827 aliis
645 1757 822 1830 Saracenis
846 1758 1004 1832 nefandis
1032 1759 1235 1832 contrahens
1257 1760 1454 1854 pactiones,
1478 1759 1545 1830 illis
1568 1758 1743 1848 favorem,
1763 1755 1957 1828 christianis

551 1878 673 1952 odium
682 1881 822 1954 exhibet
832 1883 1063 1974 manifestum,
1073 1883 1117 1956 ad
1126 1883 1405 1956 exterminandas
1413 1883 1533 1956 domos
1542 1880 1957 1976 Hospitaliumetfratrum

552 2003 672 2074 militie
681 2006 811 2100 Templi
823 2029 886 2100 per
895 2029 984 2100 quas
993 2007 1137 2102 reliquie
1149 2017 1237 2081 terre
1250 2018 1367 2081 sancte
1376 2007 1542 2080 hactenns
1552 2015 1634 2078 sunt
1646 2007 1840 2094 observate,
1852 2003 1959 2098 impie

552 2126 747 2200 anhelando
761 2129 823 2224 (a).
852 2131 902 2202 De
917 2131 1080 2202 mandato
1098 2132 1189 2204 enim
1209 2133 1300 2204 illius
1316 2133 1403 2202 inter
1414 2131 1600 2203 Saracenos
1613 2138 1647 2202 et
1664 2127 1868 2199 christianos
1889 2125 1958 2199 fide

551 2250 658 2322 fracta
670 2259 880 2346 treugarum,
891 2277 970 2326 cum
982 2255 1142 2326 Saraceni
1157 2255 1336 2328 domorum
1348 2253 1577 2349 predictarum
1595 2253 1778 2346 [homines]
1791 2249 1958 2322 hostiliter

552 2371 794 2467 inquietantes,
810 2377 933 2449 ononis
952 2388 986 2449 et
1000 2379 1108 2472 captis
1124 2379 1398 2475 quamplurimis,
1423 2378 1546 2472 predas
1564 2379 1680 2472 plures
1703 2375 1954 2462 abduxissent,

549 2496 731 2591 Templarii
748 2521 794 2570 ex
811 2500 875 2572 hoc
893 2502 975 2572 moti
990 2501 1251 2574 insurrexerunt
1265 2513 1383 2574 contra
1394 2501 1500 2597 ipsos,
1519 2511 1553 2573 et
1567 2523 1646 2572 cum
1659 2497 1958 2596 predasabstulis·

550 2629 626 2690 sent
637 2619 683 2690 ad
701 2621 852 2694 ualerem
867 2645 931 2696 sex
946 2625 1092 2696 millium
1106 2648 1312 2716 marcarum,
1332 2625 1478 2698 Thomas
1494 2645 1609 2696 comes
1627 2621 1830 2696 Acerrarum
1846 2620 1956 2714 impe·

550 2742 670 2814 ratoris
681 2743 818 2835 bajulus
832 2746 899 2818 illis
911 2747 1137 2820 redeuntibus
1151 2748 1361 2820 furibundus
1372 2769 1556 2820 amnuens
1566 2746 1612 2842 (b)
1622 2745 1780 2818 eamdem
1795 2743 1953 2840 predam,

549 2865 634 2958 ipsis
648 2888 715 2936 non
729 2866 939 2940 audentibus
952 2871 996 2966 (a)
1009 2874 1111 2964 juxta
1125 2871 1257 2942 ordinis
1271 2871 1325 2942 sni
1341 2871 1494 2942 instituta
1506 2891 1648 2941 manum
1657 2875 1823 2942 armatam
1839 2876 1957 2937 contra

550 2987 752 3060 christianos
767 2991 910 3085 erigere,
928 2995 1069 3066 abstulit
1083 2993 1250 3065 violenter
1261 3004 1294 3066 et
1303 2993 1456 3065 reddidit
1470 2991 1660 3082 Saracenis,
1680 2999 1793 3085 preter
1803 2988 1957 3084 quedam

549 3133 617 3203 que
628 3110 720 3182 idem
730 3113 953 3186 Thomassibi
967 3116 1092 3188 dicitur
1102 3126 1297 3189 retentasse.
1317 3119 1417 3202 Quod
1425 3117 1454 3188 si
1466 3115 1626 3188 Saraceni
1636 3113 1779 3210 predam
1798 3113 1958 3184 auferant

550 3231 760 3325 christianis,
783 3237 896 3310 dictus
915 3239 1061 3310 Thomas
1077 3261 1145 3310 non
1166 3241 1276 3311 solnm
1299 3241 1344 3312 ad
1371 3239 1662 3332 recuperationem
1682 3239 1758 3330 ejus
1778 3240 1878 3324 [non]
1902 3236 1955 3306 in·

549 3357 671 3447 tendit,
688 3357 750 3430 sed
772 3383 835 3432 nec
847 3363 973 3454 patitur
985 3371 1023 3432 ut
1039 3363 1212 3433 christiani
1229 3361 1370 3458 predam
1385 3363 1541 3433 auferant
1551 3360 1739 3456 aliquando
1761 3359 1952 3432 Saracenis.

548 3479 661 3563 erare
678 3481 872 3554 factumest
892 3493 929 3554 nt
943 3483 992 3554 illi
1010 3505 1055 3555 ex
1070 3485 1136 3555 hoc
1153 3485 1370 3557 violentiores
1384 3485 1493 3557 effecti
1511 3493 1644 3556 nostros
1661 3483 1827 3556 audacter
1840 3481 1955 3576 impu-

547 3613 666 3695 guent,
683 3613 718 3675 et
729 3605 834 3676 nostri
853 3607 1055 3700 proditionis
1069 3608 1231 3700 [aliquid]
1248 3609 1468 3681 formidantes
1481 3609 1597 3678 minus
1610 3608 1763 3680 audeant
1774 3607 1951 3697 refragari.

546 3725 589 3796 Et
603 3726 653 3796 sic
672 3727 794 3800 effusio
806 3729 986 3821 sanguinis
1000 3731 1175 3803 christiani
1199 3753 1445 3823 nonnunquam
1463 3731 1498 3802 in
1517 3731 1732 3826 imperatoris
1756 3731 1956 3806 damnabile

546 3848 680 3918 lucrum
696 3850 797 3922 cedit
818 3851 873 3922 Ad
892 3852 955 3922 hec
975 3861 1089 3923 autem
1109 3854 1254 3924 Thomas
1279 3853 1453 3946 predictus
1479 3854 1533 3924 vol
1552 3853 1668 3946 potins
1687 3854 1874 3948 imperator
1895 3874 1955 3946 per

546 3969 660 4062 ipsum
672 3973 844 4064 predictas
858 3973 979 4045 domos
994 3975 1179 4045 immanius
1193 3996 1401 4068 persequens
1423 3975 1515 4069 ipsas
1534 3975 1696 4046 domibus
1713 3987 1748 4047 et
1764 3976 1954 4070 possessio·

546 4091 648 4160 nibus
661 4115 749 4183 quas
766 4093 940 4166 habebant
954 4095 990 4167 vi
1009 4095 1145 4166 arctiori
1159 4117 1219 4188 per
1241 4095 1440 4166 violentiam
1456 4097 1634 4190 spoliavit,
1660 4119 1790 4190 easque
1812 4097 1955 4193 privile·

545 4212 612 4303 giis
627 4216 811 4306 apostolice
825 4217 924 4287 Sedis
944 4217 1080 4310 privare
1098 4217 1307 4289 contendens
1331 4217 1498 4312 imperiali
1524 4220 1694 4311 subjicere
1717 4219 1955 4311 jurisdictioni

546 4332 665 4404 nititur
680 4335 715 4404 in
729 4339 943 4410 manifestam
956 4337 1215 4410 subversionem
1227 4339 1640 4413 ecclesiasticelibertatis.
1657 4343 1803 4414 Centum
1812 4343 1956 4414 Sclavos

588 4505 629 4685 {h}
645 4506 847 4584 annullando,
862 4514 955 4584 mala;
971 4518 1123 4590 sequenda
1134 4533 1252 4594 quoque
1266 4533 1359 4593 usqua
1372 4518 1411 4578 nd
1423 4516 1610 4580 obdurabunt
1624 4523 1772 4598 corrtgere
1783 4519 1955 4581 debuimus.

651 4611 693 4670 Et
708 4629 840 4682 warena,
858 4615 945 4674 male.

589 4707 625 4792 (a)
648 4711 853 4790 denuntians,
872 4717 957 4776 mule.
