4710 6076
556 693 619 758 ³¹18
1080 695 1261 770 fltbtrcl,
1275 697 1443 762 SEPTIHI
1774 701 1854 782 [An.
1872 703 1959 770 lm

559 827 714 904 brandus
727 829 866 923 majoris
881 829 1024 904 ecclesie
1036 831 1359 927 biugdcburgeusis,
1376 833 1553 908 Conradus
1572 835 1710 928 majoris
1726 839 1869 914 ecclesie
1884 840 1961 936 Spi-

557 951 668 1026 rensis
689 952 866 1048 prepositi,
882 953 1052 1038 ilenricus
1068 955 1206 1046 majoris
1220 957 1363 1030 ecclesie
1378 955 1608 1051 Augustcusis
1621 959 1815 1056 prepositus
1829 971 1865 1036 et
1880 984 1961 1060 pro·

557 1075 746 1149 tonoturius
760 1075 947 1172 imperiulio
961 1078 1041 1150 aule
1052 1075 1083 1172 (t
1092 1075 1119 1172 ),
1132 1079 1378 1172 Tegenburdus
1391 1081 1958 1180 vicedominusbtugdeburgensis,

554 1196 728 1272 Arnoldus
744 1201 944 1274 scolasticus
967 1201 1119 1294 ibidem,
1141 1203 1309 1277 Henricus
1331 1205 1523 1299 prepositus
1539 1205 1775 1302 Pingweusis,
1797 1209 1962 1284 Ernestus

555 1341 669 1394 comes
692 1319 738 1394 de
761 1321 926 1414 Gliubeu,
950 1323 1144 1397 Fridericus
1169 1324 1215 1398 de
1242 1325 1468 1417 Kelberowu,
1488 1328 1716 1424 Reyuherdus
1741 1330 1787 1404 de
1807 1333 1955 1428 Torvcit,

554 1443 723 1518 lienricus
739 1444 1016 1534 deOclrenbeim,
1033 1446 1245 1520 Ebirbordus
1258 1447 1392 1544 dapifer
1405 1451 1668 1547 deWuldburg,
1685 1453 1863 1528 Gourudus
1880 1455 1959 1550 pin·

552 1587 655 1640 cerna
673 1567 718 1641 de
733 1567 1003 1660 Wintcrstedon,
1028 1571 1195 1644 Henricus
1219 1570 1265 1646 de
1288 1571 1462 1668 Gisilliug,
1482 1573 1660 1650 Conrudus
1685 1575 1731 1652 de
1746 1578 1875 1652 Werdu
1898 1599 1957 1653 cu·

554 1690 691 1763 merarii
727 1691 812 1764 tulii
828 1694 1063 1789 quamplures.

600 1811 687 1886 Actu
706 1822 787 1886 sunt
811 1815 876 1888 bec
892 1815 1102 1888 Nuremberc
1126 1815 1172 1890 de
1190 1839 1360 1892 consensu
1378 1819 1573 1916 principum
1595 1817 1847 1918 predictorum,
1867 1843 1958 1898 unuo

553 1935 663 2030 gretie
675 1936 899 2012 mccxxvnl
913 1937 979 2035 (2),
997 1939 1185 2013 indictione
1196 1941 1235 2012 1⁵.

517 2581 526 2608 .
603 2519 788 2607 Hemicus
812 2521 1072 2607 Romanorum
1093 2547 1160 2606 rex
1180 2521 1445 2606 Eberhmdum
1465 2521 1781 2634 Scizbmgensem
1801 2523 1955 2608 arehie-

550 2655 747 2764 piscopum
757 2653 868 2765 juxto
879 2654 1171 2766 resignationem
1191 2655 1416 2741 uLudorioo
1433 2655 1530 2740 duce
1547 2654 1740 2742 Bnururiue
1755 2655 1896 2740 suctum
1908 2657 1957 2742 de

549 2788 731 2872 comitutu
745 2789 785 2870 in
798 2788 965 2897 Pinzguu
973 2787 1062 2897 jure
1075 2787 1263 2898 regalium
1284 2789 1325 2870 iu
1346 2796 1570 2900 perpetuum
1587 2787 1758 2898 investit,
1775 2789 1956 2873 terminos

549 2945 625 3030 que
639 2919 810 3030 ejusdem
828 2921 1028 3004 comitatus
1044 2919 1189 3005 definit.

631 3096 803 3214 (Memorat.
818 3076 1076 3212 epitomum,
1090 3129 1507 3212 repercuterem.
1524 3141 1582 3196 tue
1596 3137 1627 3196 et
1643 3139 1720 3210 tto,
1734 3131 1836 3196 oddo
1855 3135 1955 3194 tumen

668 3237 725 3300 boc
737 3239 906 3301 documenti
917 3240 1083 3320 bugmsmu
1096 3239 1177 3320 quod
1190 3239 1387 3319 exhibemus.)

601 3477 775 3499 ...........
798 3425 1022 3525 [contutum
1047 3419 1196 3522 scilicet]
1222 3424 1434 3520 superiorem
1457 3423 1679 3519 incipientem
1701 3423 1737 3495 in
1756 3431 1873 3498 monte
1893 3423 1955 3518 qui

548 3549 675 3625 dicitur
689 3551 888 3623 Haveuoere
904 3549 965 3622 ubi
987 3549 1095 3621 oritur
1110 3549 1238 3620 duvios
1251 3549 1349 3621 Suizu
1365 3555 1400 3620 et
1423 3545 1577 3620 decurrit
1591 3567 1652 3642 per
1673 3548 1814 3642 planum
1839 3565 1954 3640 usque

547 3673 594 3748 ud
609 3674 723 3747 locum
737 3674 798 3768 qui
813 3671 939 3746 dicitur
951 3671 1243 3746 ¹Wniberaiuoede
1258 3691 1322 3767 por
1346 3671 1508 3764 longum,
1535 3689 1597 3764 per
1618 3669 1726 3741 lotum
1751 3689 1835 3742 vere
1851 3675 1955 3764 prout

548 3805 684 3870 montes
711 3818 758 3870 ox
784 3804 931 3890 utruque
959 3805 1057 3891 purte
1082 3795 1257 3869 continent
1287 3793 1468 3868 cacumina
1497 3787 1714 3867 mmmmm
1740 3791 1949 3864 comitatum.

546 3920 745 3994 interiorem
769 3927 886 3993 cutem
909 3919 1101 4014 upredicto
1119 3920 1195 3992 loco
1211 3915 1498 3992 Wulberainoede
1513 3939 1576 4014 per
1592 3918 1734 4011 longum
1755 3923 1797 3988 ct·
1810 3915 1953 4011 planum

547 4042 639 4116 sicut
654 4043 748 4116 dictu
769 4063 862 4138 uquu
883 4043 980 4115 Sabo
1006 4041 1177 4130 decurrit,
1203 4041 1315 4114 donec
1339 4041 1408 4136 ipsi
1433 4051 1565 4115 torrens
1584 4040 1646 4135 qui
1672 4039 1799 4112 dicitur
1822 4039 1954 4110 Tuentu

546 4163 818 4265 (Dieutenbucb)
842 4165 964 4238 induat
980 4167 1083 4259 juxto
1102 4167 1243 4259 Bongcu
1261 4173 1297 4239 et
1319 4165 1488 4239 exultem
1508 4172 1605 4260 purte
1619 4183 1682 4259 peu
1700 4159 1841 4235 Salveld
1857 4157 1953 4255 (Sul-

548 4289 678 4387 ielden)
691 4299 727 4364 et
740 4291 906 4364 ioueem
922 4288 1050 4386 (inim)
1065 4297 1100 4362 et
1113 4309 1226 4383 usque
1246 4288 1308 4362 ubi
1322 4289 1380 4362 Sul
1397 4287 1507 4362 durio
1521 4287 1598 4384 ripu
1614 4286 1728 4360 induit
1742 4305 1813 4380 que
1826 4283 1952 4357 dicitur

582 4599 619 4674 (t)
637 4595 1074 4658 ffiboetbrmmmomsidem
1085 4595 1131 4670 qui
1142 4611 1262 4672 suprup.
1273 4591 1947 4672 secuncundugmtembslooeomcnoruur,

544 4697 594 4758 sod
602 4701 696 4771 posteo
708 4711 762 4754 non
773 4693 944 4754 confirmatum
954 4693 1073 4754 sibotoni
1080 4691 1180 4752 comt?

582 4791 617 4868 (2)
635 4793 717 4852 Deest
729 4792 832 4852 notabo
843 4793 954 4864 mensis,
967 4789 1062 4866 proed
1071 4788 1154 4848 dubio
1164 4787 1245 4848 lotii.
