4710 6076
937 607 1109 672 rrsunrcr
1134 611 1301 674 surrrnr
1640 617 1718 704 [aas.
1736 619 1822 682 rme.

220 1183 362 1334 lpffi’
459 1187 645 1273 Henricus
653 1189 916 1277 Romanorum
924 1221 992 1278 rex
1000 1197 1050 1279 ad
1064 1197 1378 1307 supplicationem
1387 1199 1528 1310 AEgidii
1538 1200 1686 1284 obbatis
1696 1201 1823 1284 Sancti

407 1321 549 1406 Gisleni
575 1333 700 1408 ratam
726 1327 842 1412 habet
857 1339 895 1412 et
914 1329 1116 1414 confirmat
1134 1333 1426 1442 promissionem
1442 1361 1466 1416 a
1484 1335 1682 1420 Fernando
1697 1335 1822 1419 Flan-

405 1457 511 1542 driae
532 1468 571 1541 et
586 1459 809 1546 Harmoniae
825 1465 962 1547 comite
981 1464 1121 1548 factam
1139 1467 1188 1550 de
1210 1491 1288 1550 non
1311 1467 1549 1552 molestando
1570 1471 1704 1554 eodem
1726 1495 1820 1554 mo-

403 1595 581 1676 nasterio.

483 1807 875 1888 (maturescerent.
891 1808 926 1870 de
939 1811 974 1872 S.
991 1809 1133 1887 Glrr‘stoto,
1148 1829 1197 1891 ap.
1213 1813 1444 1888 ariminus,
1459 1815 1587 1878 llam
1596 1833 1676 1898 pour
1692 1819 1783 1880 emb
1799 1817 1819 1878 d

522 1911 613 1978 rtur.
628 1914 769 1998 daproc.
784 1915 819 1978 de
831 1919 1064 1994 detractate,
1088 1926 1112 1981 t.
1128 1921 1218 1994 vm,
1233 1938 1265 1999 p.
1282 1929 1351 1982 ⁴²2.
1362 1921 1436 1984 Goll.
1452 1939 1521 1984 cum
1534 1925 1642 2002 crtgtm
1658 1927 1690 1984 tn
1702 1925 1817 1988 srcblv.

522 2023 720 2098 Bruxellensl,
735 2027 821 2104 cutus
833 2025 965 2104 dgtllum
978 2027 1081 2102 perllt,
1097 2026 1320 2088 remanentibus
1331 2026 1389 2088 tllls
1401 2029 1502 2089 mrtcts
1514 2027 1596 2089 rubrl
1608 2029 1737 2104 solerte.)

449 2208 618 2282 ilenricus
632 2209 695 2282 Dei
708 2209 819 2304 gratia
831 2209 1068 2284 Romanorum
1083 2233 1148 2284 rex
1162 2219 1197 2285 et
1212 2233 1348 2309 semper
1363 2223 1545 2308 augustus,
1554 2213 1728 2288 universis
1737 2235 1818 2312 pre·

399 2341 531 2405 sentem
545 2331 708 2441 paginam
724 2333 931 2429 inspecturis
956 2333 1104 2428 gratiam
1120 2357 1221 2408 suam
1243 2345 1279 2408 et
1296 2357 1399 2409 omne
1420 2337 1563 2410 bonum.
1586 2335 1672 2408 Cum
1702 2348 1817 2410 esseut

399 2457 435 2527 in
450 2457 631 2552 sollempni
645 2455 742 2530 curia
758 2467 873 2530 nostra
886 2455 1097 2552 Aquisgrani
1111 2457 1147 2530 in
1168 2459 1346 2533 audientia
1365 2460 1585 2534 sublimitatis
1599 2469 1713 2534 nostre
1727 2482 1817 2534 con-

397 2580 506 2654 stituti
524 2579 728 2654 karissimus
742 2579 856 2656 tidelis
869 2591 986 2656 noster
1001 2581 1205 2656 Fernandns
1219 2583 1380 2658 Flandrie
1394 2593 1430 2656 et
1445 2583 1576 2658 Halone
1588 2605 1704 2656 comas
1717 2585 1816 2657 illus·

395 2703 459 2776 tris
477 2725 525 2778 ex
542 2727 613 2778 una
630 2713 726 2801 purte
743 2713 778 2778 et
790 2706 1000 2780 venerabilis
1016 2705 1130 2780 fidelis
1143 2715 1259 2780 noster
1272 2707 1418 2802 Egidius
1433 2707 1542 2780 abbas
1557 2707 1671 2781 Sancti
1684 2705 1813 2784 Gisleni

396 2829 578 2922 exaltare,
597 2827 690 2902 idem
712 2828 859 2903 abbaso
880 2831 1033 2926 benigno
1055 2831 1271 2904 celsitudinis
1298 2839 1414 2904 nostre
1438 2833 1557 2905 lavore
1578 2831 1756 2904 humiliter
1771 2853 1814 2906 ac

396 2955 521 3028 devote
538 2955 749 3050 supplicavit
761 2963 799 3027 ut
817 2964 1006 3060 memorato
1021 2955 1138 3026 comiti
1156 2955 1334 3050 precipere
1348 2955 1572 3047 dignaremur
1587 2965 1627 3027 ut
1640 2967 1813 3030 monaste-

395 3080 485 3151 rium
511 3079 627 3151 Sancti
654 3077 783 3151 Gisleni
800 3079 907 3176 'quod
934 3103 960 3150 a·
980 3079 1284 3173 predecessoribus
1314 3080 1439 3153 nostris
1464 3079 1557 3153 divis
1580 3081 1811 3154 Romanorum

394 3203 536 3299 regibus
557 3215 592 3276 et
618 3203 884 3298 imperatoribus
906 3201 1033 3298 legitur
1059 3224 1137 3276 esse
1163 3203 1347 3276 fundatum
1374 3203 1590 3277 libertatibus
1612 3202 1657 3276 ab
1678 3203 1810 3277 eisdem

395 3328 536 3422 regibus
548 3335 584 3399 et
601 3311 879 3422 imperatoribus,
903 3326 993 3398 sicut
1010 3327 1046 3397 in
1061 3327 1215 3422 ipsorum
1232 3327 1368 3421 scriptis
1386 3327 1593 3418 continetur,
1608 3325 1724 3399 eidem
1737 3347 1812 3400 mo-

395 3450 543 3524 nasterio
561 3437 705 3524 indaltis
717 3450 826 3523 libere
838 3471 881 3522 ac
894 3450 1040 3546 pacifice
1055 3451 1265 3546 permitteret
1280 3449 1446 3544 gaudere,
1462 3457 1497 3522 et
1509 3459 1548 3522 ut
1564 3449 1717 3545 equitate
1732 3473 1810 3525 sua·

395 3576 500 3649 dente
520 3573 678 3647 inhibere
697 3575 866 3647 vellemus
889 3573 1046 3670 predicto
1071 3575 1187 3646 comiti
1206 3595 1251 3646 ne
1271 3595 1331 3668 per
1353 3595 1391 3645 se
1411 3574 1469 3646 vel
1490 3593 1551 3668 per
1573 3573 1732 3668 baylivcs
1753 3575 1808 3648 vel

395 3698 587 3796 prepositos
601 3719 663 3772 seu
678 3697 765 3772 alios
775 3696 936 3772 subditos
949 3719 1033 3770 suos
1048 3719 1190 3770 manum
1205 3697 1354 3770 mitteret
1368 3697 1404 3768 in
1420 3696 1590 3785 homines,
1601 3717 1734 3787 servos,
1745 3719 1809 3770 an·

366 3823 490 3898 'ciliae
501 3844 634 3896 necnon
644 3831 679 3896 et
691 3821 778 3896 elias
793 3844 849 3895 res
865 3821 941 3894 sive
958 3821 1103 3894 mobiles
1117 3821 1193 3894 sive
1208 3821 1402 3894 immobiles
1415 3819 1577 3894 antedicti
1593 3819 1805 3914 monasterii,

391 3946 564 4043 quamdiu
577 3947 652 4043 ipse
670 3946 780 4020 abbas
794 3955 936 4042 paratus
949 3954 1039 4018 esset
1055 3945 1221 4018 exhibere
1239 3943 1284 4016 de
1301 3943 1387 4039 ipsis
1396 3944 1537 4036 justicie
1555 3945 1807 4039 plenitudinem

390 4073 482 4144 sicut
495 4071 649 4146 deberet.
667 4070 723 4145 Ad
736 4070 801 4142 beo
818 4069 1077 4166 prenominatus
1095 4089 1210 4142 comes
1224 4067 1402 4162 respondit
1417 4065 1513 4162 quod
1531 4065 1650 4140 habito
1663 4068 1808 4140 consitio

391 4217 497 4291 super
517 4195 573 4268 bis
593 4195 699 4268 vellet
716 4193 922 4267 deliberare.
946 4193 1016 4264 Nos
1033 4211 1117 4262 vero
1136 4191 1181 4263 de
1201 4191 1300 4262 solita
1321 4190 1534 4284 benignitate
1552 4189 1666 4262 eidem
1688 4189 1805 4262 comiti

390 4320 525 4392 deterre
539 4319 695 4391 volentes
710 4316 866 4388 diximus
879 4315 976 4410 quod
989 4313 1150 4386 nuntium
1164 4323 1320 4388 nostrum
1336 4311 1471 4386 fidelem
1489 4313 1535 4418 ad
1552 4313 1667 4408 ipsum
1689 4313 1805 4384 mitte·

389 4464 519 4532 remus,
536 4442 597 4536 qui
616 4440 717 4513 nobis
731 4437 880 4514 tideliter
895 4440 1050 4533 ejusdem
1070 4417 1204 4511 comitis
1219 4459 1423 4533 responsum
1435 4445 1633 4532 reportaret.
1645 4435 1806 4508 Misimus

388 4569 506 4660 itaque
526 4565 706 4660 adipsum
726 4563 961 4635 uenerabilem
984 4583 1027 4635 ac
1049 4561 1235 4634 discretum
1256 4561 1371 4633 virum
1390 4561 1590 4654 magistrum
1611 4557 1802 4632 Iohannem

388 4691 504 4763 Sancti
526 4689 697 4764 Tradonis
713 4697 747 4762 et
766 4687 882 4762 Sancti
901 4687 1069 4774 Heriberti
1091 4687 1251 4759 abbatem
1269 4685 1330 4780 qui
1351 4683 1471 4756 audito
1492 4683 1675 4777 diligenter
1694 4701 1803 4777 sepe-
