4642 6106
575 627 636 688 222
1075 625 1287 692 snlnnltlcl
1312 630 1483 694 sncultltt
1800 627 1879 706 [aaa.
1897 625 1984 690 193⁰.

657 761 665 842 l
673 761 781 824 lnedlt.
793 765 824 822 ln
837 762 951 824 archiv.
967 761 1106 840 possset.
1119 764 1233 830 Maseli.
1246 785 1285 830 ax
1297 769 1433 848 originall
1448 785 1499 846 ap.
1514 764 1599 828 hicn
1615 761 1680 826 d'or
1692 760 1728 824 dc
1738 759 1842 824 luel.
1856 759 1985 840 artrica,

692 878 726 929 n⁰
741 876 791 947 Π,
806 871 891 946 cujus
904 867 986 928 hulla
1000 885 1089 930 nmen
1102 887 1170 934 enm
1183 871 1242 936 fllls
1255 877 1353 954 perlit.
1361 873 1619 938 Tramerlhltnrln
1627 870 1700 933 cod.
1714 870 1795 932 dicto
1807 870 1893 932 dicre
1905 868 1986 943 cad,

693 973 746 1034 fol.
766 983 799 1033 11
823 981 866 1048 vt,
888 980 918 1034 et
936 991 982 1052 ap
997 975 1203 1051 Bounmnr,
1219 979 1303 1040 Actor
1318 981 1435 1040 omum
1448 986 1476 1040 et
1489 976 1651 1052 nodam,
1665 983 1839 1038 comment
1851 972 1985 1036 tastu.

694 1077 823 1153 o’rlrtor,
839 1085 863 1142 t.
879 1081 927 1156 ll,
942 1081 996 1142 lol.
1014 1091 1050 1142 ⁷5
1063 1089 1160 1157 recto,
1176 1093 1209 1145 n·
1223 1095 1280 1160 ²³,
1295 1087 1369 1148 Mss.
1382 1089 1414 1146 ln
1429 1083 1502 1148 hlbl.
1516 1081 1648 1164 Arelat.)

623 1286 816 1360 Fridericus
830 1287 892 1359 Dei
907 1287 1016 1380 gratia
1029 1287 1259 1362 Romanorum
1281 1289 1477 1386 imperator,
1502 1310 1637 1384 semper
1656 1297 1837 1383 angustus,
1861 1287 1988 1361 lhenn-

575 1411 681 1484 salem
702 1419 737 1482 et
752 1410 867 1482 Sicilie
887 1431 963 1482 rex.
984 1411 1048 1483 Per
1063 1434 1205 1507 presens
1228 1414 1394 1510 scriptum
1411 1423 1531 1486 notum
1549 1413 1623 1485 lieri
1637 1415 1800 1487 volumus
1814 1413 1989 1486 universis

576 1535 709 1631 imperii
718 1533 983 1631 fidelibusquod
992 1537 1094 1629 lingo
1103 1538 1312 1610 venerabilis
1321 1536 1529 1611 Arelatensis
1540 1537 1832 1634 archiepiscopus,
1841 1537 1990 1610 dilectus

575 1659 735 1754 princeps
749 1667 874 1749 noster,
889 1659 935 1732 ad
949 1662 1156 1754 presentiam
1171 1671 1321 1735 nostram
1334 1661 1502 1736 accedens
1516 1661 1668 1758 inopiam
1682 1683 1781 1734 snam
1798 1670 1833 1733 et
1846 1660 1990 1733 ecclesie

573 1805 639 1856 sue
656 1783 832 1855 humiliter
846 1785 1009 1878 exposuit
1026 1785 1224 1858 celsitudini
1246 1795 1380 1878 nostre,
1397 1807 1438 1858 ac
1453 1786 1600 1880 qualiter
1616 1783 1739 1858 eadem
1756 1784 1901 1858 ecclesia
1924 1807 1990 1858 sua

576 1917 650 1980 tum
662 1916 801 2002 propter
809 1909 1252 2002 concursuehostinm,tnm
1261 1919 1399 2006 propter
1407 1909 1709 1983 ausoniamcanri
1718 1909 1852 1982 Salonis
1863 1909 1989 2003 quoda

575 2031 1187 2126 nobisetimperiotenetimmedintc,
1199 2035 1384 2106 multorum
1394 2034 1439 2105 sit
1448 2033 1642 2106 debitorum
1653 2042 1986 2130 onerepregravata;

577 2154 934 2250 etcumexpositapcr
943 2157 1105 2232 eumdem
1115 2157 1321 2230 intellexerit
1332 2167 1448 2231 nostra
1458 2159 1621 2231 serenitas
1632 2157 1826 2254 diligenter,
1839 2167 1910 2229 tam
1920 2157 1987 2230 sihi

576 2300 682 2374 quam
697 2278 934 2373 prenominata
949 2279 1139 2354 Arelatensi
1149 2282 1292 2356 ecclesie
1299 2282 1452 2376 benigno
1460 2283 1706 2378 compatientes
1716 2281 1855 2372 affectu,
1872 2289 1991 2376 utpote

575 2403 1459 2499 quinenessitateesnnsgravesgerimusetmolestas,
1468 2405 1676 2499 adejusdem
1684 2406 1827 2480 ecclesie
1838 2404 1991 2502 inopiam

576 2519 797 2600 relevandam
819 2537 854 2599 et
867 2529 1102 2624 ampliandam
1117 2531 1309 2604 custodiam
1326 2531 1411 2604 dicti
1428 2532 1530 2604 castri
1546 2551 1652 2626 qnam
1671 2551 1735 2626 pro
1757 2530 1887 2602 malitia
1901 2538 1993 2601 tem-

578 2652 671 2747 poris
690 2652 800 2746 exigit
814 2652 1046 2748 grandiorem,
1068 2653 1113 2728 de
1129 2654 1364 2728 munificentie
1383 2663 1498 2729 nostre
1510 2655 1621 2750 gratia
1639 2653 1863 2729 concedimus
1878 2651 1992 2727 eidem

578 2776 835 2872 archiepiscopo
846 2777 882 2848 in
893 2777 966 2850 vita
977 2801 1041 2851 sna
1054 2779 1241 2874 pedagium
1252 2779 1288 2852 in
1300 2780 1376 2876 ipso
1385 2789 1495 2852 castro
1502 2779 1649 2871 Salonis,
1664 2787 1703 2850 nt
1714 2778 1891 2852 liceatsibi
1904 2775 1993 2850 illud

579 2900 780 2972 securitate
789 2911 903 2974 nostra
913 2923 981 2974 non
994 2925 1015 2976 a
1029 2904 1220 2998 peregrinis
1233 2903 1296 2978 sed
1311 2927 1331 2976 a
1347 2903 1594 2977 mercatoribus
1601 2903 1778 3000 percipere
1792 2901 1988 2976 moderate:

580 3023 743 3096 videlicet
763 3023 919 3118 quinque
946 3025 1074 3098 solidos
1096 3035 1299 3100 turonenses
1316 3027 1361 3102 de
1378 3027 1534 3122 qualibet
1553 3049 1679 3122 magna
1706 3025 1886 3100 evectione
1905 3034 1992 3098 tros·

580 3149 702 3221 sellum
732 3148 807 3220 sive
839 3148 1058 3222 involucrum
1084 3149 1281 3242 deserente,
1305 3173 1326 3224 a
1351 3151 1516 3226 mediocri
1536 3173 1620 3226 vero
1643 3162 1711 3224 tres
1741 3150 1871 3224 solidos
1896 3159 1992 3222 turn-

580 3293 719 3363 neusse,
741 3295 762 3344 a
792 3271 968 3345 deserente
989 3274 1095 3346 salom
1118 3272 1200 3370 (sic)
1225 3285 1293 3348 tres
1315 3275 1474 3348 denarios
1500 3275 1655 3369 ejusdem
1682 3283 1819 3350 moneto
1839 3273 1993 3370 recipere

580 3403 614 3468 et
632 3395 771 3468 hahere.
790 3397 833 3468 Et
852 3395 882 3468 si
901 3405 1005 3470 strata
1027 3397 1168 3492 publica
1181 3409 1372 3473 mutaretur
1389 3401 1435 3474 ad
1456 3401 1571 3472 locum
1592 3400 1628 3472 in
1648 3421 1719 3494 quo
1743 3399 1836 3474 diota
1848 3397 1993 3472 ecclesia

576 3519 851 3612 jurisdictionem
870 3520 996 3594 haheat
1011 3525 1253 3620 temporalem,
1270 3525 1337 3598 sihi
1356 3526 1485 3598 ibidem
1508 3524 1595 3598 illud
1618 3525 1715 3620 qood
1734 3546 1841 3620 snpra
1861 3521 1992 3596 dictum

580 3653 632 3716 est
651 3643 837 3739 pedagium
853 3645 1005 3740 recipere
1024 3647 1141 3736 liceat,
1161 3648 1266 3743 priori
1280 3647 1430 3743 pedagio
1450 3647 1624 3722 derelicto.
1654 3649 1798 3742 Insuper
1821 3645 1866 3719 de
1881 3645 1993 3717 abun·

581 3767 730 3841 dantiori
744 3789 885 3861 quoquc
898 3771 1008 3863 gratia
1025 3779 1140 3843 nostra
1152 3769 1375 3844 concedimus
1387 3771 1501 3845 cidem
1515 3771 1773 3868 archiepiscopo
1790 3769 1827 3840 in
1844 3769 1917 3841 vita
1929 3789 1994 3840 sua

581 3891 676 3986 quod
695 3891 731 3963 in
749 3891 891 3964 llumine
908 3891 1065 3966 llhodani
1082 3894 1185 3984 juxta
1208 3895 1382 3968 civitatem
1397 3893 1630 3970 Arelatensem
1649 3905 1684 3969 et
1703 3895 1739 3966 in
1762 3894 1831 3967 alio
1851 3891 1992 3965 brachio

582 4023 779 4089 transeunte
800 4025 881 4088 ante
907 4026 1058 4089 castrum
1081 4017 1296 4090 Furchonem
1317 4017 1382 4114 (l),
1401 4041 1464 4116 pro
1484 4021 1637 4114 quolibet
1663 4039 1789 4112 magno
1813 4018 1992 4090 involucro

581 4139 657 4214 sive
671 4141 824 4212 trossello
839 4150 909 4212 tam
928 4141 1150 4220 ascendendo
1163 4164 1268 4235 quarn
1284 4141 1527 4218 descendendo
1540 4163 1601 4238 per
1614 4141 1821 4216 Rhodanum
1837 4140 1994 4234 quinque

583 4263 711 4335 solidos
729 4275 931 4336 turonenses
952 4273 987 4336 et
1003 4285 1066 4360 pm
1086 4265 1251 4338 mediocri
1275 4267 1427 4338 trossello
1451 4275 1520 4338 tam
1544 4266 1763 4340 ascendendo
1784 4283 1890 4360 qnam
1910 4263 1992 4336 des·

585 4387 765 4461 candendo
791 4396 859 4460 tres
883 4388 1012 4462 solidos
1033 4387 1124 4462 dicte
1151 4395 1286 4461 monete
1311 4411 1375 4462 nec
1396 4411 1465 4462 non
1486 4398 1521 4462 et
1542 4411 1604 4486 pro
1631 4390 1748 4463 modio
1770 4389 1852 4462 salis
1872 4408 1993 4464 ascen·

624 4746 660 4819 (l)
678 4745 763 4805 Hodie
776 4747 922 4822 Fonrquet.
