4602 6084
335 673 431 734 buter.
450 669 490 754 1.]
772 669 969 776 liisruitia
994 670 1284 736 birhotliiiicit
1700 665 1738 726 51

333 803 522 886 celebrent
536 809 705 909 tempore
722 799 909 886 interdicti
928 805 1001 888 sub
1017 833 1130 915 poena
1144 801 1392 890 revocationis
1414 800 1604 884 bonorum
1623 796 1741 880 eccle-

333 934 585 1017 siasticorum.

414 1148 502 1228 [Edit.
517 1166 565 1228 ap.
579 1150 672 1210 Para.
688 1165 728 1208 nr
740 1149 859 1220 vissus,
876 1150 970 1228 Epist.
988 1153 1056 1214 Lib.
1075 1153 1102 1228 Ι,
1119 1169 1185 1230 cap.
1202 1149 1321 1224 xxill;
1336 1165 1428 1228 quam
1438 1146 1568 1226 quidam,
1583 1146 1651 1208 licat
1664 1147 1742 1208 notis

453 1255 666 1333 chronologicis
679 1260 796 1330 careat,
811 1255 851 1316 ad
863 1255 943 1316 hunc
954 1255 1051 1319 locum
1064 1261 1113 1320 oui
1126 1259 1256 1336 apprime
1269 1256 1407 1317 conuenit
1418 1250 1620 1330 collocamus.)

384 1441 605 1532 Fredericus,
627 1449 693 1514 etc.
712 1443 803 1514 inter
819 1451 951 1533 cetera,
971 1465 1040 1538 que
1053 1441 1292 1516 sollicitudinis
1313 1449 1428 1514 nostre
1441 1461 1525 1512 cura
1541 1437 1742 1534 quotidiana

336 1585 382 1637 ex
400 1563 556 1656 diligenti
571 1562 794 1637 meditatione
811 1565 974 1657 revolvit,
997 1565 1083 1638 illud
1097 1564 1245 1638 occurrit
1262 1573 1377 1637 nostre
1393 1561 1656 1636 considerationi
1670 1583 1745 1657 pre·

337 1687 497 1784 cipnum,
513 1687 663 1782 qualiter
677 1688 896 1761 venerandus
915 1689 1107 1762 orthodoxe
1119 1687 1201 1761 iidei
1218 1697 1333 1760 nostre
1350 1687 1463 1759 cultus
1478 1685 1596 1760 debito
1611 1685 1744 1759 anobis

335 1821 370 1881 et
384 1809 508 1882 nostris
524 1809 686 1883 fidelibus
704 1809 828 1883 affectu
838 1809 1007 1884 etdevola
1021 1811 1243 1884 veneratione
1253 1811 1405 1899 colatur,
1422 1819 1540 1904 niquo
1550 1831 1611 1904 pre
1622 1807 1743 1882 ceteris

337 1932 459 2006 mundi
485 1933 698 2028 principibus
726 1933 846 2007 divina
873 1933 997 2007 dextra
1020 1943 1175 2006 nostrum
1200 1933 1301 2025 erigit
1324 1931 1427 2004 altius
1447 1932 1591 2022 solium,
1616 1953 1658 2004 eo
1682 1953 1744 2026 per

337 2055 487 2128 officiose
514 2055 734 2150 gratitudinis
760 2057 935 2148 debitum,
962 2067 1077 2130 nostra
1098 2067 1133 2129 et
1153 2065 1347 2129 nostrorum
1374 2055 1504 2148 ubique
1522 2053 1660 2128 devotio
1677 2055 1742 2127 sihi

337 2180 449 2252 soluat
460 2201 604 2252 munera
619 2179 818 2273 gratimum.
837 2181 892 2253 Ex
908 2181 1105 2274 ecquidem
1119 2189 1231 2276 potest
1239 2178 1457 2273 regnantium
1468 2177 1610 2251 felicitas
1622 2179 1742 2272 augeri

338 2302 529 2397 potissime,
556 2303 825 2376 atsubditorum
849 2313 958 2376 statam
989 2304 1118 2377 servari
1147 2302 1332 2399 pacificus,
1357 2301 1387 2374 si
1408 2302 1482 2395 regi
1501 2323 1623 2395 regum
1646 2311 1742 2395 grato

338 2423 532 2498 devotionis
554 2425 679 2499 exenio
703 2427 918 2522 placeamus3
936 2448 1001 2500 nec
1014 2426 1228 2501 err-scandali
1246 2425 1391 2518 alicujus
1412 2424 1631 2520 subreptione
1644 2425 1742 2498 dam·

338 2549 442 2622 nabili
462 2551 575 2622 cuitus
593 2549 695 2623 debet
716 2552 875 2646 postponi
896 2552 953 2624 vel
975 2551 1151 2624 intermitti
1173 2550 1390 2638 dominicus,
1408 2549 1491 2643 quia
1505 2569 1576 2642 quo
1594 2551 1743 2645 amplius

337 2673 488 2746 humana
515 2671 677 2746 scandala
699 2673 910 2768 quandoque
933 2675 1137 2766 lasciviunt,
1164 2695 1206 2746 eo
1232 2681 1472 2768 tempestatum
1496 2671 1633 2744 sedator
1653 2684 1743 2746 esset

337 2796 498 2870 devotius
518 2795 727 2869 exorandus.
750 2796 864 2881 Quare
890 2797 1045 2871 fidelitati
1070 2807 1130 2870 tue
1148 2797 1373 2886 mandamus,
1393 2804 1565 2888 quatenus
1582 2797 1744 2870 omnibus

338 2920 476 3014 prelatis
497 2929 531 2992 et
552 2919 685 2992 clericis
701 2917 746 2991 de
756 2920 996 3011 jurisdictione
1014 2931 1075 2994 tua
1094 2921 1130 2992 in
1154 2921 1270 3016 aliquo
1290 2921 1366 2992 loco
1380 2917 1506 2991 idoneo
1523 2921 1741 3012 conuocatis,

337 3044 553 3140 presentibus
572 3043 734 3116 iratribus
751 3043 1027 3118 Predicatoribus
1041 3053 1075 3118 et
1092 3045 1300 3134 Minoribus,
1324 3065 1384 3138 per
1397 3045 1546 3138 aliquem
1559 3043 1673 3116 virum
1692 3067 1745 3118 sa·

338 3167 508 3262 piantem,
528 3167 713 3240 litteratum
735 3175 769 3239 et
787 3167 993 3261 iucundum,
1013 3169 1117 3241 iacias
1136 3169 1187 3241 eis
1207 3168 1390 3262 diiigenter
1404 3168 1551 3263 exponi,
1567 3168 1663 3262 quod
1681 3190 1744 3241 nos

339 3299 502 3384 tanquam
517 3291 676 3386 princeps
690 3290 896 3384 catholicus,
923 3301 957 3365 el
971 3292 1136 3364 catholice
1155 3290 1236 3364 fidei
1253 3293 1484 3386 amplexator,
1502 3291 1634 3364 ardenti
1648 3291 1744 3364 desi-

339 3412 435 3486 derio
453 3413 682 3504 adfectamus,
700 3413 795 3506 quod
810 3416 930 3510 prelati
943 3415 1182 3506 ecclesiarum,
1201 3415 1334 3505 clerici,
1355 3415 1506 3508 religiosi
1524 3423 1560 3488 et
1574 3417 1745 3488 seculares

341 3536 459 3609 divina
470 3537 581 3609 officia
593 3537 731 3632 publice
749 3537 785 3608 in
801 3539 970 3630 ecclesiis,
989 3539 1207 3633 presentibus
1221 3540 1374 3611 iocorum
1386 3537 1580 3632 indigenis,
1598 3538 1644 3611 ad
1655 3539 1746 3611 illius

340 3659 483 3753 gloriam
497 3669 532 3730 et
545 3661 683 3733 laudem
699 3660 883 3752 celebrent,
901 3663 962 3756 qui
976 3671 1227 3734 sacrosanctam
1240 3661 1429 3734 Ecclesiam
1444 3661 1604 3734 fundarit
1615 3661 1746 3734 incom-

341 3783 548 3855 mutabiliter
561 3805 665 3878 supra
677 3793 821 3878 petram.
839 3785 892 3856 Ex
904 3784 1319 3880 nostraautempresentis
1333 3784 1580 3856 exhortationis
1593 3785 1745 3874 oraculo,

340 3905 515 3998 aliquibus
539 3905 734 3978 celebrandi
755 3907 941 3980 necessitas
959 3930 1027 3981 non
1043 3908 1198 3980 insertur.
1218 3907 1335 3980 Sciant
1360 3916 1473 3980 minen
1496 3906 1669 3978 celebrare
1686 3926 1749 3978 no·

343 4029 470 4118 lentes,
490 4029 585 4122 qaod
604 4029 634 4100 si
652 4029 706 4100 sui
724 4029 827 4102 officii
853 4031 1010 4103 debitum
1030 4033 1159 4124 exequi
1178 4030 1399 4125 negligerint,
1421 4029 1621 4124 temporalia
1637 4029 1746 4119 bona,

342 4173 404 4246 per
431 4150 531 4223 divos
557 4161 722 4246 augustos
743 4154 976 4248 progenitores
1004 4163 1162 4244 nostros,
1187 4154 1242 4250 pia
1268 4151 1421 4226 ecclesiis
1442 4152 1598 4246 largitate
1621 4153 1749 4226 donata

343 4274 527 4365 iaciemus,
544 4297 745 4370 quanquam
763 4276 885 4365 inviti,
902 4277 949 4350 ad
965 4286 1119 4350 nostrum
1138 4277 1336 4350 demanium
1352 4274 1519 4348 revocari.
