4702 6110
360 679 457 740 lunum.
474 677 518 756 t]
807 673 1006 736 tristottlt
1031 671 1324 735 ntenoututct.
1713 662 1771 724 ttl

359 821 532 888 servatam
551 811 676 884 nostris
703 809 865 883 nolumus
883 811 953 883 labi
971 809 1183 906 temporibus
1199 809 1256 882 vel
1279 807 1389 904 ipsius
1411 814 1537 878 statum
1559 821 1773 898 equoquam

359 936 578 1031 aliquetenus
605 935 797 1026 interverti3
825 935 975 1030 ideoque
997 934 1154 1008 fidelitati
1174 943 1289 1007 vestre
1315 933 1440 1008 damus
1466 929 1608 1002 firmiter
1630 928 1671 1000 in*
1689 947 1775 1022 pre-

359 1059 469 1154 ceptis
481 1067 667 1153 quatenus,
688 1058 821 1130 vocatis
835 1059 897 1152 qui
914 1057 1043 1131 luerint
1059 1057 1243 1146 evocandi,
1261 1055 1357 1152 quod
1372 1055 1408 1126 in
1423 1054 1583 1147 injuriam
1602 1049 1773 1124 dictorum

360 1183 514 1279 episcopi
535 1191 570 1256 et
592 1181 736 1256 ecclesie
756 1181 961 1254 invencritis
983 1181 1029 1254 ab
1054 1182 1140 1278 ipsis
1160 1181 1298 1254 civibus
1320 1185 1558 1273 attemptatum
1581 1175 1618 1247 in
1640 1174 1772 1246 irritum

362 1307 542 1398 revocetis,
559 1305 723 1380 iacientes
737 1305 834 1400 quod
853 1305 1039 1378 statueritis
1056 1305 1257 1378 auctoritate
1274 1303 1369 1397 regia
1387 1299 1630 1374 inviolabiliter
1650 1297 1776 1371 obser·

361 1431 457 1521 vari,
484 1431 590 1503 nullis
611 1430 731 1503 litteris
759 1429 976 1504 obstantibus
1001 1429 1125 1501 harum
1150 1439 1267 1502 tenore
1283 1425 1355 1524 (sic)
1375 1425 1477 1500 tacite
1497 1423 1687 1520 impetratis
1708 1421 1722 1518 (
1744 1419 1771 1516 ).

362 1553 516 1640 Quodsi
540 1554 644 1628 umbo
661 1553 717 1626 bis
738 1553 955 1648 exequendis
980 1575 1052 1626 non
1070 1553 1249 1650 potueritis
1274 1553 1458 1642 interesse,
1482 1559 1540 1638 tu,
1557 1547 1777 1636 archielecte,

362 1699 403 1752 ea
419 1679 645 1753 nibilominus
661 1701 849 1774 exequere.

411 1803 537 1874 Datum
551 1802 756 1895 Wormatie,
778 1805 841 1876 XV
857 1803 1023 1877 kalendas
1040 1803 1221 1894 februarii,
1241 1801 1429 1875 indictione
1441 1801 1513 1874 llll.

593 2105 1543 2120 mmm—*-

417 2355 600 2470 llenrieus
625 2386 886 2470 Romenomm
913 2411 979 2468 rex
1006 2397 1138 2469 notam
1161 2384 1252 2468 facit
1273 2395 1311 2468 et
1331 2395 1455 2468 ratam
1472 2385 1589 2470 hebet
1607 2412 1772 2497 compo-

364 2519 539 2603 sitionem
554 2545 654 2630 quae
665 2544 734 2628 per
745 2528 962 2602 executores
977 2545 1000 2600 a
1015 2543 1056 2602 se
1069 2519 1277 2602 destinatos
1290 2519 1489 2604 interuenit
1501 2521 1600 2604 inter
1611 2547 1775 2606 conven-

362 2663 446 2736 tum
463 2654 512 2736 de
529 2651 755 2737 Maulbronn
770 2677 818 2734 ex
832 2676 911 2733 uno
923 2661 1031 2760 purte
1044 2661 1083 2734 et
1094 2651 1359 2734 ministeriales
1378 2678 1469 2736 suos
1488 2653 1536 2736 de
1552 2653 1774 2738 Berdeheim

363 2811 408 2868 ex
423 2785 542 2868 ultera
557 2811 671 2894 super
687 2783 800 2869 bonis
814 2785 918 2895 apud
937 2784 1230 2896 Chnutelingen.

440 3025 609 3106 (ineditum
630 3027 662 3088 ln
684 3025 766 3088 ureb.
787 3025 1009 3106 stuttgartrnst
1032 3042 1071 3086 ex
1095 3027 1180 3103 copta
1202 3041 1294 3104 quam
1318 3025 1478 3090 liauslerus
1498 3025 1537 3090 ub
1558 3028 1694 3108 orlgtnstt
1716 3027 1776 3091 dc-

482 3133 650 3212 sempor.)

412 3345 451 3416 ln
469 3347 610 3419 nomine
632 3356 750 3422 sancte
770 3357 805 3422 et
825 3346 1010 3422 individue
1032 3347 1218 3420 Trinitatis.
1236 3347 1359 3421 Amen.
1383 3347 1565 3421 Heinricus
1586 3348 1648 3422 Dei
1666 3348 1776 3444 gratie

364 3469 594 3544 Romanorum
618 3493 683 3546 rex
703 3494 839 3570 semper
852 3483 1024 3570 augustus
1040 3473 1203 3546 omnibus
1218 3473 1255 3544 in
1275 3482 1493 3568 perpetuum.
1511 3473 1617 3568 Regis
1639 3473 1776 3568 pietatis

364 3602 419 3664 est
439 3592 574 3688 insigne
593 3597 702 3689 quieti
716 3597 956 3672 universorum
972 3596 1163 3689 intendere,
1188 3605 1428 3692 quantumque
1448 3605 1501 3670 est
1521 3597 1685 3693 possibile
1702 3596 1775 3672 dis·

365 3714 477 3788 soluta
503 3717 599 3810 pacis
623 3717 741 3792 ledere
768 3721 916 3814 singulis
943 3721 1140 3792 reformem.
1167 3719 1274 3813 Igitur
1302 3742 1382 3793 cum
1407 3720 1637 3794 controversie
1662 3729 1775 3796 verte·

366 3847 485 3910 rentur
506 3838 594 3912 inter
612 3851 822 3914 conventum
839 3840 885 3916 de
904 3843 1179 3915 Moulenbmnne
1193 3863 1241 3916 ex
1260 3852 1357 3938 parte
1372 3863 1443 3916 una
1465 3852 1499 3915 et
1515 3845 1723 3939 Tyemonem
1740 3853 1776 3917 et

367 3960 457 4035 lilios
476 3963 552 4054 ejus
569 3973 605 4036 et
628 3965 767 4038 tratrem
786 3968 863 4060 ejus
888 3967 1135 4064 Marquardum
1156 3975 1192 4040 et
1215 3965 1304 4040 filios
1328 3967 1484 4062 ejusdem
1510 3967 1555 4040 de
1571 3967 1775 4042 Berdebeim

367 4083 607 4160 ministeriales
637 4097 772 4162 nostros
799 4112 847 4162 ex
879 4091 1005 4181 ultera,
1030 4089 1114 4162 viris
1144 4091 1298 4165 honestis
1332 4091 1567 4166 mediantibus
1591 4091 1775 4168 chunrado

368 4207 529 4282 videlicet
546 4209 591 4284 de
613 4211 854 4308 Winesperch‚
872 4213 1057 4288 Willielmo
1074 4214 1218 4287 sculteto
1236 4214 1282 4289 de
1304 4215 1499 4312 Wimpina,
1520 4215 1705 4291 Cbunrado
1729 4216 1775 4292 de

368 4331 597 4406 lumersheim
612 4345 647 4408 et
662 4335 804 4410 Rabeno
822 4335 984 4411 fidelibus
1002 4339 1126 4411 nostris
1139 4359 1227 4434 quos
1248 4339 1295 4413 ad
1314 4340 1380 4414 hoc
1397 4351 1601 4415 executores
1615 4341 1775 4416 destine-

367 4477 545 4551 veremus,
564 4458 642 4532 talis
662 4459 751 4534 inter
771 4481 832 4536 eos
853 4463 1055 4557 compositio
1079 4463 1270 4536 intercessit
1295 4472 1335 4536 ut
1357 4465 1488 4560 'lyemo
1512 4475 1548 4538 et
1575 4467 1679 4540 irater
1698 4467 1775 4560 ejus

411 4659 644 4828 (amandum
666 4669 720 4726 sut
741 4665 844 4728 sutem
869 4665 1092 4747 intelligendum
1106 4685 1114 4728 ε
1129 4667 1255 4744 [contra]
1270 4664 1376 4730 larum
1390 4675 1515 4732 morem
1529 4671 1618 4734 tacita
1631 4673 1776 4750 [veritat]

367 4765 443 4844 impr
532 4811 541 4832 .

468 4873 523 4936 111.
1579 4893 1618 4948 st
