4702 6110
370 651 530 738 litumi]
820 651 1017 714 HISTORIA
1044 649 1337 714 ntrtottarlclt.
1723 651 1784 712 tat

369 799 480 864 ratam
497 787 707 862 abbatissam
720 789 767 862 ab
781 789 944 862 omnibns
960 787 1148 862 defendere
1161 787 1388 884 proponimus
1404 786 1599 880 diligenter.
1617 786 1785 860 Volumus

369 914 463 988 enim
480 913 621 1009 quodsi
640 921 840 1010 prenotatur
855 935 970 987 comes
988 911 1034 986 de
1050 913 1201 986 Marchia
1217 912 1362 986 affirmet
1381 933 1420 986 sa
1436 911 1570 1005 aliquid
1581 912 1640 1004 jus
1655 911 1784 985 babere

370 1037 408 1110 in
428 1038 611 1112 advocatia
630 1038 801 1130 antelata,
825 1037 993 1110 innostra
1017 1037 1189 1132 presentia
1203 1049 1373 1132 proponat
1390 1037 1527 1132 plenam
1540 1036 1707 1128 justitiam
1726 1058 1786 1109 re-

370 1169 553 1256 cepturns;
573 1160 770 1234 inhibentes
789 1159 1014 1234 nihilominus
1030 1159 1146 1233 eidem
1163 1160 1280 1233 comiti
1293 1182 1338 1232 ne
1352 1160 1555 1256 prelibatum
1574 1160 1784 1232 abbatissam

371 1305 476 1380 super
494 1285 712 1380 possessione
733 1307 797 1358 sue
819 1285 1002 1358 advocatia
1027 1284 1064 1356 in
1081 1283 1318 1357 liulinchusen
1340 1305 1446 1378 qnam
1468 1305 1489 1356 a
1509 1283 1735 1368 nobisdebet
1750 1297 1785 1360 et

370 1407 416 1480 ab
430 1407 575 1504 imperio
593 1417 727 1496 waere,
744 1407 780 1480 in
795 1407 863 1481 alio
875 1407 1010 1500 judicio
1027 1431 1133 1502 quam
1154 1429 1269 1482 coram
1286 1407 1386 1482 nobis
1407 1408 1572 1504 impetere
1592 1421 1780 1506 presumat,

372 1531 527 1606 volentes
539 1553 680 1628 quoque
693 1543 733 1604 ut
752 1553 868 1606 coram
883 1530 983 1604 nobis
998 1532 1115 1605 omnia
1129 1553 1191 1628 per
1199 1532 1368 1624 justitiam
1383 1531 1609 1606 diffiniantur.
1630 1533 1786 1607 Preterea

371 1653 579 1729 mandamus
600 1656 667 1729 sub
689 1656 832 1728 obtentu
864 1655 974 1750 gratia
997 1665 1113 1730 nostre
1139 1655 1335 1730 firmissime
1358 1656 1587 1752 precipientes
1615 1667 1787 1752 quatenns

371 1799 487 1852 coram
501 1777 596 1853 fideli
613 1788 729 1854 nostro
742 1779 932 1872 burgravio
942 1779 1125 1854 Werdenei
1139 1801 1261 1854 omnes
1274 1781 1515 1855 ministeriales
1526 1791 1561 1854 et
1570 1781 1787 1874 injuriatores

371 1903 517 1978 ecclesie
540 1901 761 1978 Assindensis
775 1924 881 1998 super
899 1904 1016 1977 omnia
1037 1904 1254 1998 querimonia
1274 1914 1310 1978 et
1332 1905 1563 1980 satisfactione
1581 1905 1695 1979 debila
1714 1909 1787 1999 juri

372 2037 515 2122 pareant
528 2035 563 2100 et
575 2025 741 2100 obediant
755 2027 882 2114 eidem,
899 2027 990 2100 sicut
1000 2027 1271 2123 indignationem
1286 2038 1438 2102 nostram
1454 2030 1627 2104 voluerint
1640 2031 1783 2104 evitare.

420 2151 546 2223 Datum
562 2149 659 2246 apud
676 2151 829 2248 Spiram,
848 2153 878 2224 v
898 2151 980 2226 idus
994 2153 1204 2245 decembris,
1222 2153 1414 2228 indictione
1430 2155 1502 2227 llll.

424 2723 608 2808 Henrious
620 2723 881 2808 Romanorum
894 2750 961 2809 rex
974 2737 1013 2810 et
1025 2725 1278 2812 Theodericus
1288 2728 1526 2814 Treverensis
1536 2733 1787 2844 archiepisco·
1814 2751 1978 2853 „mffi

370 2883 443 2968 pus
470 2857 568 2941 duos
589 2857 750 2940 invicem
772 2869 991 2968 permutant
1016 2861 1306 2968 ministeriales,
1336 2861 1477 2947 scilicet
1503 2867 1714 2952 Gerardum
1737 2872 1785 2952 do

370 2989 515 3102 Sintzig
536 3001 574 3072 et
592 2990 866 3075 Theodericum
883 2993 931 3077 de
948 2993 1165 3078 Vallendar.

450 3205 579 3286 (ltdlder.
593 3206 727 3282 enom,
745 3204 816 3268 God.
828 3205 980 3288 diplomat.
994 3209 1144 3292 liupana,
1159 3217 1184 3271 t.
1199 3211 1247 3290 11,
1268 3227 1336 3289 pars
1357 3221 1398 3287 ν,
1418 3230 1448 3291 p.
1473 3223 1548 3290 aas,
1563 3233 1601 3278 ex
1621 3221 1782 3300 anagnin

489 3312 572 3374 arch.
587 3313 727 3376 Landscr.
743 3345 783 3360 -
797 3315 984 3391 Honmm,
998 3315 1107 3378 Πίσων.
1128 3316 1251 3392 Treuir,
1264 3323 1290 3379 t.
1304 3319 1332 3394 1,
1344 3335 1376 3398 p.
1393 3324 1476 3395 tos.)

418 3499 585 3572 Henricns
595 3501 657 3574 Dei
669 3502 1017 3597 gratiallomanorum
1029 3523 1093 3576 rex
1102 3515 1137 3577 et
1145 3519 1470 3603 semperaugustus,
1480 3511 1641 3585 omnihus
1652 3515 1781 3609 quibos

369 3643 510 3718 presens
527 3625 693 3722 scriptum
711 3627 907 3700 exhibitum
927 3627 1077 3701 fueritin
1095 3639 1314 3726 perpetuum.
1330 3635 1379 3706 lia
1395 3656 1464 3728 que
1481 3635 1518 3706 in
1539 3647 1653 3711 nostra
1671 3663 1782 3735 agon·

369 3754 426 3818 tur
448 3749 638 3842 prasentia,
666 3773 711 3824 ne
735 3753 899 3848 temporis
925 3774 1089 3848 processu
1107 3776 1129 3827 a
1147 3757 1313 3830 memoria
1338 3757 1498 3830 labantur
1522 3759 1702 3836 hominnm
1725 3768 1782 3838 vel

368 3869 498 3944 malitia
525 3893 769 3968 perversorum
802 3875 839 3947 in
857 3875 993 3948 irritum
1018 3876 1249 3971 deducantur,
1278 3879 1374 3972 regie
1401 3883 1589 3974 majestatis
1614 3887 1780 3981 perhenni

367 3993 563 4068 testimonio
581 3995 781 4092 diligentius
802 4007 884 4071 sunt
905 3998 1127 4075 declaranda.
1148 4003 1363 4100 Quapropter
1384 4007 1520 4079 noverit
1541 4009 1782 4085 universorum

369 4118 504 4214 imperii
524 4119 679 4195 fidelium
697 4131 771 4194 etas
788 4133 823 4196 et
836 4145 1035 4197 sncooesura
1049 4127 1230 4222 posteritas
1243 4129 1338 4222 quod
1356 4150 1472 4203 coram
1488 4133 1589 4204 nobis
1602 4155 1643 4206 ac
1657 4119 1783 4211 dilecto

366 4241 524 4338 principe
549 4253 666 4319 nostru
691 4245 902 4322 Theoderico
928 4249 1137 4324 Treverense
1162 4251 1420 4350 archiepiscopo
1446 4276 1580 4329 necnon
1606 4259 1673 4332 sub
1707 4262 1782 4336 lie-

367 4367 510 4460 quentia
531 4368 667 4465 imperii
687 4379 723 4444 et
743 4371 899 4466 ejusdem
921 4374 1066 4446 ecclesie
1087 4375 1362 4450 ministerialium
1386 4381 1608 4454 commutatio
1629 4387 1781 4478 quedam

368 4489 458 4564 lacta
477 4500 530 4563 est
547 4490 593 4564 de
613 4493 765 4568 Gerardo
783 4494 829 4569 de
852 4495 996 4592 Sinzege
1017 4506 1052 4570 et
1075 4497 1286 4573 Theoderico
1308 4501 1354 4573 de
1374 4502 1585 4612 valendere,
1611 4505 1659 4579 ila
1685 4509 1781 4604 quod

367 4609 541 4688 Gerardus
559 4615 605 4690 de
620 4617 765 4713 Sinzege
776 4619 838 4716 qui
850 4619 949 4718 prius
966 4621 1033 4695 luit
1044 4621 1277 4698 ministerialis
1290 4625 1508 4700 Treverensis
1524 4629 1668 4704 ecclesie
1682 4631 1782 4706 dein-

367 4757 449 4834 ceps
472 4739 617 4836 imperio
645 4742 815 4839 pertineat
837 4753 873 4817 et
894 4745 1126 4822 Theodericus
1153 4747 1199 4822 de
1214 4749 1407 4826 Valendere
1429 4752 1491 4846 qui
1513 4754 1611 4848 prius
1633 4757 1698 4830 luit
1716 4760 1780 4832 mi-
