4642 6106
549 643 611 706 ΕΜ
1047 647 1261 714 Flllllllllllll
1285 649 1459 714 silebunt
1774 643 1851 729 [Ass.
1870 643 1954 706 1230.

550 785 711 860 tractata
726 775 899 886 promisit
911 779 1016 886 quod
1029 779 1249 865 nullatanus
1267 785 1370 892 ipsos
1382 780 1546 866 offendet
1558 789 1596 862 at
1609 801 1762 864 omnem
1774 775 1955 859 offensam

549 937 726 1021 expresse
743 911 901 993 remisit.
923 911 1029 996 Unde
1047 915 1223 1000 hortatur
1237 929 1280 1001 ut
1297 917 1337 998 in
1355 915 1553 1000 devotione
1570 911 1748 996 molesios
1766 909 1958 992 Romanae

549 1044 772 1153 persistant,
792 1070 881 1127 oum
899 1055 1010 1155 grata
1028 1045 1120 1156 ipsis
1138 1050 1310 1133 intendat
1327 1047 1585 1132 vicissitudine
1600 1044 1839 1154 respondere.

628 1303 724 1382 (Edld.
740 1305 894 1380 Homnae,
906 1306 1013 1368 Kaisar
1025 1307 1145 1371 Friedr.
1160 1311 1202 1384 11,
1217 1310 1351 1386 docum„
1366 1327 1397 1388 p.
1414 1318 1484 1382 827,
1500 1319 1534 1370 u⁰
1548 1309 1575 1384 1,
1587 1325 1626 1370 ex
1638 1306 1761 1386 (ἔκιον.
1773 1303 1955 1384 Mem,

668 1410 806 1490 enu1v,
820 1413 907 1490 eplst.
923 1423 980 1488 τος
996 1445 1036 1462 -
1049 1415 1118 1478 coll.
1133 1433 1202 1478 cum
1215 1418 1326 1478 collect
1342 1415 1479 1480 Blbllotb.
1495 1409 1604 1494 Pub.)

594 1645 791 1741 Gregorius,
806 1655 890 1740 etc,
911 1649 1102 1722 rectoribus
1122 1651 1295 1724 societatis
1315 1649 1540 1740 lombardia,
1561 1658 1627 1722 etc.
1645 1645 1828 1742 llagnillcu
1845 1655 1958 1718 vestre

546 1770 741 1846 devotionis
754 1771 921 1866 obsequia
939 1795 1009 1866 que
1025 1773 1061 1846 in
1078 1775 1233 1870 personis
1246 1785 1282 1848 at
1298 1775 1403 1848 rebus
1414 1773 1565 1846 Ecclesia
1578 1773 1730 1845 Romana
1741 1769 1959 1866 impendistis

546 1904 700 1992 tempora
716 1905 910 1992 opportuno
926 1897 1057 1992 jugiter
1075 1920 1137 1994 pra
1160 1899 1270 1972 oculis
1295 1899 1418 1973 mantis
1439 1898 1624 1982 babentes,
1642 1916 1763 1968 eorum
1788 1915 1857 1966 non
1878 1914 1959 1989 pos·

548 2041 669 2091 snmus
681 2019 852 2111 oblivisci,
873 2017 937 2092 sed
953 2020 998 2093 de
1013 2021 1235 2094 retributione
1253 2021 1425 2117 condigna
1439 2029 1475 2094 et
1492 2018 1787 2116 superabundanti
1805 2039 1874 2090 non
1892 2017 1959 2090 de-

547 2142 695 2216 sinimus
704 2142 868 2236 cogitare,
882 2142 1054 2218 debitores
1070 2165 1134 2218 nos
1148 2146 1269 2219 merito
1284 2155 1482 2242 reputantes
1496 2143 1543 2218 ad
1554 2144 1671 2218 omnia
1682 2165 1753 2238 que
1765 2141 1866 2216 vobis
1879 2163 1958 2236 pre·

547 2288 669 2340 curare
684 2287 868 2361 possumus
885 2268 1077 2362 profutura.
1094 2267 1196 2342 Absit
1208 2270 1301 2343 enim
1316 2280 1356 2344 ut
1369 2269 1521 2344 Ecclesia
1536 2270 1689 2342 Romana
1703 2265 1959 2361 ingratitudinis

548 2399 798 2486 agunturque
816 2413 952 2486 semper
967 2393 1112 2465 alllneus
1132 2393 1243 2487 gratia
1257 2394 1434 2488 gratiosis,
1458 2393 1578 2466 marita
1592 2391 1764 2488 suplicum
1778 2389 1959 2464 consuevit

547 2513 688 2610 premiis
702 2513 907 2608 largioribus
925 2535 1101 2610 superare.
1115 2519 1206 2590 Saue
1220 2538 1300 2590 eum
1318 2517 1516 2591 carissimus
1536 2515 1573 2586 in
1589 2513 1722 2587 Christo
1738 2512 1830 2585 lilius
1844 2523 1959 2585 noster

546 2636 740 2710 Fridaricus
752 2637 982 2709 Romanorum
997 2637 1181 2734 imperator
1198 2639 1338 2710 illustris
1361 2659 1495 2733 semper
1508 2645 1678 2730 augustus
1694 2643 1728 2706 at
1745 2655 1809 2705 rex
1827 2630 1955 2722 Sicilie,

547 2761 640 2832 viam
654 2756 751 2855 pacis
764 2759 895 2854 eligens
910 2761 1085 2853 tutiorem,
1101 2783 1139 2834 se
1155 2762 1352 2836 humiliavit
1364 2763 1400 2834 iu
1422 2769 1556 2866 tantum
1576 2759 1673 2855 quod
1695 2757 1742 2832 ad
1754 2755 1957 2831 mandatum

547 2883 699 2956 Ecclesia
720 2881 859 2956 rediens
877 2895 1074 2958 reverenter
1090 2887 1250 2958 meruita
1268 2885 1410 2959 vinculo
1422 2881 1790 2960 excommunicationis
1807 2881 1956 2984 absolui,

547 3007 657 3080 forma
674 3005 771 3102 pacis
791 3006 882 3080 inter
899 3029 963 3080 uos
982 3017 1018 3080 at
1033 3007 1168 3103 ipsum,
1184 3009 1418 3082 mediantibus
1434 3007 1649 3104 principibus
1674 3005 1877 3079 Alamannia
1895 3025 1959 3076 nae

533 3151 617 3202 non
639 3129 830 3203 venarabili
853 3131 956 3202 fratre
980 3139 1140 3203 nostro...
1157 3131 1330 3204 Brixianai
1354 3132 1514 3228 episcopo
1529 3131 1591 3228 qui
1609 3129 1710 3202 vobis
1725 3138 1760 3202 at
1775 3149 1839 3226 pro
1857 3129 1959 3202 vobis

452 3231 456 3240 ’
547 3252 653 3326 astitit
661 3251 809 3328 fideliter
817 3262 851 3327 et
862 3253 1063 3350 prudenter,
1073 3263 1216 3327 tractata
1229 3255 1325 3350 prius
1336 3264 1370 3328 et
1382 3254 1561 3350 multiplici
1576 3253 1769 3325 munimine
1783 3251 1956 3340 roborata,

546 3377 648 3450 vobis
663 3386 698 3451 et
716 3377 806 3474 parti
820 3386 934 3451 vostre
950 3377 1159 3451 sufficienter
1172 3387 1224 3450 est
1240 3389 1380 3452 cautum
1394 3377 1489 3473 quod
1506 3377 1702 3450 nullatenus
1715 3397 1779 3449 vos
1792 3375 1956 3463 offendet,

547 3501 612 3574 sed
632 3502 765 3574 remisit
786 3523 950 3596 expresse
975 3501 1005 3574 si
1030 3522 1111 3574 eum
1135 3502 1276 3576 forsitan
1294 3501 1498 3575 offendistis.
1523 3502 1637 3586 Quare
1658 3522 1728 3572 uon
1753 3497 1900 3596 expedit
1922 3509 1960 3570 ut

547 3624 680 3699 exinde
699 3625 872 3698 ullatenus
889 3623 1071 3712 dubitetis,
1087 3646 1168 3698 cum
1182 3647 1248 3700 neo
1260 3625 1382 3700 leviter
1398 3624 1544 3721 possetis
1560 3623 1689 3698 offendi
1705 3623 1792 3718 quin
1808 3622 1961 3718 graviter

546 3769 611 3821 nos
627 3758 866 3846 reputaremus
889 3749 1050 3822 offensos.
1075 3749 1227 3844 Ideoque
1247 3748 1506 3821 universitatem
1520 3757 1670 3820 vestram
1684 3767 1865 3842 regamus,
1885 3767 1960 3818 mo·

547 3893 671 3945 namus
685 3881 720 3945 at
737 3872 916 3945 hortamur
931 3880 1058 3944 attenta
1075 3893 1138 3968 par
1155 3871 1341 3966 apostolica
1362 3871 1488 3966 scripta
1506 3869 1712 3943 mandantes
1731 3879 1905 3964 quatenus
1923 3869 1959 3939 iu

547 3995 698 4067 Ecclesia
714 3996 867 4068 llomana
888 3993 1073 4068 devotione
1099 3991 1308 4065 inflexibiles
1330 3993 1569 4088 persistentes,
1589 3990 1659 4065 fide
1675 4013 1746 4085 qua
1768 4013 1830 4086 per
1853 3989 1961 4064 dilec-

546 4117 675 4188 tionem
692 4127 854 4211 operatur
877 4115 1100 4211 beneplacitis
1123 4115 1248 4188 nostris
1264 4116 1409 4209 obsequi
1432 4115 1617 4201 studeatis,
1643 4114 1727 4186 certi
1750 4113 1962 4187 omnimodis

550 4247 586 4310 et
597 4239 710 4310 securi
722 4239 819 4332 quod
837 4239 1046 4332 maerebis
1059 4237 1276 4311 intendentes
1291 4237 1530 4312 vicissitudine
1543 4235 1752 4332 respondere
1765 4257 1831 4310 vos
1844 4235 1962 4330 dignis

551 4380 801 4453 prosequemur
821 4361 1104 4434 retributionibus
1123 4360 1329 4454 gratiarum
1359 4371 1394 4433 et
1417 4381 1498 4434 acce
1525 4359 1570 4433 ad
1596 4361 1761 4453 maiorem
1790 4361 1962 4434 cautelam

552 4489 688 4553 tenores
700 4483 889 4555 litterarum
901 4485 1149 4558 continentium
1159 4485 1354 4560 candorem
1367 4483 1542 4558 vobissub
1556 4483 1652 4557 bulla
1665 4494 1781 4558 nostra
1792 4483 1965 4559 duximus

553 4601 790 4680 destinandos.

603 4727 728 4798 Datum
741 4725 915 4820 Anagnia,
931 4729 989 4801 Vl⁰
1007 4728 1087 4801 idus
1103 4731 1264 4820 octobris,
1285 4731 1499 4826 pontificatus
1517 4731 1623 4803 nostri
1640 4751 1733 4805 anno
1749 4731 1818 4804 {vt
