4658 6132
579 618 637 681 rac
1069 611 1283 675 rrronarcr
1309 611 1482 674 secerni
1702 593 1706 604 '
1796 615 1986 696 [ruarmo.

511 823 513 832 a
578 751 760 839 februarii,
786 749 890 824 tercie
911 748 1130 840 indictionis,
1149 748 1340 843 imperante
1359 746 1501 822 domiuo
1525 756 1641 821 nostro
1665 747 1837 824 Friderico
1859 751 1990 827 liema-

577 896 699 948 norum
712 873 915 968 imperatore
929 893 1065 968 semper
1078 881 1244 966 augusto,
1259 871 1443 946 Ierusalem
1459 881 1494 946 et
1506 872 1620 946 Sicilie
1633 893 1732 966 rege,
1749 895 1841 948 anno
1855 877 1989 950 romani

578 997 712 1094 imperii
730 998 784 1070 sni
808 996 957 1088 decimo,
976 995 1075 1090 regui
1091 1016 1174 1070 vero
1177 1049 1509 1068 .........
1537 997 1691 1071 feliciter.
1709 995 1832 1072 Amen.

631 1643 758 1727 Mense
776 1642 922 1748 martii,
943 1641 1078 1726 iterum
1090 1641 1259 1752 Reginus
1275 1641 1578 1753 archiepiscopus
1593 1653 1632 1726 et
1649 1643 1832 1755 magister
1848 1643 1987 1728 domus

579 1775 899 1859 Theutonioorum
916 1775 965 1858 od
978 1801 1118 1884 papam
1131 1775 1310 1883 redeam,
1325 1784 1363 1860 et
1376 1773 1471 1856 alter
1484 1771 1635 1883 eorum,
1653 1777 1793 1860 scilicet
1805 1777 1988 1889 magister

580 1907 1062 2014 domusTheutonioorum,
1078 1905 1250 2016 Gajetem
1263 1907 1386 2014 vadit,
1401 1933 1578 2019 cumque
1591 1907 1795 1992 cardinalis
1808 1908 1987 2016 [Sanctae

582 2039 760 2144 Sabinae]
776 2039 875 2122 redit
897 2039 947 2122 ad
969 2037 1154 2122 urbem...
1180 2039 1249 2123 Ubi
1276 2065 1347 2150 pro
1368 2040 1639 2150 compositione
1660 2041 1759 2126 inter
1784 2067 1925 2152 papam
1948 2052 1987 2126 et

491 2221 493 2226 .
583 2173 757 2256 Cesarem
781 2171 954 2254 facienda
972 2171 1052 2254 dux
1074 2171 1268 2278 Austriae,
1295 2172 1375 2256 dux
1399 2171 1614 2256 Corinthiae
1639 2183 1677 2258 ct
1700 2174 1778 2258 dux
1799 2172 1987 2260 Moraviac

583 2303 812 2416 (Meraniac)
826 2313 1007 2386 venerant
1025 2303 1140 2386 simul
1156 2330 1244 2386 cum
1262 2303 1477 2414 patriarcha
1494 2304 1752 2416 Aquilegiensi
1765 2303 1827 2416 (l)
1841 2315 1880 2390 et
1897 2305 1987 2390 Sal-

582 2437 802 2549 seburgensi
821 2435 1115 2546 archiepiscopo.

408 2668 419 2682 ,
446 2604 474 2648 a
514 2619 536 2690 ν·
633 2571 759 2656 Mense
772 2569 922 2680 aprilis,
939 2568 1054 2650 duces
1071 2567 1253 2677 praedicti
1268 2595 1358 2652 cum
1375 2568 1519 2680 Regino
1537 2568 1817 2680 archiepiscopo
1834 2596 1879 2654 ac
1896 2595 1986 2654 ma·

579 2700 1179 2815 gistrodomuslheutonicorum
1192 2701 1392 2786 redeumes
1406 2727 1634 2812 epapacum
1646 2711 1808 2786 tractatu
1816 2712 1854 2786 et
1862 2702 1986 2786 forma

579 2837 803 2922 concordiae
815 2834 855 2916 in
871 2833 1049 2943 Apuliam
1058 2834 1109 2917 ad
1118 2834 1294 2918 Cesaram
1307 2834 1466 2940 rodunt,
1478 2833 1544 2918 ubi
1556 2860 1646 2918 cum
1658 2860 1703 2918 eo
1717 2833 1985 2945 apudFogiam

580 2969 726 3054 Pascha
739 2965 800 3078 (2)
823 2965 975 3049 Domini
995 2965 1235 3049 celebrant...
1251 2965 1338 3049 Dux
1355 2965 1549 3073 Austriae,
1568 2967 1793 3077 bimpuldus
1810 2967 1983 3073 nomine,

580 3127 669 3184 cum
686 3099 902 3210 patriarcha
920 3097 1177 3208 Aquilegiensi
1199 3109 1238 3182 et
1261 3097 1345 3181 aliis
1371 3098 1597 3208 supradictis
1619 3099 1670 3182 ab
1694 3099 1920 3208 imperatore
1936 3099 1985 3182 de

581 3233 719 3344 Apulia
731 3233 881 3316 rediens
893 3241 931 3314 et
943 3232 993 3314 ad
1005 3231 1296 3340 papamvedens
1311 3256 1400 3316 cum
1414 3231 1489 3338 eis,
1500 3231 1550 3314 ad
1562 3231 1832 3341 Landulphum
1848 3230 1983 3314 Cassi-

581 3391 738 3450 nensem
752 3363 928 3448 abbatem
941 3373 978 3447 ct
990 3373 1218 3449 conventum
1231 3364 1400 3476 ejusdem
1410 3385 1460 3449 ‘ex
1472 3373 1580 3475 parte
1592 3364 1828 3475 imperatoris
1841 3364 1984 3448 litteras

580 3498 715 3582 detulit
728 3500 768 3580 in
782 3497 855 3580 hac
872 3494 1018 3579 forma:

615 3843 651 3918 (t)
669 3843 723 3900 lste
735 3841 847 3899 viriliter
858 3855 912 3898 una
921 3855 983 3898 curm
994 3840 1123 3916 episcopo
1132 3841 1321 3916 bambergensi
1332 3857 1404 3902 anno
1416 3840 1587 3916 precedente
1600 3841 1727 3900 Friderici
1739 3847 1830 3916 partes
1842 3842 1870 3900 ia
1880 3842 1983 3900 Alema·

579 3940 623 3998 nia
631 3937 760 3997 meridiali
770 3937 884 4008 leverat;
895 3937 967 4010 quod
977 3937 1087 4011 quidem
1097 3954 1167 4014 papa
1177 3937 1406 4014 hisenprobrabat
1417 3938 1524 3997 verbis:
1537 3941 1611 4010 «ln,
1624 3939 1694 3998 sicut
1705 3939 1902 4010 audemus....
1912 3939 1983 3998 laves

581 4057 595 4091 s
609 4035 725 4094 Ecclesia
739 4034 852 4092 inimicis
862 4035 980 4108 aliosque
993 4035 1027 4092 ad
1041 4033 1183 4092 serendum
1197 4035 1322 4094 inducere
1335 4035 1513 4108 machinaris,
1526 4037 1703 4112 personaliter
1716 4037 1744 4093 in
1755 4037 1898 4111 Ungariam
1911 4051 1984 4094 acce·

582 4151 595 4186 r
609 4133 697 4190 dendo
710 4138 741 4188 ut
752 4131 920 4190 mdsdmum
930 4129 1013 4188 filium
1024 4137 1146 4188 nostrum
1157 4132 1271 4206 llngarie
1280 4147 1370 4206 regem
1379 4131 1554 4190 caduceum..
1566 4139 1597 4188 ut
1607 4131 1641 4190 ab
1650 4132 1768 4190 licclesie
1776 4135 1893 4191 llomano
1903 4133 1983 4191 devo·

582 4253 597 4282 ι
608 4231 681 4289 tione
689 4229 818 4288 recedens
827 4228 923 4287 haculo
931 4229 1079 4287 arundineo
1085 4228 1252 4288 inhaeret...
1263 4229 1422 4288 mandmtes
1429 4235 1561 4303 quawnus
1571 4229 1686 4288 inimicis
1696 4229 1814 4288 Ecclede
1825 4236 1853 4286 te
1861 4235 1984 4304 potenter

583 4351 597 4380 ι
610 4335 638 4386 ct
650 4333 774 4402 patenter
786 4343 921 4401 opponas,
933 4333 960 4384 et
970 4325 1122 4401 specialiter
1133 4327 1160 4384 in
1174 4327 1237 4385 l'ole
1250 4333 1279 4385 et
1289 4325 1400 4386 abarum
1410 4333 1541 4386 terrarum
1551 4327 1683 4401 portubus
1692 4343 1745 4402 que
1751 4326 1929 4400 jurisdictioni
1935 4333 1983 4386 tue

585 4447 598 4481 s
612 4425 877 4485 subeseenoscuutur
888 4423 1014 4482 omnibus
1028 4424 1141 4482 tramine
1152 4424 1303 4483 volentibus
1312 4425 1340 4482 in
1351 4424 1472 4500 hpuliam
1483 4423 1584 4482 aditum
1594 4425 1701 4500 penitus
1709 4423 1860 4496 interdicas,
1871 4431 1926 4482 tarn
1936 4439 1983 4482 eoa

585 4541 599 4577 ι
612 4537 692 4596 quam
702 4520 828 4578 ductores
839 4521 958 4594 ipsorum
968 4519 1099 4594 spirituali
1108 4525 1137 4578 et
1148 4520 1287 4595 temporali
1298 4519 1653 4595 districtionemmpescane.
1664 4518 1856 4595 Alioquin,ctc.
1865 4519 1924 4578 liat.
1934 4519 1984 4578 Pe·

584 4619 688 4689 srusii,
702 4617 755 4676 llll
767 4617 827 4676 Kal.
839 4615 907 4688 julii,
920 4631 991 4674 anno
1004 4615 1041 4674 111
1053 4617 1097 4689 (2⁰
1108 4615 1177 4692 junii
1193 4615 1284 4692 tras).
1298 4635 1312 4671 s

529 4697 536 4714 “
618 4715 654 4790 p)
670 4715 778 4774 serice
787 4713 902 4791 rapam
910 4713 1012 4790 aprnn.
1072 4743 1073 4748 κ
