4642 6106
545 648 607 712 206
1004 705 1006 710 .
1045 649 1261 714 unluuutct
1285 651 1459 714 SECUNDI
1771 649 1850 734 [an.
1869 651 1956 716 128⁰.

547 785 655 858 morie
675 781 925 858 oommendare.
946 785 1048 876 [Tum
1071 785 1152 860 Otto
1169 785 1293 862 cedere
1314 809 1355 862 uo
1375 787 1546 862 mmittem
1563 782 1749 860 Bartholdo
1768 783 1897 860 dieitur
1923 787 1960 860 in

547 917 752 1006 perpetuum
765 917 799 982 et
811 909 925 982 eidem
939 909 1014 982 sedi
1024 909 1238 1006 Aquilejenei
1249 933 1352 986 omne
1362 913 1420 1005 jus
1433 921 1467 986 et
1478 911 1692 1006 questionem
1702 907 1834 1006 (l)que
1842 919 1961 984 eontra

546 1055 628 1108 eum
648 1034 685 1105 in
702 1033 855 1106 mnmhia
877 1042 913 1106 et
928 1035 1093 1108 comitatu
1116 1035 1214 1110 lstrie
1228 1045 1264 1110 et
1286 1035 1322 1108 in
1347 1037 1504 1110 Camiolu
1525 1036 1701 1132 requirere
1721 1043 1855 1132 poterat
1872 1043 1909 1106 ot
1930 1034 1961 1107 si

546 1158 633 1255 quid
644 1159 734 1250 juris
748 1158 785 1230 in
800 1159 851 1230 eis
865 1159 1051 1234 videbatur
1063 1159 1222 1250 habere]

594 1280 753 1376 Sequitur
772 1285 893 1355 mentio
910 1284 1020 1357 duliae
1041 1307 1164 1358 oureus
1182 1297 1213 1359 et
1234 1289 1389 1376 tertium,
1407 1286 1524 1359 addico
1547 1283 1798 1358 :Eberhardus
1821 1283 1962 1356 archie-

545 1409 710 1504 pisoopus
723 1409 1016 1504 Salzeburgensis,
1033 1411 1183 1484 Silridus
1194 1411 1452 1509 Ratisponensis
1469 1411 1668 1508 episeopus,
1685 1408 1868 1482 Cunrudus
1883 1410 1963 1482 Ter·

546 1531 702 1627 gostinus
732 1532 934 1629 episeopus,
958 1535 1106 1609 Xarolus
1134 1536 1352 1610 Seoowensis
1378 1535 1625 1634 episeopus...
1657 1555 1721 1608 rex
1745 1531 1961 1607 llnessaloni-

545 1656 659 1730 oensis
672 1655 736 1753 (2),
754 1656 976 1732 Bemhardus
990 1657 1068 1732 dux
1078 1659 1259 1734 Karinthie
1274 1671 1307 1733 et
1323 1661 1457 1733 meteri.

595 1779 680 1853 Acta
699 1790 780 1853 sunt
798 1781 862 1854 heo
887 1803 979 1855 anno
996 1782 1170 1858 dominice
1193 1785 1438 1860 incarnationis
1455 1783 1503 1856 ld.
1522 1783 1712 1874 CCXXX,
1737 1801 1856 1856 mense
1864 1775 1958 1876 julii,

546 1905 592 1976 111
612 1905 813 1994 indictione,
833 1904 1023 2000 imperante
1040 1906 1184 1981 domino
1198 1917 1315 1982 nostro
1329 1907 1503 1982 Friderioo
1517 1907 1579 1980 Dei
1592 1906 1702 2001 gratia
1706 1955 1957 1979 .......

545 2028 777 2102 Romanorum
788 2029 1006 2124 imperatore,
1021 2053 1158 2128 semper
1171 2041 1333 2128 augusto,
1346 2031 1560 2106 Hierusalem
1572 2039 1608 2104 et
1621 2030 1737 2104 Sicilie
1753 2052 1835 2124 rege
1849 2029 1962 2102 invio-

548 2151 694 2244 tissimo,
708 2153 843 2248 imperii
860 2154 1004 2226 Romani
1018 2157 1095 2247 ejus
1109 2175 1201 2228 anno
1213 2155 1259 2248 X,
1274 2155 1371 2251 mgni
1384 2175 1469 2229 vero
1483 2154 1696 2228 Hierusalem
1707 2155 1751 2246 V,
1768 2151 1866 2248 regni
1877 2171 1962 2225 veru

549 2277 664 2350 sieilia
679 2277 805 2352 XXXII
827 2275 888 2376 (a),
908 2279 1063 2354 feliciter.
1081 2279 1205 2354 Amen.

597 2403 723 2474 Datum
736 2401 832 2499 apud
843 2405 1007 2476 Sanctum
1019 2403 1241 2498 Germanum,
1253 2425 1358 2499 anno,
1370 2425 1490 2480 mense
1500 2412 1536 2478 et
1547 2403 1737 2478 indictione
1748 2400 1956 2498 prescriptis.

604 2994 712 3078 Tune
720 2992 878 3105 quidam
888 2991 1004 3074 irater
1014 2991 1136 3076 Gualo
1146 2989 1309 3074 mittitur
1320 2989 1369 3073 de
1381 2987 1514 3073 ordine
1526 2985 1830 3098 praedicatorum
1838 2979 1963 3066 forme

551 3126 774 3212 concordiae
788 3133 998 3234 acceptata,
1009 3123 1246 3234 etipsepapa
1258 3121 1395 3206 urbem
1407 3121 1537 3206 exiens
1549 3119 1652 3203 veuit
1665 3117 1767 3228 apud
1783 3113 1962 3226 cryptam

550 3261 758 3346 Ferretam.
782 3259 990 3369 Imperator
1007 3283 1098 3340 vero
1111 3257 1160 3340 de
1179 3257 1310 3368 Capua
1322 3256 1406 3368 jam
1421 3263 1575 3338 venerat
1591 3253 1641 3336 ad
1658 3251 1841 3334 Sanctum
1861 3246 1962 3332 uer-

551 3419 710 3478 mauum
737 3391 804 3476 ubi
832 3392 956 3475 dietus
992 3390 1109 3474 irater
1141 3390 1264 3474 Gualo
1295 3390 1335 3472 in
1369 3390 1465 3472 hora
1492 3385 1657 3472 serotina
1688 3383 1877 3468 allocutus
1907 3387 1965 3463 est

549 3531 700 3639 ipsum,
727 3538 766 3612 ot
787 3525 1012 3610 adverbum
1031 3525 1135 3608 illius
1155 3523 1370 3608 satisfacere
1388 3521 1566 3606 eeclesiae
1584 3517 1719 3604 annuit
1740 3517 1959 3626 impemlur.

549 3663 707 3772 Propter
736 3661 842 3770 quod
874 3659 913 3740 iu
946 3659 1102 3770 signum
1128 3659 1293 3742 laetitiae
1319 3658 1360 3740 in
1389 3655 1529 3740 Sancto
1565 3655 1755 3740 Germano
1781 3655 1873 3732 sunl
1897 3671 1965 3757 per

590 3867 630 3949 (a)
652 3869 702 3930 Sic
718 3887 726 3930 τ
742 3875 821 3929 reete
834 3873 934 3928 autem
948 3865 1034 3928 XXX
1032 3865 1084 3927 111.

584 4211 620 4284 (tl
638 4209 746 4268 Scilicet
756 4215 868 4284 propter
879 4208 1078 4266 sueemsionam
1090 4205 1163 4264 tertii
1178 4219 1272 4262 sorum
1286 4202 1376 4262 mnis
1388 4201 1496 4260 Raurici
1509 4197 1673 4258 marchionis
1687 4193 1796 4267 latriae,
1811 4207 1880 4252 anno
1894 4193 1964 4250 tm

547 4307 891 4378 depreciationem,
911 4304 1017 4376 Werlre,
1032 4310 1054 4362 t.
1072 4305 1125 4374 111,
1141 4319 1171 4378 p.
1186 4305 1248 4360 ³89.

586 4405 621 4479 (2)
640 4407 667 4462 ls
683 4411 725 4462 est
745 4404 897 4462 Demetrius
914 4404 949 4462 de
970 4401 1175 4472 Montererrato,
1197 4400 1244 4475 qui
1265 4398 1318 4457 hoo
1334 4397 1430 4457 οοᾱοω
1447 4412 1518 4455 anno
1535 4410 1629 4454 mense
1642 4390 1791 4468 septembri
1804 4388 1847 4446 vel
1859 4385 1963 4446 octobri

549 4501 652 4560 liddae
668 4502 737 4560 obiit
752 4507 783 4558 nt
799 4507 901 4559 monet.
916 4502 990 4558 Rroo.
1011 4515 1047 4556 nn
1065 4499 1094 4556 S.
1115 4497 1224 4569 (ἓως
1246 4495 1339 4554 relicto
1352 4501 1513 4553 tesamento
1525 4507 1580 4568 quo
1595 4503 1709 4566 regnum
1726 4498 1807 4547 surm
1823 4483 1965 4542 Thessalo·

549 4599 657 4656 nioense
668 4597 823 4672 imperatori
835 4597 970 4655 liriderico
981 4595 1145 4670 legabatill.
1155 4597 1272 4652 Reman.
1282 4593 1317 4651 de
1327 4592 1356 4652 S.
1367 4592 1537 4666 Georgioap.
1547 4581 1962 4658 nonmn,sotpt.,c.xxn1,

549 4697 600 4755 eol.
617 4699 679 4754 385.
693 4695 771 4756 Unde
784 4695 855 4752 ctare
866 4695 948 4769 liquet
960 4695 1043 4751 istum
1056 4707 1110 4750 non
1122 4692 1204 4754 iciam
1217 4690 1371 4750 namnetim
1386 4701 1451 4748 ann.
1468 4691 1553 4760 liri,
1565 4687 1637 4746 dent
1649 4683 1794 4757 scripturus
1803 4679 1965 4738 moeutiome

549 4795 676 4853 relerunt.
