4702 6110
615 625 674 690 398
1140 625 1310 688 unuatct
1334 625 1500 690 sutrim
1832 617 1911 702 [bn.
1929 617 2015 682 lm

616 767 759 864 costra,
779 757 1008 840 munitiones
1021 766 1059 840 et
1073 758 1241 844 civitates
1253 761 1454 844 comitatus
1466 757 1657 842 Ferrando
1674 752 1802 838 comiti
1820 751 2019 840 i'landriae

617 889 733 974 libere
746 891 908 973 tenenda
924 899 961 972 et
974 901 1155 1001 perpetuo
1168 893 1397 1002 possidenda
1412 892 1619 1004 assignent.
1643 889 1648 900 '

697 1105 794 1188 (ndu.
811 1105 857 1166 Da
870 1107 1094 1180 amrmemus,
1110 1105 1293 1168 ummo
1306 1123 1386 1188 pour
1403 1103 1676 1170 mab-ditirtoire
1688 1099 1737 1166 der
1748 1104 1897 1183 moniam
1909 1101 1944 1162 dc
1955 1103 2018 1167 Nu·

735 1230 813 1288 mur,
827 1211 862 1272 de
874 1213 1019 1288 fluitant,
1035 1219 1106 1286 etc,
1121 1219 1194 1276 tom.
1210 1216 1236 1286 1,
1252 1231 1283 1292 p.
1302 1223 1370 1277 tat.
1386 1215 1456 1278 Coit.
1470 1230 1539 1276 cum
1551 1213 1686 1294 originali
1698 1213 1730 1272 tu
1742 1209 1824 1272 arch.
1837 1209 1982 1286 Bruxdi.)

665 1401 832 1473 Honricus
849 1401 910 1474 Dei
928 1401 1037 1496 gratia
1051 1401 1283 1474 Romanorum
1298 1423 1362 1474 rex
1374 1409 1408 1506 et
1425 1422 1560 1496 semper
1572 1409 1752 1495 augustus,
1770 1395 1932 1471 fidelibus
1946 1397 2019 1469 suis

619 1525 824 1620 burcgravio
842 1525 943 1598 castri
962 1535 996 1597 et
1022 1525 1193 1608 universis
1216 1525 1352 1598 civibus
1375 1523 1524 1598 civitatis
1544 1523 1789 1616 domucensis,
1814 1523 2020 1618 burcgravio

619 1649 664 1722 de
680 1649 825 1742 Bovius,
844 1648 1050 1742 burcgravio
1071 1647 1116 1722 de
1139 1649 1273 1722 Sansun
1291 1647 1342 1746 (t)
1361 1657 1396 1722 ct
1418 1648 1588 1722 universis
1608 1649 1822 1722 consortibus
1845 1657 1878 1720 et
1903 1647 2020 1720 inicu-

620 1773 709 1848 datis
732 1772 777 1846 de
799 1773 961 1846 comitatu
982 1773 1187 1847 Namuoensi
1208 1773 1353 1868 gratiam
1371 1795 1470 1846 suam
1491 1781 1526 1846 et
1544 1793 1645 1846 omne
1664 1773 1806 1846 bouum
1827 1773 2020 1866 Recognos-

619 1907 735 1972 centes
752 1896 877 1971 dilecto
896 1897 1153 1992 consanguineo
1176 1907 1292 1972 nostro
1311 1897 1482 1972 Ferrando
1506 1898 1621 1971 comiti
1644 1895 1801 1970 Fiandrie
1822 1895 2019 1969 comitatum

619 2023 867 2096 Namucensem
887 2044 968 2094 cum
985 2021 1145 2094 omnibus
1163 2023 1348 2096 attinentiis
1364 2023 1437 2096 suis
1455 2021 1491 2094 in
1508 2021 1614 2096 teudo
1627 2021 1823 2108 contulisse,
1839 2019 2022 2117 prudentie

621 2155 734 2220 vestre
754 2146 850 2240 regia
870 2147 1071 2220 auctoritate
1088 2146 1350 2244 precipiendum
1373 2147 1540 2221 duximus
1563 2155 1598 2220 at
1618 2145 1855 2219 mandandum
1880 2153 1920 2218 ut
1937 2144 2022 2244 quin

624 2291 737 2343 comes
752 2269 976 2342 Namuoensis
992 2269 1085 2342 diem
1102 2269 1223 2343 clausit
1236 2279 1441 2360 extremum,
1458 2281 1581 2364 castra,
1597 2269 1803 2362 munitiones
1814 2278 1848 2343 et
1866 2269 2023 2342 civitates

621 2416 699 2466 cum
711 2393 897 2468 attinentiis
913 2394 1006 2468 dicto
1022 2395 1137 2466 comiti
1154 2395 1314 2469 Fiandrie
1331 2395 1512 2490 assignetis
1529 2395 1637 2468 libem
1650 2393 1797 2468 tenenda
1809 2401 1843 2467 et
1856 2401 2023 2489 perpetuo

621 2516 841 2616 possidenda.
861 2518 896 2591 Si
913 2519 994 2612 quis
1010 2539 1092 2592 vem
1107 2519 1293 2614 quicquam
1309 2519 1398 2612 juris
1415 2521 1450 2590 in
1470 2519 1646 2616 sepedicto
1661 2519 1822 2592 comitatu
1840 2517 1967 2590 babere
1984 2539 2023 2590 se

622 2641 775 2734 confidit,
797 2664 911 2716 coram
926 2643 1026 2716 nobis
1048 2653 1083 2717 et
1105 2633 1320 2740 principibus
1341 2653 1510 2742 proponat
1523 2653 1558 2718 et
1574 2665 1688 2717 comes
1704 2643 1862 2718 Flandrie
1884 2644 2023 2738 planam

620 2766 652 2840 ei
661 2765 827 2860 justitiam
843 2767 1033 2840 exhibebit.

667 2891 791 2963 Datum
806 2891 902 2986 apud
920 2893 1087 2986 Oetingen
1102 2891 1168 2988 (2),
1194 2891 1291 2964 tertio
1309 2913 1417 2965 nonas
1430 2891 1534 2986 junii,
1555 2889 1741 2966 indictione
1756 2891 1921 2966 secunda.

838 3200 1795 3214 ..—.--—-———--—————--..--——-—

545 3523 569 3567 u
674 3473 859 3558 Henricus
881 3475 1139 3562 Romanorum
1164 3507 1230 3563 ren
1250 3479 1411 3565 Henrico
1429 3485 1556 3567 comiti
1576 3486 1623 3568 de
1646 3487 1864 3600 Ortenburg
1886 3488 2026 3572 dilecto

623 3609 903 3719 consanguineo
925 3635 995 3694 suo
1013 3621 1050 3694 et
1064 3611 1147 3722 ejus
1165 3613 1392 3698 haeredibus
1404 3615 1468 3726 jus
1486 3619 1657 3702 concedit
1673 3619 1840 3703 fodiendi
1863 3647 2022 3728 aurum,

623 3751 821 3850 argentum
844 3741 994 3852 aliaque
1018 3745 1171 3828 metalla
1188 3747 1412 3832 inveniendo
1440 3750 1606 3836 inbonis
1625 3753 1706 3862 ejus
1730 3781 1829 3865 quae
1851 3755 1902 3838 ad
1924 3781 1965 3838 se
1987 3765 2025 3838 et

623 3871 823 3982 imperium
835 3900 882 3955 ex
897 3875 1055 3986 antiquo
1072 3875 1158 3988 jure
1176 3877 1383 3988 approbato
1400 3883 1584 3992 pertinere
1601 3897 1811 3970 noscuntur
1824 3886 1900 3998 (3).

658 4150 694 4224 (t)
712 4149 818 4210 Scilicet
829 4155 980 4228 Bouoiprus
989 4162 1017 4212 et
1027 4155 1157 4215 Somou.

656 4249 691 4322 u)
710 4249 914 4324 russanum,
930 4253 1114 4327 narrem
1126 4255 1191 4314 aun
1203 4257 1285 4315 suam
1296 4258 1443 4333 uternam.
1455 4261 1599 4337 OEtdngen
1612 4243 1716 4336 suun,
1730 4266 1776 4340 qu
1789 4267 1911 4325 numne
1929 4268 1956 4324 u
1969 4267 2024 4326 oa-

622 4345 700 4419 ginoii
712 4345 816 4420 iegitur,
831 4347 926 4406 msbus
938 4349 1027 4407 itineri
1042 4353 1175 4410 convenit.

658 4441 694 4515 (3)
713 4444 763 4500 Per
779 4443 848 4500 banc
866 4445 1064 4504 conoemioncm
1077 4449 1164 4521 prima
1177 4451 1236 4508 vice
1249 4451 1350 4511 mentio
1367 4451 1398 4510 tit
1407 4454 1477 4528 juris
1488 4455 1598 4516 tcuddis
1611 4474 1710 4534 exque
1723 4459 1915 4535 Ortauburgica
1925 4463 2024 4524 domus

621 4540 692 4600 bona
705 4541 800 4599 moab
815 4541 928 4617 imperio
941 4545 1058 4603 tenebat.
1071 4546 1201 4606 Henricus
1212 4549 1273 4623 iste,
1289 4550 1372 4609 irater
1386 4553 1530 4628 Rapotouis
1542 4555 1623 4629 hujus
1637 4558 1752 4616 nominis
1766 4559 1894 4632 secundi,
1914 4560 2024 4636 palatini

621 4636 773 4794 hanff,
796 4654 894 4714 araga
913 4643 1124 4716 consanguineus
1144 4653 1255 4704 uocatur
1273 4655 1385 4724 proptor
1401 4657 1513 4710 matrem
1530 4653 1588 4725 ejus
1607 4653 1742 4714 Elisabeth
1763 4673 1779 4715 a
1799 4657 1879 4716 domo
1902 4657 2025 4719 Gueldca

618 4747 694 4790 orrun
758 4775 765 4792 .
