4642 6106
368 735 464 796 butor.
480 731 522 817 3.]
818 735 1017 799 HISTORIA
1042 735 1336 799 btutoltttvlctt.
1722 725 1784 789 209

366 877 485 942 contra
506 888 571 940 nos
589 866 817 962 adheserunt,
838 879 874 943 et
891 892 954 967 per
970 872 1192 946 Thomasium
1212 870 1371 944 comitem
1388 868 1593 942 Acerramm
1617 865 1782 939 dilectum

368 991 506 1069 fidelem
519 1001 674 1067 nostrum
688 993 835 1066 tacimus
849 995 886 1067 in
899 997 1015 1070 anima
1028 1005 1144 1071 nostra
1153 997 1271 1090 jurare
1282 993 1378 1091 qnod
1393 991 1567 1090 predictos
1582 990 1679 1063 nullo
1694 999 1782 1064 tem·

367 1138 451 1214 pore
466 1115 682 1192 offendemus
695 1118 752 1192 vel
765 1118 932 1194 iaciemus
949 1119 1079 1194 offendi
1093 1141 1155 1217 pro
1169 1141 1211 1194 eo
1225 1119 1322 1216 quod
1335 1119 1488 1192 Romane
1503 1115 1648 1189 ecclesie
1665 1123 1783 1188 contra

368 1261 433 1314 nos
445 1249 519 1314 orta
528 1239 703 1314 discordia
716 1241 932 1333 assisterunt,
943 1251 978 1314 et
988 1243 1084 1336 quod
1100 1265 1220 1338 pacem
1231 1241 1384 1314 Ecclesia
1397 1249 1431 1312 et
1443 1239 1495 1312 eis
1504 1237 1779 1311 observabimus.

368 1364 584 1437 Remittimus
594 1363 699 1437 etiam
711 1365 916 1456 sententias,
929 1367 1189 1440 constitutiones
1201 1374 1237 1440 et
1249 1365 1365 1438 banna
1377 1363 1407 1436 si
1420 1385 1490 1458 qua
1503 1383 1565 1459 per
1576 1381 1638 1435 uos
1653 1362 1709 1434 vel
1723 1383 1785 1456 per

369 1485 456 1560 alios
476 1487 545 1559 lata
569 1487 625 1559 vel
653 1486 748 1560 edita
772 1497 856 1560 suut
882 1489 1063 1562 occasione
1087 1489 1287 1582 hujusmodi
1311 1497 1429 1562 contra
1454 1507 1525 1560 eos.
1552 1485 1786 1558 Promittimus

369 1609 474 1683 etiem
487 1609 584 1705 quod
600 1619 707 1683 terras
726 1610 879 1684 Ecclesia
892 1611 927 1683 iu
941 1613 1075 1684 Ducatu
1093 1613 1149 1684 vel
1163 1613 1315 1685 ltlarchia
1332 1633 1395 1685 seu
1412 1609 1481 1684 alio
1497 1609 1704 1706 patrimonio
1719 1608 1786 1680 lic·

371 1733 474 1807 clesie
495 1755 566 1807 non
585 1733 792 1808 invademus
812 1757 877 1807 nec
900 1735 1161 1808 devastabimus
1181 1757 1244 1832 per
1261 1757 1325 1809 nos
1345 1737 1398 1810 vel
1417 1757 1479 1832 per
1498 1735 1596 1807 alios.
1615 1733 1670 1806 Ad
1686 1736 1787 1826 quus

370 1857 419 1929 rei
437 1856 650 1932 evidentiam
674 1880 817 1954 presens
838 1859 1005 1956 scriptum
1028 1859 1103 1932 lieri
1122 1871 1157 1932 et
1177 1861 1273 1934 bulla
1295 1882 1402 1934 auree
1423 1859 1559 1956 typario
1578 1867 1693 1932 nostre
1711 1879 1784 1930 ma·

366 1981 500 2074 jactatis
512 1981 680 2078 impressa
692 1983 861 2076 jussimus
879 1983 1098 2056 communiri.

418 2107 505 2180 Data
516 2106 787 2202 apudSenctum
800 2106 1022 2201 Germanum,
1036 2129 1129 2182 auno
1143 2108 1316 2183 dominice
1330 2106 1781 2200 incarnationisllCCXXX,

372 2228 430 2303 die
507 2231 637 2306 mensis
650 2232 743 2326 julii,
758 2233 857 2307 tertie
870 2233 1083 2308 indictionis.

1047 2513 1109 2589 lV.

419 2745 458 2816 L.
476 2743 695 2818 miseratione
709 2741 829 2818 divina
839 2743 992 2840 Reginus
1002 2753 1037 2818 et
1102 2743 1262 2817 Berensis
1274 2741 1586 2840 archiepiscopi...
1601 2743 1785 2840 episcopus
1810 2753 1987 2862 rme?

371 2867 524 2962 Reginus
535 2876 570 2941 et
646 2867 755 2940 abbas
770 2867 955 2942 Casamarii
969 2867 1144 2941 universis
1162 2877 1340 2964 presentes
1357 2868 1486 2940 litteras
1504 2867 1708 2964 inspecturis
1728 2891 1784 2942 sa·
1847 2863 1874 2906 ²¹
1886 2861 1947 2916 Μ·

371 2992 477 3065 lutam
493 2991 528 3063 in
544 2991 704 3065 Domino.
725 2991 866 3064 Noverit
881 2991 1089 3065 universitas
1105 3001 1220 3066 vestra
1236 2991 1427 3087 quodcum
1440 2991 1655 3066 venerabiles
1672 3001 1786 3087 patres

372 3114 503 3189 domiui
521 3115 695 3189 Iohannes
717 3114 917 3188 Sabiueusis
943 3115 1127 3211 episcopus
1155 3125 1191 3189 et
1215 3115 1364 3190 Thomas
1395 3115 1486 3189 tituli
1511 3117 1635 3190 Saude
1658 3115 1785 3190 Sabine

372 3239 551 3336 presbyter
565 3239 768 3330 cardinalis,
788 3239 974 3336 apostolice
990 3239 1089 3312 Sedis
1104 3239 1228 3333 legati,
1248 3239 1389 3314 domino
1405 3239 1600 3336 imperatori
1611 3239 1784 3314 misissent

372 3385 435 3458 per
462 3364 665 3458 magistrum
692 3365 969 3438 Bartholomeum
997 3367 1214 3461 capellanum
1242 3365 1374 3438 domini
1404 3365 1496 3462 Pape
1521 3374 1555 3438 et
1581 3365 1784 3460 magistrum

372 3487 410 3559 P.
436 3487 652 3584 capellanum
675 3488 821 3585 predicti
844 3489 996 3586 episcopi
1022 3488 1221 3562 Sabineusis
1242 3498 1282 3561 ut
1307 3497 1433 3562 terram
1458 3510 1563 3584 quam
1581 3489 1787 3583 Margaritus

373 3619 529 3686 tenuerat
543 3620 578 3685 et
592 3621 760 3709 occupata
774 3612 967 3704 dicebatur,
987 3623 1169 3710 postquam
1188 3635 1208 3685 a
1227 3611 1368 3686 domiuo
1388 3633 1478 3707 papa
1495 3620 1711 3686 recesserunt
1723 3633 1786 3708 pru

373 3735 612 3831 componenda
629 3757 717 3832 pace
732 3737 928 3826 venientes,
945 3737 1059 3812 eidem
1072 3735 1258 3830 Margarita
1274 3735 1400 3809 iaceret
1411 3737 1512 3832 plene
1525 3735 1674 3828 restitui,
1692 3735 1786 3809 idem

373 3859 578 3956 Margaritus
592 3884 613 3935 a
627 3859 767 3937 domiuo
783 3863 988 3958 imperatore
1000 3871 1145 3936 vocatus
1160 3882 1275 3934 coram
1288 3861 1389 3933 nobis
1410 3870 1445 3933 et
1462 3860 1592 3934 eisdem
1607 3859 1737 3932 nuntiis
1753 3871 1788 3933 et

374 3985 532 4079 pluribus
547 3985 625 4058 aliis
646 3997 835 4082 spontanee
852 3987 1055 4081 recognovit
1075 4008 1113 4060 se
1135 3985 1271 4060 dudum
1292 3994 1478 4080 autequam
1495 3985 1654 4058 venirent
1672 3985 1786 4058 eidem

374 4109 570 4204 imperatori
579 4111 715 4203 jurasse
725 4117 760 4182 et
773 4131 811 4182 se
825 4131 866 4182 ao
877 4131 941 4183 sua
956 4109 1162 4206 exposuisse
1175 4108 1222 4183 ed
1238 4110 1348 4206 ipsius
1361 4109 1575 4205 beneplacita
1583 4109 1783 4200 voluntatis,

375 4253 624 4326 recognoscens
642 4255 681 4307 se
699 4233 862 4308 eumdem
886 4234 1126 4330 imperatorem
1141 4233 1231 4306 velle
1244 4233 1372 4306 habere
1389 4233 1425 4305 iu
1441 4233 1621 4308 domiuum
1635 4255 1739 4306 suum
1752 4243 1788 4306 et

375 4357 587 4447 uenalium,
606 4367 642 4431 et
659 4357 773 4431 eidem
789 4358 986 4453 imperatori
1001 4357 1205 4454 priusquam
1221 4379 1312 4454 papa
1326 4357 1489 4430 scriberet
1504 4357 1634 4431 litteras
1648 4366 1687 4429 ut
1704 4377 1786 4431 eum

376 4481 411 4552 in
426 4503 526 4554 suam
541 4481 686 4576 gratiam
701 4482 868 4578 reciperet
885 4481 1068 4556 direxisse.

424 4607 510 4680 Data
528 4603 624 4702 apud
638 4607 801 4682 Sanctum
816 4603 1037 4699 Germanum,
1052 4607 1115 4679 llll
1135 4605 1300 4680 kalendas
1316 4607 1468 4702 augusti.

477 4943 530 5005 lll.
