4702 6110
1017 707 1020 718 ,
1099 645 1272 708 assaret
1296 646 1464 710 seritur

376 1295 540 1406 affl...
624 1269 810 1354 ilenricus
834 1269 1096 1356 Romanorum
1122 1296 1190 1356 rex
1209 1272 1441 1357 monasterio
1462 1269 1700 1358 Waltsassen
1727 1273 1898 1382 quinque
1916 1273 1986 1382 ju-

570 1429 663 1514 gera
677 1404 877 1488 vinearum
895 1404 935 1486 iu
949 1404 1034 1490 loco
1049 1404 1222 1488 Bachloit
1231 1405 1343 1516 juxta
1359 1405 1493 1490 villam
1504 1405 1763 1518 Eduggesvelt
1779 1406 1910 1490 donat.

652 1645 750 1726 (Edit.
764 1649 796 1708 tn
814 1645 944 1708 Monens
964 1645 1063 1719 soto„
1078 1653 1141 1708 mm
1158 1647 1259 1721 XXX,
1272 1648 1392 1726 pars1·‚
1407 1665 1439 1726 p.
1457 1657 1532 1723 tte,
1546 1657 1581 1710 n⁰
1595 1657 1672 1724 oss,
1687 1665 1726 1712 ox
1743 1648 1879 1728 edmund
1897 1650 1983 1726 culus

688 1753 818 1833 Quum
831 1755 933 1832 perlit,
947 1753 1166 1816 remanentibus
1177 1760 1294 1816 nutum
1308 1753 1368 1816 sslis
1380 1755 1481 1816 sericis
1493 1753 1577 1816 rubrt
1590 1753 1753 1834 viridisque
1764 1752 1895 1832 coloris)

617 1967 661 2038 H.
680 1965 743 2040 Dei
760 1965 870 2061 gratia
888 1967 1120 2040 Romanorum
1142 1989 1207 2042 rex
1230 1976 1266 2042 et
1288 1989 1425 2066 semper
1442 1977 1631 2064 augustus,
1657 1967 1831 2042 universis
1848 1967 1983 2064 imperii

568 2089 731 2166 fidelibus
744 2091 873 2188 quibus
887 2093 953 2166 hee
970 2093 1068 2166 litere
1089 2101 1225 2168 ostense
1243 2094 1369 2168 luerint
1383 2095 1530 2190 gratiam
1549 2115 1649 2168 suam
1667 2101 1702 2167 et
1716 2114 1819 2166 omne
1835 2093 1978 2166 bonum.

566 2215 657 2303 Quia
673 2217 746 2290 Deo
775 2225 895 2290 autore
922 2217 1143 2290 stransitoriis
1165 2217 1408 2317 (transitoriis)
1431 2221 1558 2318 opibus
1580 2217 1737 2315 undique
1759 2217 1927 2316 stipamur
1948 2227 1983 2292 et

566 2341 719 2416 fascibus
740 2341 884 2416 terrenis
908 2341 1107 2438 peremnia
1131 2343 1311 2438 fulcimur,
1335 2344 1555 2419 decrevimus
1571 2345 1673 2440 juxta
1695 2343 1841 2440 apostoli
1859 2363 1980 2416 vocem

569 2487 651 2540 vera
665 2487 728 2562 pro
745 2465 856 2558 falsis,
876 2474 994 2540 eterna
1012 2487 1076 2564 pro
1094 2465 1254 2560 caducis,
1280 2469 1488 2566 sempiterna
1514 2489 1577 2565 pro
1603 2465 1747 2540 terrenis
1771 2475 1982 2540 munuum

566 2599 601 2666 et
624 2590 742 2686 aliqua
760 2591 897 2666 illamm
915 2613 1022 2688 opum
1043 2613 1108 2689 pro
1125 2589 1285 2666 mercede
1307 2592 1379 2667 vite
1403 2601 1521 2667 aterne
1540 2593 1577 2666 in
1600 2613 1688 2688 opus
1707 2589 1770 2664 Dei
1792 2590 1977 2666 destinare.

566 2715 684 2789 Sciant
698 2716 804 2810 igitur
820 2725 891 2790 tam
912 2715 1070 2790 moderni
1094 2739 1201 2814 quam
1217 2717 1324 2789 futuri
1340 2716 1438 2814 quod
1457 2715 1503 2791 ob
1521 2715 1714 2791 remedium
1732 2716 1848 2790 anime
1866 2725 1981 2788 nostre

565 2849 600 2914 et
612 2848 794 2936 parentum
809 2849 1004 2914 nostrerum
1021 2841 1179 2937 quinque
1185 2844 1310 2937 jugera
1327 2841 1510 2917 vinearum
1521 2841 1558 2915 in
1573 2842 1649 2916 loeo
1666 2863 1736 2938 que
1749 2838 1840 2938 (qui)
1854 2841 1981 2916 dicitur

564 2964 718 3038 Bacblait
735 2965 839 3058 juxta
862 2965 981 3039 villam
1000 2966 1226 3062 Eduggesielt
1247 2967 1348 3042 beate
1365 2967 1473 3042 Maris
1493 2987 1630 3063 semper
1647 2965 1776 3060 virgini
1801 2966 1981 3062 servisque

563 3091 626 3164 Dei
656 3090 693 3161 in
719 3091 931 3164 Waltsassen
961 3089 1169 3186 degentibus
1191 3091 1299 3165 libere
1325 3100 1361 3164 et
1379 3091 1496 3186 quiete
1517 3090 1612 3164 omni
1638 3090 1820 3164 exactione
1850 3099 1979 3164 semota

563 3213 727 3289 dedimus
748 3212 974 3311 possidenda.
997 3214 1040 3288 Et
1056 3236 1102 3289 ne
1116 3215 1153 3286 in
1172 3223 1347 3311 posterum
1371 3215 1437 3290 bec
1461 3215 1609 3289 donacio
1625 3215 1735 3312 possit
1755 3214 1976 3304 annichilari,

562 3337 667 3434 sigilli
685 3339 792 3412 nostri
808 3338 1022 3436 inpressione
1039 3337 1182 3412 firmiter
1199 3340 1450 3414 roboravimus.

611 3463 672 3536 His
694 3464 841 3538 testibus
864 3465 1056 3538 venerabili
1081 3467 1277 3539 Hermanno
1299 3465 1516 3562 Erbipolensi
1536 3465 1716 3562 episeopo,
1740 3465 1865 3538 illustri
1889 3463 1980 3540 duee

562 3588 722 3664 Bawarie
745 3589 955 3682 Ludewico,
979 3589 1102 3662 illustri
1124 3590 1215 3664 duee
1240 3589 1397 3686 Lupoldo
1419 3588 1576 3682 Austris,
1605 3588 1747 3664 dominu
1771 3587 1913 3664 Gerlaeo
1933 3589 1979 3663 de

562 3713 729 3810 Butinge,
754 3713 910 3811 dapifero
935 3714 981 3788 de
1011 3715 1189 3808 walthun,
1213 3715 1379 3812 pincerna
1404 3712 1450 3788 de
1471 3713 1722 3804 Winterstede,
1747 3713 1889 3789 domino
1910 3713 1978 3786 Lu·

508 3877 512 3890 ·
562 3838 668 3936 poldo
686 3839 732 3914 de
751 3840 901 3914 Grintola
918 3849 954 3913 et
978 3839 1081 3914 iratre
1094 3843 1190 3934 ejus,
1206 3838 1347 3914 domino
1361 3839 1414 3935 (l)
1428 3839 1603 3913 Hertwieo
1617 3839 1783 3934 magistro
1800 3859 1973 3912 cocorum.

610 3965 738 4037 Datum
753 3963 849 4061 apud
864 3963 1093 4060 Nurdelinge,
1114 3965 1189 4038 Vlll
1211 3963 1293 4039 idus
1311 3963 1502 4074 sempehris
1521 3961 1771 4062 (septembris),
1790 3961 1978 4037 indictione

562 4087 674 4184 prima
688 4086 751 4186 (2).

559 4394 665 4453 comitis
683 4395 718 4452 dc
735 4395 828 4470 Bcgen
845 4395 916 4454 inter
932 4396 1071 4454 Patavium
1089 4401 1118 4454 et
1134 4395 1308 4470 itatispcnam
1325 4393 1436 4470 positis,
1454 4407 1545 4454 rorum
1565 4391 1680 4452 testibus
1697 4390 1975 4464 iisden.1btd.,toc.

560 4507 637 4666 audiri·
649 4497 791 4648 §dugdale
800 4595 843 4650 est
852 4590 898 4649 hic
905 4589 998 4648 titulus
1010 4591 1144 4649 Dominus
1153 4595 1252 4648 contra
1263 4587 1369 4648 solitmn
1377 4588 1490 4647 formam
1500 4585 1718 4646 ministerialibus
1726 4586 1816 4646 dabre.
1914 4559 1915 4564 ἵ

596 4687 634 4762 (i)
653 4687 735 4747 Recte
747 4687 880 4761 amado,
900 4705 950 4764 pro
961 4688 1132 4764 computandi
1151 4687 1232 4746 modo
1251 4687 1324 4762 apud
1334 4686 1453 4746 Graecos
1463 4691 1492 4745 et
1504 4702 1522 4744 a
1534 4684 1631 4744 Suom
1641 4689 1797 4743 constanter
1805 4683 1913 4744 nutam.
1922 4677 1976 4743 Sed

556 4785 672 4845 tortasse
689 4785 734 4844 hic
748 4786 868 4846 notarius
879 4785 1022 4846 indictione
1034 4786 1164 4846 &marea
1174 4785 1258 4844 utitur
1269 4785 1443 4860 umectat
1456 4782 1618 4860 septembris
1628 4782 1793 4858 prolongata.
