4702 6110
238 649 244 659 “
382 663 540 748 intes]
832 659 1028 722 ursronrn
1053 657 1346 722 urrunnurrcs.
1734 657 1794 722 uos

383 811 471 874 tram
494 817 564 893 qua
582 795 682 869 nobis
700 803 735 868 et
755 794 899 890 imperio
920 795 1003 867 estis
1018 793 1163 886 astricti,
1191 793 1394 866 auctoritate
1416 793 1627 890 presentium
1649 793 1792 867 liberam

384 924 483 997 vobis
504 919 739 995 auctoritatem
758 917 980 1012 indulgemus
996 925 1035 989 ut
1055 926 1205 990 vestrum
1226 915 1400 990 civitatem
1419 916 1526 990 libere
1543 917 1706 990 muniatis
1724 919 1794 989 los·

383 1048 467 1121 sutis
481 1055 516 1120 et
531 1044 640 1117 muris
654 1042 848 1117 secundum
867 1041 964 1135 quod
978 1041 1079 1114 vobis
1099 1039 1276 1114 videbitur
1292 1038 1479 1136 expedire;
1495 1041 1572 1114 etsi
1584 1061 1793 1136 quecunque

385 1193 531 1267 persona
543 1171 581 1242 iu
598 1169 654 1241 his
670 1188 735 1240 vos
752 1165 920 1262 impedire
939 1165 1205 1262 presumpserit,
1222 1185 1364 1261 gravem
1384 1163 1549 1237 offensam
1565 1172 1680 1237 nostre
1694 1164 1793 1236 celsi·

386 1293 517 1368 tudinis
538 1313 578 1366 sc
601 1289 737 1364 noverit
757 1288 985 1362 incursurum.
1010 1287 1067 1362 Ad
1087 1289 1251 1380 majorem
1272 1287 1390 1382 itaque
1414 1288 1630 1360 securitatem
1653 1308 1795 1383 presens

385 1419 552 1515 scriptum
573 1427 689 1490 nostre
703 1415 892 1507 mejestatis
908 1415 1022 1509 sigillo
1043 1413 1240 1486 roboretum
1264 1413 1364 1486 vobis
1380 1413 1598 1509 precepimus
1619 1411 1791 1485 exhiberi.

385 1541 590 1615 Pretereasi
611 1561 673 1636 per
691 1537 946 1612 concessionem
970 1537 1029 1611 vcl
1052 1535 1319 1610 infeodatiouem
1340 1535 1465 1610 dilecto
1485 1545 1603 1610 nostro
1622 1536 1705 1609 duci
1723 1537 1817 1609 blo·

386 1664 483 1736 rauie
499 1662 552 1762 (l)
567 1684 647 1736 cum
664 1662 748 1735 villa
769 1670 884 1735 vestre
897 1661 954 1735 vel
967 1660 1144 1756 aliquibus
1156 1661 1258 1734 bonis
1274 1661 1418 1734 ecclesie
1434 1670 1548 1735 vestre
1560 1682 1631 1756 que
1643 1659 1744 1733 nobis
1762 1669 1797 1733 et

387 1787 533 1883 imperio
553 1787 780 1861 dinoscuntur
796 1786 958 1876 attinere,
977 1786 1098 1860 iecisse
1123 1784 1335 1860 dinoscimur
1350 1782 1422 1883 (a),
1441 1784 1648 1880 querationi
1666 1792 1798 1858 suntet

388 1911 497 1984 tenori
518 1911 777 2008 privilegiorum
799 1920 991 1983 vestrorum
1011 1909 1182 1983 contraria
1199 1919 1235 1982 et
1250 1909 1367 1982 minus
1389 1909 1541 2006 legitime
1559 1918 1713 2004 pernota,
1733 1928 1796 1982 uo·

388 2035 505 2108 lnmus
522 2045 562 2108 ut
581 2035 691 2107 ullum
718 2034 825 2107 robur
849 2034 1026 2108 obtineant
1043 2032 1231 2125 firmitatis,
1253 2034 1337 2128 quin
1356 2054 1494 2106 omnem
1507 2032 1675 2126 justitiam
1697 2041 1732 2104 et
1756 2032 1797 2104 li·

388 2159 555 2233 bertutem
580 2167 694 2232 vestm
718 2158 862 2233 ecclesie
885 2158 986 2232 nobis
1011 2156 1136 2231 dilecto
1161 2157 1373 2232 intendimus
1395 2157 1496 2232 vobis
1517 2158 1555 2230 iu
1578 2155 1739 2230 omnibus
1763 2165 1798 2229 et

389 2291 507 2356 contra
523 2283 709 2357 versutiam
723 2281 1184 2381 quorumlibetoonservure.

437 2408 562 2480 Datum
579 2406 676 2504 opud
693 2409 873 2502 Hagenov,
894 2427 986 2479 auno
1004 2405 1142 2480 Domini
1156 2405 1398 2498 ldCCXXVlIl,
1418 2408 1475 2480 1v⁰
1492 2405 1656 2480 kalendae
1672 2407 1798 2499 januu-

389 2529 444 2618 rii,
461 2529 648 2604 indictione
662 2531 716 2604 ll‘.

431 2756 469 2838 (a)
491 2759 528 2820 ln
540 2759 681 2838 impresso
693 2756 892 2832 mene,
902 2763 934 2820 ct
945 2775 1035 2838 supro
1047 2755 1233 2836 mcor,
1245 2757 1330 2821 mule
1348 2759 1386 2820 Iu
1399 2757 1472 2820 (lod.
1488 2757 1602 2820 lacuna.

427 3105 462 3179 (t)
481 3105 543 3164 vid.
557 3121 641 3181 supra
652 3121 681 3180 p.
692 3106 823 3164 steron
836 3111 927 3164 tumen
939 3105 974 3164 de
986 3105 1135 3179 advocetis,
1145 3113 1176 3164 ut
1187 3107 1298 3182 quidum
1311 3112 1486 3182 putuvsmnt,
1504 3107 1553 3166 sed
1565 3106 1750 3166 nummncdo
1763 3106 1799 3164 de

392 3205 470 3263 bouis
481 3205 640 3280 quibusdum
656 3205 729 3280 opud
740 3205 882 3264 Luscinum
895 3205 1068 3280 (Luxovium)
1087 3204 1133 3263 bic
1144 3205 1240 3280 sporn.
1252 3206 1397 3266 Advocatio
1411 3212 1501 3265 autem
1517 3206 1691 3264 luxoviensis
1707 3204 1742 3262 ud
1754 3220 1800 3262 co·

393 3303 484 3359 mitem
493 3303 650 3361 mnenon
663 3302 829 3377 pertinebat,
843 3307 871 3361 et
884 3309 978 3378 postes
992 3302 1100 3361 transit
1116 3303 1151 3360 ud
1171 3303 1355 3362 Theobaldum
1365 3303 1525 3379 Csmpuniue
1535 3303 1662 3360 comitem
1673 3307 1701 3359 et
1710 3315 1801 3375 rugum

392 3397 526 3456 Nursrrsc
538 3398 619 3473 hujus
631 3400 748 3460 nominis
766 3399 928 3473 secuudum,
944 3406 1038 3458 tenore
1050 3399 1165 3460 loederis
1176 3400 1241 3459 dicti
1259 3400 1293 3460 de
1304 3403 1421 3476 puriupe
1434 3401 1605 3476 interipsum
1623 3405 1651 3458 et
1665 3397 1800 3458 nbbutinm

393 3493 451 3550 initi
459 3494 587 3569 vigesimo
597 3503 674 3556 sexto
688 3498 732 3556 diu
745 3497 803 3573 julii
815 3501 895 3558 tant.
