4658 6132
501 620 559 684 120
997 624 1215 687 ablocaret
1240 626 1416 688 secutor
1726 627 1804 714 [Aac.
1822 629 1909 694 1229.

496 757 644 832 Thomas
667 779 783 832 comes
807 757 1039 853 Aceerranus,
1068 760 1206 834 buivius
1233 762 1330 857 regni
1357 763 1616 838 lerosolimitnni
1642 763 1716 862 (4),
1745 765 1913 840 Ricardus

497 881 674 978 Filangsr,
693 884 923 958 marescalcus
935 893 1067 977 noster,
1084 883 1269 960 Gamerius
1281 885 1507 962 Alamannus.
1600 893 1606 896 ’

547 1005 634 1080 Acta
662 1015 745 1080 sunt
774 1007 840 1082 bec
867 1029 959 1082 auno
986 1009 1162 1084 Dominice
1189 1010 1432 1086 incarnationis
1460 1010 1642 1085 milimimo
1674 1009 1922 1088 ducentesimo.

499 1129 664 1205 vicesimo
691 1153 801 1226 nono,
832 1153 952 1207 mense
981 1133 1099 1229 upriii,
1129 1133 1283 1208 secunda
1311 1134 1516 1228 indictione,
1550 1135 1741 1231 imperanto
1771 1134 1914 1210 domiuo

500 1265 616 1330 nostro
628 1255 823 1345 Frederico‚
838 1258 901 1332 Dei
913 1257 1023 1354 gratis
1034 1259 1259 1332 invictissimo
1272 1259 1502 1333 Romanorum
1515 1259 1721 1356 imperatore
1731 1267 1767 1334 et
1778 1279 1921 1356 semper

500 1387 668 1474 augusto,
687 1381 882 1455 lemsolime
897 1391 932 1456 et
941 1381 1057 1456 Sicilie
1070 1404 1169 1476 rege,
1186 1405 1278 1456 anno
1293 1384 1436 1456 Romani
1450 1383 1586 1478 imperii
1598 1383 1675 1456 eius
1691 1403 1798 1474 nono,
1813 1384 1912 1480 regni

501 1503 762 1578 lemsolimitaui
776 1516 916 1602 quarto,
933 1507 1030 1598 regni
1045 1528 1129 1580 vmo
1144 1507 1259 1580 Sicilie
1276 1505 1447 1580 tricesimo
1461 1507 1592 1602 primo,
1609 1507 1763 1582 feliciter.
1784 1506 1910 1584 Amen.

549 1629 674 1702 Datum
688 1630 784 1726 apud
797 1629 934 1724 Aocou,
954 1653 1066 1724 anuo,
1082 1653 1220 1723 meuse,
1241 1631 1430 1707 indictione
1443 1629 1652 1728 prescriptis.

714 1937 1695 1950 ...affl-mm

553 2218 789 2324 inidoneus,
813 2217 1074 2304 Romanorum
1101 2218 1326 2327 imperator,
1354 2217 1553 2302 confirmat
1577 2217 1915 2302 commutationem

498 2351 639 2436 sectam
656 2352 755 2436 inter
772 2350 1034 2436 Hermannum
1051 2351 1282 2462 magistrum
1300 2351 1440 2434 domus
1457 2350 1779 2434 Thoutonicorum
1799 2358 1839 2434 et
1853 2349 1917 2434 la-

497 2483 638 2570 cobum
658 2486 707 2568 de
725 2484 949 2596 Amigdula,
968 2485 1141 2570 videlicet
1161 2485 1211 2568 de
1231 2485 1349 2568 casali
1371 2483 1552 2568 Mebeline
1569 2485 1674 2593 quod
1699 2483 1802 2568 idem
1819 2507 1915 2568 mu·-

499 2618 616 2730 gister
637 2627 675 2700 et
696 2619 835 2702 domus
859 2619 1047 2702 dederunt
1072 2619 1196 2702 eidem
1217 2617 1356 2702 Iacobo
1379 2616 1418 2698 in
1445 2617 1685 2700 excambium
1705 2643 1777 2726 pro
1797 2616 1916 2700 casali

499 2751 657 2836 Treiilae
679 2759 717 2834 et
735 2751 868 2835 Castro
885 2775 985 2836 noro
1007 2751 1113 2862 quud
1129 2751 1269 2835 dicitur
1281 2749 1461 2835 Montfort
1477 2775 1566 2833 eum
1584 2749 1764 2834 omnibus
1781 2775 1915 2834 eornm

499 2883 748 2996 pertinentiis.

578 3115 698 3198 (Inedia
713 3117 746 3178 tn
757 3115 869 3178 archiv.
885 3115 1028 3190 Beroitn„
1042 3131 1061 3175 e
1073 3113 1267 3232 libropuptall
1278 3113 1375 3176 ordin.
1389 3111 1549 3193 Theutou.)

549 3331 772 3423 Fredericus,
788 3330 852 3404 Dei
866 3329 976 3426 gratia
994 3328 1228 3402 Romanomm
1245 3326 1445 3422 imperator,
1463 3345 1598 3420 semper
1613 3333 1800 3420 augustus,
1817 3328 1916 3400 Jem-

501 3457 622 3532 solime
637 3465 672 3530 et
692 3455 808 3528 Sicilie
823 3475 900 3528 rex.
920 3453 1047 3527 Notum
1067 3451 1113 3524 sit
1131 3449 1304 3524 universis
1319 3458 1389 3522 tam
1412 3448 1628 3544 presentibus
1644 3469 1751 3544 quam
1768 3449 1913 3530 futuris.

501 3579 598 3678 quod
616 3580 795 3654 venientes
808 3578 844 3650 in
856 3576 952 3650 ouria
964 3585 1097 3668 nostra,
1114 3573 1329 3672 presentibus
1340 3571 1540 3647 hominibus
1551 3572 1649 3664 regni
1663 3571 1771 3644 nostri
1787 3573 1918 3646 leroso-

502 3705 667 3796 limitani,
699 3704 802 3776 irater
831 3702 1047 3774 Hermannus
1077 3698 1285 3772 venerabilis
1312 3695 1476 3790 magister
1501 3694 1626 3768 domus
1658 3697 1782 3768 Sancte
1809 3694 1919 3768 Maris
2057 3735 2067 3755 ·

503 3825 787 3920 Theotonioornm
801 3825 837 3896 in
849 3823 1048 3898 lerosolima
1059 3821 1251 3894 etJacobus
1263 3819 1308 3894 de
1318 3817 1512 3912 Amigdala,
1527 3815 1648 3890 fideles
1658 3817 1778 3906 nostri,
1795 3819 1920 3912 majes-

504 3952 565 4026 tati
582 3959 698 4026 nostre
714 3947 890 4022 humiliter
907 3945 1164 4044 supplicarunt,
1181 3953 1220 4016 ut
1238 3941 1540 4017 commutationem
1553 3940 1642 4014 inter
1656 3961 1717 4014 eos
1735 3942 1862 4016 iactam
1881 3942 1919 4014 in

504 4273 568 4315 oum
580 4255 684 4314 bellum
697 4254 855 4312 intestinum
867 4253 936 4309 inter
948 4249 1115 4325 Templarios
1126 4255 1155 4306 et
1165 4247 1329 4305 Fridericum
1344 4246 1458 4318 exarsit,
1471 4252 1579 4321 tempus
1589 4246 1723 4306 vindictae
1734 4263 1799 4307 suae
1810 4255 1921 4324 oportu-

506 4355 567 4412 nius
579 4359 708 4428 reputnns
721 4353 750 4409 in
762 4357 868 4426 partem
892 4349 974 4408 vertit
986 4347 1142 4418 adversam,
1159 4351 1187 4402 et
1204 4360 1267 4403 cum
1285 4344 1383 4402 auxido
1399 4345 1572 4401 Jauuensium
1584 4345 1700 4402 nutum
1717 4361 1749 4403 se
1765 4345 1920 4421 imperatori

507 4449 707 4508 incommodum
721 4447 854 4506 exhibuit.
870 4445 985 4516 ibidem,
1001 4447 1116 4520 possim.
1131 4441 1272 4513 Quomodo
1284 4457 1315 4500 se
1334 4442 1361 4498 in
1374 4441 1465 4516 Cypro
1478 4441 1592 4515 gesserit
1606 4447 1669 4516 post
1680 4442 1803 4516 ejusdem
1819 4443 1920 4502 disces·

507 4563 585 4618 sum,
600 4547 663 4604 vide
677 4545 745 4602 intre
753 4562 782 4619 p.
795 4547 864 4616 299,
880 4549 936 4601 not.
948 4546 974 4600 4.

543 4645 579 4717 (t)
593 4643 635 4700 Ci.
649 4657 746 4716 supra,
761 4658 789 4716 p.
805 4642 851 4710 79,
865 4645 923 4698 not.
937 4641 966 4710 2,
979 4640 1084 4712 p.‚ttt,
1100 4643 1157 4695 not.
1172 4638 1198 4707 4,
1209 4641 1237 4692 et
1247 4633 1315 4694 intra
1326 4633 1471 4694 secundam
1482 4633 1622 4708 epistotam
1630 4634 1738 4694 Geroldi
1745 4637 1920 4711 mmmcnae,

506 4741 554 4800 ubi
568 4739 706 4799 desudem
718 4734 989 4812 quuqusmeutiutit,
1004 4751 1033 4809 p.
1051 4735 1113 4792 448.
