4602 6084
379 663 476 722 lucrer.
497 658 535 742 1.]
825 657 1021 719 lllstontd
1047 656 1338 718 btruotlllrlcll.
1746 652 1786 714 67

380 797 480 888 cujus
497 813 641 866 munere
658 790 827 886 imperiali
847 791 934 866 solio
948 793 1162 888 presidemus
1177 791 1273 888 quod
1296 792 1341 866 ob
1355 788 1581 864 reverentiam
1595 789 1657 861 Dei
1676 809 1697 860 a
1715 809 1787 882 quo

379 917 658 1012 recognoscimus
671 913 709 988 id
723 915 819 1009 quod
836 937 975 1008 sumus,
993 918 1181 990 Romanam
1197 917 1385 991 Ecclesiam
1407 915 1531 988 effectu
1543 913 1638 986 filiali
1653 933 1789 1009 semper

380 1043 569 1116 dileximus
585 1049 620 1112 et
630 1039 827 1133 juravimus
843 1041 923 1114 totis
945 1041 1079 1114 viribus
1101 1042 1286 1134 honorare,
1304 1041 1392 1114 adeo
1409 1040 1506 1135 qnod
1528 1046 1637 1112 metas
1653 1037 1787 1132 imperii

380 1169 480 1260 cnjus
494 1162 873 1260 terminosamplilicare
886 1173 1044 1238 tenemur
1056 1175 1179 1262 sponte
1192 1165 1396 1260 reliquimus
1410 1173 1450 1237 nt
1461 1163 1649 1238 Ecclesiam
1663 1163 1786 1258 largio·

381 1291 477 1363 ribus
495 1287 672 1364 beneficiis
688 1288 895 1379 ditaremus,
913 1287 1027 1362 cidem
1044 1311 1108 1362 vos
1130 1298 1165 1362 et
1180 1291 1297 1386 plnres
1320 1290 1406 1362 alios
1430 1290 1475 1362 de
1497 1286 1659 1360 fidelibus
1681 1287 1788 1359 nostri

381 1413 514 1510 imperii
530 1412 765 1499 concedendo,
780 1421 956 1508 sperantes
968 1413 1065 1510 quod
1078 1414 1209 1487 exinde
1223 1415 1435 1511 placeremus
1446 1411 1619 1484 Altissimo
1634 1421 1670 1484 el
1679 1411 1788 1506 ipsius

381 1549 528 1612 rectores
545 1537 696 1612 Ecclesia
713 1535 832 1610 fierent
845 1537 1044 1630 hujusmodi
1064 1539 1170 1611 nostri
1188 1537 1347 1612 beneficii
1363 1559 1433 1612 non
1456 1536 1594 1631 ingrati.
1612 1537 1667 1608 Sic
1684 1535 1787 1608 etiam

381 1665 417 1736 in
431 1664 612 1738 utilitatem
626 1663 778 1736 Ecclesie
792 1663 902 1758 ipsius
911 1672 1065 1738 nostrum
1081 1663 1287 1738 beneficium
1301 1662 1536 1737 concessimus
1549 1661 1661 1733 utsub
1673 1667 1788 1732 nostre

381 1786 599 1882 protectionis
617 1786 819 1860 umbraculo
837 1787 989 1877 essedis]
1004 1797 1039 1860 et
1052 1788 1277 1861 nihilominus
1291 1787 1470 1877 viveretis,
1490 1794 1529 1857 ut
1542 1785 1637 1857 nulle
1648 1793 1787 1858 contur-

381 1911 559 1985 bationum
574 1911 840 1984 concuteremini
856 1919 1056 2006 tempestate
1069 1921 1103 1984 et
1116 1933 1180 1984 vos
1194 1933 1328 2008 semper
1343 1912 1567 2002 haberemus,
1585 1931 1663 1981 cnm
1680 1929 1787 2003 expe·

381 2035 486 2124 diret,
502 2035 548 2110 ad
559 2044 674 2108 nostra
687 2044 722 2108 et
732 2035 867 2130 imperii
886 2037 1026 2109 servitia
1041 2048 1250 2133 preparatos,
1265 2059 1354 2132 quos
1371 2057 1418 2110 ex
1432 2035 1652 2107 concessione
1668 2033 1786 2126 hujus·

381 2159 475 2233 modi
490 2182 511 2233 a
526 2159 765 2252 jurisdictione
776 2169 810 2231 et
823 2159 972 2232 servitiis
992 2160 1125 2256 imperii
1142 2183 1320 2256 nunquam
1341 2160 1414 2234 fieri
1428 2160 1591 2232 volumus
1604 2157 1781 2230 alienatos.

382 2283 449 2356 Sed
464 2293 566 2379 prout
578 2283 758 2358 evidenter
771 2292 913 2380 apparet
927 2293 963 2358 et
980 2305 1063 2380 sepe
1080 2307 1202 2358 snmus
1220 2286 1369 2382 experti,
1386 2285 1453 2380 ipsi
1470 2293 1618 2356 rectores
1635 2281 1787 2356 Ecclesie

381 2409 676 2482 contravenientes
698 2409 803 2480 immo
833 2417 1066 2503 pervertentes
1098 2391 1300 2503 hujusmodi
1332 2419 1486 2482 nostrum
1516 2407 1721 2480 beneficium
1749 2408 1785 2478 in

381 2533 542 2624 abusum,
567 2533 769 2606 dominandi
796 2533 971 2628 proposito
990 2533 1135 2628 gratiam
1159 2535 1211 2606 eis
1235 2545 1390 2607 anostra
1404 2533 1585 2606 serenitate
1611 2532 1783 2626 provisam

382 2677 516 2751 semper
532 2657 732 2750 satagebant
754 2657 984 2752 supprimere,
1003 2665 1038 2729 et
1060 2658 1089 2729 si
1110 2657 1298 2754 aliquando
1318 2681 1380 2754 per
1399 2667 1513 2754 partes
1537 2657 1629 2753 ipsas
1643 2655 1785 2750 contigit

383 2800 446 2851 uos
470 2779 633 2870 transire,
654 2781 882 2854 reverentiam
908 2791 943 2854 et
961 2782 1141 2854 servitium
1155 2782 1252 2878 quod
1266 2805 1287 2855 a
1301 2783 1402 2855 vobis
1420 2782 1610 2876 ceterisque
1625 2780 1786 2853 fidelibus

384 2903 507 2976 uostris
515 2903 649 2999 imperii
658 2903 854 2978 celsitudini
864 2913 979 2978 nostre
988 2905 1134 2979 debetur
1143 2906 1310 3002 impedire
1322 2907 1433 2980 conati
1444 2917 1537 2997 sunt,
1548 2915 1581 2978 el
1591 2905 1703 2996 nobis,
1715 2927 1782 2978 non

383 3028 477 3100 velut
496 3028 727 3100 Romanorum
747 3028 942 3124 imperatori
968 3041 1003 3102 et
1021 3051 1105 3102 vero
1122 3029 1263 3103 domino
1286 3040 1416 3118 vestro,
1444 3030 1505 3102 sed
1528 3039 1693 3122 tanquam
1719 3051 1786 3100 ex-

384 3163 516 3242 traneo,
539 3175 600 3247 per
615 3151 798 3248 imperium
823 3163 978 3226 nostrum
1005 3165 1040 3227 et
1061 3178 1123 3252 per
1145 3177 1209 3228 vos
1227 3157 1378 3228 maxime
1393 3177 1482 3249 quos
1498 3162 1697 3249 reputamus
1712 3173 1788 3224 esse

384 3275 516 3370 imperii
529 3275 650 3350 fideles
664 3277 864 3372 precipuos,
882 3279 1061 3352 transitum
1074 3279 1274 3374 simpliciter
1285 3279 1446 3374 prebere3
1466 3278 1546 3350 licet
1560 3276 1597 3349 id
1610 3297 1786 3371 nunquam

384 3399 525 3494 implere
547 3401 604 3473 vel
629 3401 756 3494 exequi
782 3403 991 3496 potuissent,
1017 3403 1118 3475 vobis
1141 3413 1176 3475 et
1197 3403 1319 3476 ceteris
1348 3401 1509 3475 fidelibus
1529 3401 1635 3473 nostri
1652 3399 1787 3494 imperii

383 3522 695 3596 contradicentibus
706 3547 771 3597 nec
782 3525 818 3595 iu
833 3526 899 3598 hoc
914 3527 1119 3599 iacientibus
1132 3529 1446 3617 voluntatieorum,
1464 3525 1525 3619 qui
1541 3523 1644 3596 fidem
1658 3523 1787 3594 illesam

383 3665 517 3738 semper
531 3645 675 3740 imperio
689 3648 902 3720 servavistis.
921 3649 980 3720 list
994 3650 1097 3722 etiam
1115 3651 1212 3723 aliud
1228 3651 1422 3724 nullatenus
1440 3649 1507 3722 sub
1521 3647 1656 3720 silentio
1679 3655 1789 3717 trans·

382 3767 538 3840 eundum
550 3770 645 3863 quod
664 3771 769 3846 iidem
786 3783 950 3865 rectores,
968 3795 1037 3846 non
1053 3774 1216 3847 sinenota
1232 3775 1385 3864 inlamie,
1402 3775 1549 3848 deterre
1565 3773 1638 3868 ipsa
1656 3769 1789 3864 imperii

383 3899 500 3964 contra
515 3914 578 3964 nos
592 3901 626 3966 et
641 3893 761 3968 lideles
775 3906 908 3969 nostros
923 3897 958 3968 in
973 3899 1126 3970 favorem
1142 3908 1177 3971 et
1191 3899 1460 3989 coniurationem
1477 3906 1668 3968 nostrorum
1680 3895 1790 3966 rebel·

383 4013 467 4085 lium
482 4037 549 4088 non
564 4019 669 4090 semel
684 4019 746 4090 scd
763 4021 880 4116 sepius
893 4026 1085 4094 exercitum
1101 4045 1309 4118 congregare
1323 4023 1518 4112 studentes,
1536 4041 1599 4093 nos
1612 4029 1645 4091 et
1657 4027 1790 4090 nostros

383 4159 512 4210 vexare
533 4151 568 4212 et
584 4143 743 4236 persequi
763 4165 826 4238 pro
846 4145 980 4218 viribus
997 4168 1066 4219 non
1087 4147 1272 4240 desistunt,
1292 4147 1370 4238 jura
1392 4158 1507 4218 nostra
1528 4155 1596 4216 tam
1623 4143 1660 4214 in
1683 4163 1789 4236 reguo

382 4283 487 4354 quam
519 4263 555 4334 in
578 4263 720 4359 imperio
743 4269 945 4340 conculcare
972 4279 1007 4342 et
1030 4271 1221 4365 deprimere
1248 4279 1467 4364 satagentes:
1486 4269 1582 4364 quod
1606 4268 1642 4340 in
1666 4269 1789 4340 effectu

382 4386 555 4459 multoties
568 4388 800 4462 ostendissent
812 4399 846 4463 et
860 4393 976 4464 adhuc
988 4395 1223 4487 ostenderent,
1247 4395 1276 4468 si
1291 4393 1342 4468 eis
1356 4395 1499 4466 facultas
1514 4399 1711 4488 suppeteret
1728 4391 1789 4464 ad·

381 4509 556 4582 versandi.
579 4511 745 4584 Fecerunt
769 4514 910 4610 insuper
932 4537 1002 4610 quo
1025 4527 1225 4590 mernerunt
1248 4520 1402 4615 predicte
1423 4516 1654 4591 concessionis
1675 4523 1789 4588 nostre

382 4632 526 4724 gratiam
535 4631 717 4728 demereri,
730 4638 896 4732 quoniam
911 4662 989 4712 cum
1005 4661 1069 4713 vos
1083 4641 1284 4716 debuissent
1295 4643 1390 4739 pacis
1401 4641 1523 4715 solatio
1536 4641 1633 4714 velut
1645 4660 1790 4736 persone

383 4753 524 4848 pacifice
539 4759 741 4855 confovere,
759 4784 892 4859 semper
913 4763 1067 4838 rixarum
1087 4776 1121 4839 et
1146 4767 1320 4842 discordie
1343 4749 1519 4842 inmitibus
1543 4766 1785 4856 turbaverunt,
