4658 6132
582 637 641 700 144
1074 633 1290 699 intonaret
1314 637 1488 704 secubet
1804 641 1882 728 [era.
1900 643 1987 708 lm.

580 771 777 866 cognitione
794 789 835 842 ac
854 769 1092 844 terminatione
1109 791 1312 864 causarum,
1331 795 1465 848 necnon
1485 787 1520 848 et
1536 775 1573 848 iu
1589 775 1707 852 duana
1727 775 1810 848 salis
1815 829 1826 870 ,
1855 776 1893 848 in
1910 797 1990 872 por·

580 895 687 966 tubus
699 913 842 988 quoqne
855 892 986 966 seilicet
1006 893 1043 966 in
1062 893 1176 968 Patria
1194 905 1229 968 et
1250 895 1296 968 ab
1318 917 1360 969 ca
1379 919 1492 993 usque
1508 897 1722 988 Caunetnm,
1748 897 1785 972 in
1801 898 1989 974 vendendo

579 1018 710 1091 scilicet
724 1017 760 1088 in
775 1015 826 1088 eie
845 1015 952 1088 salem
978 1025 1013 1088 et
1027 1015 1177 1090 emendo
1198 1026 1234 1090 et
1252 1018 1486 1092 conuehendo
1504 1019 1588 1094 inde
1607 1020 1772 1094 victualia
1785 1029 1821 1092 et
1839 1019 1877 1092 in
1892 1019 1990 1094 delei

578 1141 687 1214 rende
708 1139 815 1214 libere
830 1139 1006 1228 Gaietam,
1026 1139 1163 1214 labores
1179 1139 1408 1216 hereditatum
1427 1165 1515 1238 quas
1535 1165 1601 1218 roe
1619 1154 1655 1218 et
1675 1143 1819 1218 ecclesie
1835 1143 1988 1216 civitatis

580 1271 692 1337 vestre
704 1263 838 1337 habetis
849 1262 885 1334 iu
898 1263 1063 1336 comitatu
1076 1262 1257 1357 Fundano,
1270 1285 1312 1338 ac
1325 1265 1362 1338 iu
1376 1265 1598 1342 defendendo
1611 1289 1675 1341 vos
1687 1267 1733 1340 ab
1745 1266 1895 1340 inimicis
1905 1285 1987 1340 ves·

577 1387 639 1459 tris
658 1396 758 1459 extra
776 1407 922 1480 regnum
940 1394 975 1458 et
992 1405 1114 1480 paoem
1138 1385 1296 1460 faciendo
1318 1409 1399 1461 cum
1419 1389 1523 1486 ipsis,
1549 1391 1750 1464 Pontionam
1776 1399 1812 1463 et
1835 1389 1987 1464 insulam

576 1509 793 1598 Palmeriem,
812 1511 1019 1602 Sennonem,
1036 1510 1249 1584 Pantateram
1263 1521 1299 1584 ct
1314 1521 1471 1584 sanctum
1485 1513 1670 1588 Martinam
1684 1535 1764 1586 cum
1783 1511 1940 1608 piscariis
1951 1521 1988 1586 et

578 1633 775 1706 tenimentis
791 1633 879 1724 suis,
900 1632 991 1706 sicut
1006 1643 1159 1730 mmpore
1170 1633 1348 1708 memorati
1363 1635 1455 1728 regis
1470 1634 1641 1708 habuistis
1652 1631 1806 1726 casdem,
1824 1645 1861 1710 et
1876 1655 1989 1730 geue-

578 1757 692 1828 raliter
704 1777 825 1829 omncs
836 1755 948 1828 bonas
962 1753 1232 1828 consuetudines
1247 1765 1393 1848 vestras,
1412 1757 1520 1830 salvia
1529 1757 1693 1832 omnibus
1704 1757 1846 1850 justib'is
1861 1765 1898 1830 et
1911 1755 1989 1830 red-

578 1879 710 1952 ditibus
725 1878 822 1950 curie
838 1876 965 1952 debitis
988 1898 1051 1972 pro
1066 1877 1196 1972 quibus
1214 1877 1423 1975 recipiendis
1435 1879 1563 1974 aliquis
1578 1879 1625 1954 de
1641 1889 1731 1954 terra
1745 1889 1859 1953 vestra
1872 1899 1988 1975 pone-

579 2013 635 2074 tur
656 2023 719 2098 per
740 2001 860 2074 sedem
886 1999 1112 2096 apostolicam
1135 1999 1229 2074 idem
1250 2001 1307 2074 vei
1330 2001 1421 2076 alins
1438 2003 1638 2095 annuatim,
1664 2002 1764 2076 vobis
1787 2002 1988 2076 auctoritate

578 2124 766 2221 apostolica
782 2122 1026 2197 confirmamus
1042 2133 1079 2198 et
1093 2123 1261 2221 presentis
1274 2125 1393 2221 scripti
1409 2125 1599 2222 patrocinio
1617 2126 1882 2200 communimus.
1901 2123 1984 2200 Ubi·

578 2269 648 2343 que
661 2269 746 2320 vern
762 2269 825 2344 per
843 2269 990 2342 regnum
1005 2248 1093 2320 salvi
1109 2249 1179 2320 sint
1194 2247 1289 2322 cives
1304 2248 1410 2321 vestri
1426 2269 1514 2343 quos
1529 2249 1748 2344 naufragium
1765 2248 1837 2345 pati
1853 2248 1985 2322 contin·

579 2382 692 2466 geret,
717 2381 753 2446 et
777 2391 823 2444 ne
846 2369 1067 2444 offendantur
1091 2371 1127 2442 in
1151 2369 1306 2466 personis
1328 2372 1386 2444 vel
1413 2371 1518 2444 rebus
1542 2371 1731 2446 districbm
1748 2371 1983 2468 prohibemns.

580 2493 821 2568 interdicimus
833 2494 936 2568 etiam
950 2515 994 2566 nc
1009 2493 1046 2564 in
1063 2493 1204 2566 civitate
1216 2502 1331 2566 rostra
1343 2493 1400 2568 vel
1412 2503 1511 2566 extra
1527 2494 1564 2567 in
1575 2495 1771 2568 tenimentis
1786 2493 1897 2591 ipsius
1910 2513 1987 2568 oas-

581 2628 672 2690 uam
695 2639 757 2691 eeu
782 2617 929 2690 munitio
953 2617 1070 2712 aliqua
1094 2625 1325 2690 construetur.
1358 2615 1656 2711 Quandocumque
1686 2621 1802 2690 anoem
1835 2611 1991 2690 Romana

581 2741 733 2815 Ecclesia
750 2741 890 2813 stolium
905 2741 1017 2814 laone
1033 2739 1201 2831 voluerit,
1222 2739 1346 2812 civitas
1361 2747 1475 2811 vestm
1492 2739 1525 2811 ei
1542 2738 1711 2812 tenebitur
1726 2759 1789 2834 pro
1805 2760 1875 2811 uua
1888 2737 1988 2834 galea

581 2863 790 2937 sufficienter
811 2862 896 2936 dara
915 2885 1098 2936 nnmerum
1116 2872 1344 2952 armatorum
1367 2882 1494 2958 corpus
1509 2883 1593 2936 vcro
1608 2863 1706 2956 galee
1719 2883 1799 2936 cum
1819 2870 1986 2958 apparatu

581 2987 703 3084 ipsine,
724 2985 918 3060 mercedem
936 2995 971 3060 et
987 2987 1056 3060 alia
1073 2987 1263 3060 necessaria
1279 2985 1460 3058 bominum
1483 2984 1584 3059 sedes
1605 2987 1791 3082 apostoliea
1809 2985 1911 3080 juxta
1927 3007 1982 3060 re·

579 3133 664 3206 gum
678 3108 964 3184 consuetudinem
979 3108 1171 3201 exhibebit,
1188 3109 1285 3182 salva
1301 3109 1339 3180 in
1354 3109 1518 3182 omnibus
1529 3109 1624 3183 sedis
1635 3109 1823 3206 apostolice
1835 3107 1984 3184 auctori·

580 3243 649 3308 tate
673 3254 715 3306 ac
738 3233 845 3306 salvis
866 3233 1089 3307 ecclesiarum
1111 3233 1326 3306 libertatibus
1345 3241 1381 3308 et
1398 3233 1537 3326 juribus
1555 3232 1769 3306 earumdem.
1789 3232 1881 3306 Nulli
1899 3230 1985 3326 ergo

578 3365 661 3447 ete,
690 3366 806 3430 nosne
830 3356 1069 3453 protectionis,
1089 3355 1367 3446 constitutionis,
1386 3356 1637 3448 concessionis,
1662 3355 1928 3431 coniunctionis
1945 3365 1982 3429 et

579 3479 794 3554 inhibitionis
808 3479 1007 3574 infringere.
1024 3478 1061 3550 Si
1074 3479 1155 3572 quie
1168 3487 1297 3570 autem,
1316 3487 1383 3552 etc.
1397 3476 1462 3576 (i).

625 3605 750 3674 Datum
764 3600 915 3685 Perusii,
933 3601 980 3673 Xl
995 3599 1161 3674 kalendas
1170 3600 1265 3694 julii,
1279 3621 1371 3673 anno
1385 3600 1498 3673 tertio.

614 3911 652 3982 (i)
670 3909 770 3967 Extant
779 3908 808 3966 in
820 3907 941 3982 ejusdem
952 3906 1016 3964 anni
1024 3905 1138 3980 liegcsto
1150 3904 1215 3962 eliae
1226 3903 1331 3961 litterae
1342 3902 1464 3976 Gregorii
1478 3902 1512 3960 ad
1523 3901 1627 3960 diversa
1640 3903 1715 3976 regni
1724 3901 1782 3961 loca
1790 3901 1984 3960 directae:eci·

577 4006 641 4066 licet
653 4013 686 4063 n·
699 4009 747 4077 to,
761 4005 866 4064 civibus
882 4003 1025 4062 Suessauis
1043 4019 1123 4077 super
1138 4003 1245 4060 civitate
1264 4001 1384 4076 ipsorum
1404 4001 1433 4058 in
1451 3999 1568 4058 dominio
1587 3997 1721 4057 Ecclesiae
1737 4005 1866 4074 perpetuo
1883 3999 1983 4074 penio

578 4101 667 4162 wude.
685 4101 746 4160 Dat.
764 4101 877 4174 Porusii,
889 4101 918 4159 x
937 4099 991 4158 bal.
1007 4099 1074 4173 junii
1090 4103 1133 4171 [2³
1148 4098 1236 4170 maii),
1249 4127 1287 4142 ·-
1299 4097 1337 4154 n¹⁸
1354 4100 1389 4156 re
1402 4103 1431 4154 et
1444 4099 1492 4168 bt,
1507 4095 1714 4154 manducone
1731 4101 1761 4154 ct
1778 4094 1915 4172 capdhno
1932 4110 1984 4154 auo

576 4217 658 4276 snper
679 4199 799 4258 metudio
816 4199 886 4256 arcis
902 4197 1006 4256 Bandre
1023 4203 1052 4252 et
1071 4196 1099 4252 in
1113 4196 1236 4254 eumdem
1250 4193 1360 4252 modum
1380 4192 1471 4252 abban'
1490 4191 1639 4250 Caeninensi
1659 4199 1688 4250 et
1703 4192 1789 4250 eidem
1806 4194 1840 4251 lt.
1857 4207 1983 4266 germano

576 4299 635 4374 ejus
645 4313 695 4372 pro
708 4313 769 4354 arce
784 4295 934 4355 Cassinenei
947 4301 975 4352 et
985 4309 1046 4352 aree
1056 4293 1157 4352 lancie.
1172 4293 1232 4349 Dat.
1247 4291 1366 4360 Perusii,
1382 4291 1406 4349 V
1420 4289 1473 4346 kal.
1491 4287 1636 4362 septembr.
1651 4289 1696 4362 (28
1710 4289 1837 4362 augustrl;
1847 4317 1880 4330 -
1893 4301 1925 4344 n·
1935 4291 1981 4360 ot,

574 4395 674 4471 populo
692 4393 794 4453 Sorano
814 4393 937 4452 fidelibus
958 4393 1014 4450 suis
1032 4405 1113 4466 super
1131 4387 1298 4465 protectione
1312 4387 1378 4462 ipsis
1392 4393 1419 4446 et
1436 4387 1535 4446 civitati
1553 4399 1646 4446 eorum
1659 4385 1770 4444 indulta.
1789 4385 1849 4443 liat.
1867 4385 1982 4458 Perusii,

578 4492 665 4552 Vkal.
677 4491 823 4566 wptembr.
834 4489 877 4563 (it
891 4489 1024 4564 augusti).
