4652 6092
984 589 1110 648 rieux
1137 587 1484 650 noctititititoituti.

951 920 1097 984 uiuentem
1113 937 1183 982 oum
1196 919 1335 982 omuibus
1346 921 1524 992 minutia,
1539 919 1938 998 rationibuaetpeutiuautiia

951 1021 1068 1078 tunoiu
1083 1018 1332 1080 reetumieudum
1342 1023 1484 1079 teneatei
1499 1019 1656 1095 pontuert.
1898 1027 1932 1078 tt

911 1143 954 1159 -
971 1113 1114 1176 Poteatuti
1130 1121 1161 1176 et
1180 1117 1328 1176 eommuni
1349 1116 1519 1177 Ptrmrieurt
1532 1115 1655 1176 mmdnt
1671 1119 1706 1175 ut
1722 1129 1792 1176 oum
1810 1116 1842 1174 iu
1861 1113 1938 1176 raiie

950 1211 1078 1272 Arianae
1094 1219 1125 1272 et
1141 1215 1174 1272 tn
1189 1211 1266 1274 vaiie
1282 1213 1355 1274 Arni
1372 1213 1528 1273 violentiae
1540 1217 1570 1274 et
1583 1213 1755 1290 grovamina
1766 1213 1936 1286 intulerint,

951 1308 990 1368 ad
1008 1309 1230 1386 inquisitionem
1247 1309 1386 1370 Everardi
1406 1309 1556 1370 eaeteiiani
1576 1310 1677 1372 saneti
1698 1309 1844 1382 uiuam,
1865 1307 1938 1370 derat

950 1405 1547 1484 mamaniouemoedamntaeteaptivor
1558 1408 1725 1467 reafltuaut.
1898 1414 1936 1467 tt)

910 1530 951 1548 -
970 1501 1112 1580 Magistro
1123 1505 1296 1580 justitiario,
1307 1505 1491 1582 immrito,
1506 1504 1686 1577 munerariia,
1700 1503 1878 1580 metuoque
1889 1503 1936 1566 oi-

950 1599 1093 1662 tontibus
1110 1602 1232 1662 mundat
1248 1608 1283 1662 ut
1300 1602 1420 1663 oierieoa
1434 1603 1589 1663 civitatum
1608 1600 1753 1664 sterteret
1771 1601 1884 1664 noveii
1902 1603 1935 1663 in

948 1698 1030 1758 nulio
1043 1697 1080 1759 de
1099 1706 1214 1759 ooetero
1228 1699 1358 1759 indebite
1374 1705 1549 1776 aggravent,
1564 1697 1616 1760 aeti
1635 1713 1737 1760 omnea
1755 1715 1857 1760 eorum
1877 1701 1935 1761 im-

949 1795 1511 1874 munitateeetpriviiegiaoonaerveut.
1896 1805 1932 1858 tt

910 1937 949 1952 -
968 1907 1099 1984 Exponit
1123 1910 1253 1969 amiaflm
1274 1907 1402 1986 quaiiter
1423 1907 1552 1970 iioeieata
1574 1907 1709 1970 Romana
1731 1915 1804 1970 anto
1819 1915 1850 1970 et
1868 1915 1935 1987 poet

947 2017 1065 2065 erueem
1078 2011 1258 2082 aarumptam
1271 2021 1341 2084 erga
1359 2021 1393 2065 ee
1407 2005 1514 2084 egerit,
1535 2020 1612 2082 quae
1633 2021 1739 2068 eamne
1755 2005 1933 2068 transiretu-

947 2103 1059 2162 tionem
1077 2118 1161 2162 ouem
1175 2101 1376 2181 impedierint,
1391 2117 1481 2180 quam
1497 2103 1607 2180 insuete
1625 2107 1728 2164 oontm
1742 2119 1774 2163 ao
1786 2119 1806 2164 a
1818 2119 1935 2164 mnamo

948 2197 1087 2275 poufliioe
1099 2215 1269 2278 proeeoeum
1282 2199 1389 2272 iuerit,
1403 2199 1598 2277 admonetque
1609 2205 1644 2260 ut
1657 2215 1725 2260 eum
1738 2201 1777 2262 eit
1794 2201 1858 2276 ipae
1874 2217 1933 2280 μ.

947 2299 1031 2354 ratur
1055 2293 1095 2354 eri
1116 2295 1367 2355 tranairetaneium
1389 2293 1446 2356 mh
1466 2293 1564 2356 merito
1585 2310 1686 2356 moure
1712 2297 1790 2356 maio
1812 2295 1932 2370 iuturo,

945 2393 1043 2452 nuntii
1055 2393 1212 2453 mittantur
1227 2392 1266 2452 ati
1279 2393 1458 2470 eoiiuquium
1471 2391 1551 2470 quoti
1563 2391 1619 2454 uub
1634 2391 1734 2452 media
1746 2390 1846 2454 iirtura
1857 2409 1934 2471 qua·

946 2486 1555 2566 dregeaimniiavennaehaberetiiaponit.
1895 2496 1933 2548 ee

906 2631 947 2646 -
966 2601 1041 2680 Regi
1053 2601 1215 2681 auglorum
1230 2603 1361 2680 gravitm
1373 2603 1563 2680 eoaqueritur
1576 2601 1613 2663 de
1630 2603 1933 2664 exeommunieatione

945 2713 1017 2772 aua,
1031 2699 1124 2776 patria
1142 2701 1207 2776 eiua
1223 2701 1299 2778 rogia
1317 2698 1462 2760 iohannis
1478 2697 1661 2775 aiiommque
1678 2699 1845 2776 principum
1862 2715 1932 2776 pro·

945 2813 1057 2874 ponens
1083 2798 1249 2875 exeanpium
1277 2813 1353 2874 quoa
1371 2797 1505 2875 pontiiex
1527 2813 1668 2858 romanua
1685 2795 1881 2858 exhaeredare
1902 2803 1933 2858 et

944 2895 1114 2956 uibutartoo
1131 2897 1308 2956 eonatituere
1329 2895 1440 2967 votuit,
1463 2894 1635 2972 invenitque
1650 2896 1681 2955 in
1698 2896 1851 2956 auaritiam
1869 2895 1932 2955 lio-

945 3008 1110 3065 mauomm,
1121 2993 1266 3054 Eocieeiee
1275 2994 1438 3071 primitivae
1447 2992 1665 3070 aimpiioitatem
1674 3008 1851 3054 morano.
1893 3001 1931 3054 aa

906 3138 946 3150 -
965 3105 1122 3184 Euoyoiioa
1141 3107 1313 3183 justiciariis
1331 3105 1443 3166 dtreoto
1461 3121 1521 3184 qua
1534 3105 1622 3183 Jubet
1641 3111 1676 3167 ut
1696 3106 1818 3183 praelati
1838 3105 1930 3166 eooie·

946 3204 1068 3276 uiarum
1082 3203 1211 3282 religiosi
1224 3209 1254 3262 ot
1267 3203 1364 3264 eieriei
1374 3203 1474 3263 divina
1488 3201 1633 3264 oeiebreut
1642 3207 1773 3280 tempore
1785 3202 1931 3263 interdicti

945 3299 1001 3360 sub
1015 3315 1111 3376 poena
1123 3302 1316 3361 revocationis
1328 3299 1473 3360 bonorum
1487 3299 1762 3362 eeeieoimtieorum.
1893 3307 1930 3360 tio

523 3393 653 3480 Μ
714 3419 852 3500 Foggtae.
907 3447 948 3461 -
966 3413 1143 3493 Raymundo
1162 3415 1314 3476 Pastinum
1331 3413 1504 3492 provinciali
1520 3413 1654 3475 oouoedit
1669 3413 1834 3474 iibenatem
1854 3429 1931 3474 mer·

947 3515 1088 3576 monins
1106 3531 1158 3592 per
1174 3519 1271 3576 totum
1290 3515 1446 3592 imperium
1465 3513 1621 3594 portandi,
1639 3511 1803 3591 vendendi,
1817 3513 1931 3574 emenii

947 3617 1000 3672 aut
1013 3609 1201 3684 extrahendi,
1222 3613 1321 3690 ipaum
1343 3611 1424 3671 omui
1443 3610 1615 3689 piateatioo,
1635 3610 1770 3688 patagio
1792 3623 1845 3670 eeu
1864 3607 1932 3668 tire·

947 3708 1188 3769 ioneoenimena.
1894 3711 1931 3764 55

845 3865 854 3884 .
909 3853 949 3868 -
968 3823 1200 3898 adpetitionem
1217 3820 1353 3900 liupoidi
1373 3821 1457 3882 dueta
1469 3819 1606 3884 Auetriee
1621 3819 1831 3905 monasterium
1844 3818 1932 3882 Cam·

948 3919 1090 3996 pitilienre
1104 3917 1287 3994 (Liiienieid)
1303 3920 1335 3980 iu
1354 3918 1473 3980 niustria
1485 3916 1616 3994 interiori
1630 3916 1687 3977 oub
1700 3932 1754 3977 aue
1771 3921 1802 3994 et
1819 3917 1932 3993 imperii

949 4017 1128 4094 protectione
1140 4015 1237 4074 denuo
1256 4017 1394 4094 euaoipit,
1408 4018 1532 4094 ejusque
1551 4016 1651 4074 omnia
1671 4013 1751 4074 bona
1769 4019 1800 4074 et
1816 4029 1932 4090 pooaea·

949 4114 1044 4174 nonae
1057 4111 1220 4174 ooniirmat.
1895 4119 1933 4171 ott

911 4259 950 4274 ·-
970 4226 1236 4290 Scribiteommuni
1245 4229 1401 4292 currenni
1409 4227 1535 4304 qualiter
1544 4223 1935 4305 negotium‘rerraesaueue

950 4325 1085 4386 ardenter
1097 4331 1267 4400 pmaooutua
1279 4331 1400 4402 paratur
1412 4325 1452 4386 ait
1463 4323 1503 4384 ad
1516 4321 1765 4384 neustreiandum
1778 4321 1856 4382 eirea
1872 4337 1936 4381 me·

950 4421 1093 4482 neutum.
1109 4419 1202 4483 iuturi
1219 4423 1329 4482 murata
1341 4423 1426 4496 maii,
1441 4421 1587 4498 eimuique
1608 4433 1790 4496 conquerens
1807 4417 1844 4477 rie
1861 4433 1936 4494 papa

950 4521 1004 4596 qui
1028 4523 1131 4580 ooutaa
1151 4533 1183 4578 ae
1208 4521 1242 4578 in
1262 4517 1414 4580 reiaeiiium
1434 4517 1566 4580 iarorem
1587 4515 1752 4576 inordinate
1773 4516 1935 4593 prooessit,

950 4615 1072 4677 mandat
1091 4621 1127 4676 ut
1147 4631 1208 4676 nou
1224 4616 1409 4677 attendenteo
1427 4616 1498 4676 iruie
1517 4613 1678 4675 turbationi
1691 4618 1845 4690 expectata
1863 4609 1935 4672 aub-

950 4711 1026 4774 uidia
1038 4713 1329 4789 aeorueexptriItiont
1347 4713 1488 4774 tribuent.
1895 4717 1931 4766 et
