4642 6106
436 635 497 696 286
935 639 1155 700 llllllllllllcl
1180 639 1357 700 secono!
1655 641 1739 720 [llus.
1757 641 1843 704 1231.

436 781 471 844 et
487 771 602 844 Sicilie
618 793 712 866 rege,
728 795 821 846 anno
840 774 976 872 imperii
995 776 1070 868 ejus
1086 775 1145 866 Xl,
1163 774 1261 869 regni
1276 774 1489 848 Hierusalem
1502 773 1558 858 Vl,
1578 776 1675 870 regni
1689 799 1773 852 vero
1785 777 1846 850 Si·-

436 897 513 970 cilie
528 897 682 988 XXXIV,
699 898 854 972 feliciter.
875 899 999 974 Amen.

484 1023 609 1094 Datum
625 1043 728 1113 anno,
745 1045 864 1096 mense
882 1033 916 1096 et
934 1024 1122 1098 indictione
1134 1023 1343 1120 prescriptis.

487 1253 637 1346 [Adsunt
649 1253 738 1324 iuter
753 1275 979 1348 pergamenas
995 1255 1130 1326 chartas
1146 1255 1181 1326 S.
1200 1253 1388 1326 Salvatoris
1402 1252 1448 1326 de
1462 1261 1579 1326 monte
1593 1253 1729 1328 Amiato
1744 1255 1779 1326 in
1795 1277 1849 1326 or·

435 1379 519 1452 clio.
541 1378 709 1470 diplomat.
729 1379 824 1473 apud
843 1379 1066 1470 Florentiam,
1091 1379 1179 1452 aliae
1194 1377 1358 1452 Friderici
1382 1377 1596 1473 imperatoris
1614 1379 1746 1452 litterae
1767 1379 1847 1450 unl-

434 1503 544 1576 versis
559 1503 763 1574 officialibus
776 1512 811 1575 et
827 1503 1070 1576 communibus
1085 1525 1147 1600 per
1159 1503 1318 1576 Tusciam
1332 1502 1524 1574 constitutis
1538 1503 1702 1593 directae,
1719 1502 1848 1597 quibus

434 1629 485 1702 eis
499 1637 651 1710 tenorem
671 1627 844 1722 privilegii
859 1627 1081 1722 suprascripti
1097 1627 1329 1716 notumlacit,
1348 1625 1558 1720 mandatque
1571 1647 1616 1698 ne
1633 1623 1846 1721 praedictum

434 1752 595 1826 abbatem
609 1772 714 1847 super
730 1752 796 1824 hoc
812 1752 848 1822 in
862 1753 978 1846 aliquo
994 1753 1174 1824 molestare
1187 1759 1420 1848 praesumant.
1865 1722 1871 1738 ’

482 1879 606 1950 Datum
621 1877 716 1972 apud
734 1876 933 1971 llclpbiam,
954 1878 1064 1949 XXVI
1079 1875 1201 1966 madii,
1217 1877 1261 1948 lV
1280 1871 1510 1970 indictionis]

650 2207 1354 2216 mmmm-oum-.-——-
1359 2207 1424 2216 -.ο-
1429 2207 1478 2215 ...-
1484 2207 1561 2214 .-u-u·
1576 2207 1590 2214 .-

490 2511 695 2622 Gregorius
720 2537 820 2620 papa
845 2510 1078 2592 Friderioum
1103 2509 1363 2592 Romanorum
1388 2510 1652 2618 imperatorem
1676 2507 1850 2592 hortatur

438 2643 685 2756 utRoynaldo
703 2653 794 2726 nato
808 2643 1005 2753 quondam
1022 2643 1186 2725 Conradi
1200 2642 1308 2724 ducis
1323 2641 1531 2751 Spoletani,
1543 2641 1630 2724 licet
1643 2641 1846 2744 immerito,

433 2778 594 2887 januam
607 2776 888 2860 misericordiae
904 2775 1061 2899 aperiat.

518 2991 622 3071 (Edld.
638 2992 813 3066 Brennum,
828 2988 940 3052 Anocl.
953 2987 1060 3064 scete,
1076 2991 1115 3051 ad
1128 3006 1198 3051 ann.
1213 2999 1285 3052 12⁸1
1291 2995 1323 3064 ,t
1337 2988 1375 3062 V,
1391 2989 1535 3068 allegent.
1550 2989 1672 3068 Gregor.
1684 2990 1738 3063 IX,
1747 2989 1799 3050 llb.
1809 2987 1847 3061 V,

555 3101 640 3178 epist.
657 3097 721 3176 80.)

485 3285 682 3382 Gregorius,
700 3295 783 3378 etc,
801 3284 995 3377 Frederico,
1012 3293 1079 3358 etc.
1097 3285 1172 3357 Non
1187 3283 1322 3378 ignorat
1338 3282 1526 3378 imperialis
1537 3281 1740 3355 excellentia
1754 3281 1849 3375 quod

438 3414 564 3488 nobilis
583 3413 638 3484 vir
656 3409 857 3506 Raynaldus
878 3419 981 3482 natus
1004 3409 1095 3481 clare
1111 3407 1276 3480 memorie
1297 3406 1445 3480 Conradi
1470 3405 1570 3479 ducis
1592 3405 1766 3502 Spoletani
1787 3426 1850 3478 uos

437 3563 484 3613 ex
499 3537 668 3612 industria
685 3535 917 3631 multipliciter
935 3533 1149 3630 provocavit,
1165 3531 1408 3605 inestimabilia
1427 3531 1553 3603 damna
1571 3541 1606 3603 et
1622 3529 1852 3604 atrocissimas

438 3663 581 3758 injurias
604 3661 757 3734 Ecclesia
775 3661 928 3733 Romano
949 3659 1075 3735 audaci
1099 3658 1263 3754 superbia
1278 3654 1457 3730 inferendo
1476 3665 1511 3728 et
1530 3655 1657 3728 multos
1682 3676 1751 3728 non
1776 3655 1852 3726 sine

439 3785 618 3860 manifesta
636 3783 844 3857 contumelia
862 3783 1026 3856 creatoris
1049 3781 1243 3854 immaniter
1260 3779 1470 3852 tribulando.
1490 3779 1590 3852 Unde
1610 3777 1638 3848 si
1659 3776 1852 3851 secundum

440 3911 636 4008 iniquitates
653 3910 764 4006 ipsius
778 3907 968 3981 retribuere
989 3909 1157 3980 vellemus
1172 3905 1305 3996 eidem,
1322 3923 1542 3998 nequaquam
1559 3902 1594 3973 in
1610 3901 1770 3993 angustia
1785 3901 1851 3972 sibi

440 4037 686 4132 compassionis
705 4035 951 4108 exhiberemus
964 4033 1124 4106 allectum
1143 4029 1389 4104 intercedendo
1404 4051 1467 4125 pro
1482 4049 1542 4118 eo,
1560 4027 1622 4100 sed
1639 4026 1732 4098 illius
1746 4047 1853 4120 penas

440 4161 637 4234 conniventi
653 4161 754 4232 oculo
767 4159 990 4231 transiremus
1003 4156 1068 4252 (l).
1087 4157 1214 4228 Verum
1228 4153 1312 4251 quia
1328 4153 1421 4224 illius
1439 4173 1576 4238 sumus,
1598 4150 1677 4224 licet
1693 4150 1849 4240 indigne,

478 4471 515 4546 (t)
537 4492 549 4525 ι
563 4470 655 4527 llenso
663 4467 726 4525 maii
740 4467 828 4524 dictus
841 4465 995 4540 Raynaldus
1006 4464 1061 4521 dux
1072 4461 1184 4537 Spoleti,
1194 4477 1257 4520 cum
1270 4477 1326 4519 non
1339 4466 1432 4534 posset
1445 4458 1598 4534 imperatori
1610 4455 1786 4516 sufficientem
1799 4469 1852 4529 po-

443 4591 456 4622 »
470 4584 535 4627 nere
548 4566 677 4624 radonem
686 4570 733 4622 nut
745 4563 940 4637 fidejussoriam
952 4563 1103 4620 cautionem
1115 4565 1268 4634 praestare,
1285 4557 1358 4633 apud
1369 4557 1478 4631 Fogiam
1485 4557 1563 4629 jussu
1577 4551 1745 4628 imperatoris
1755 4557 1851 4624 captus

444 4689 457 4719 n
474 4672 518 4724 est
531 4671 559 4723 st
572 4664 708 4722 cuswdiae
729 4663 843 4720 traditus
856 4679 888 4720 ac
902 4663 1034 4719 bonorum
1048 4657 1168 4716 omnium
1186 4655 1328 4714 emisione
1344 4654 1497 4712 melmun.
1509 4653 1597 4724 Quare
1612 4649 1752 4708 Bertoldua
1771 4647 1854 4705 trater

445 4789 457 4816 n
472 4764 556 4840 ipsius
566 4763 642 4820 ducis
657 4767 750 4819 contra
759 4761 944 4836 imperatorem
961 4759 986 4814 in
996 4755 1140 4814 lotroduco
1150 4770 1180 4811 se
1194 4753 1298 4825 recipit.
1312 4769 1325 4805 s
1337 4753 1410 4810 Rrec.
1426 4767 1462 4808 nr
1474 4751 1502 4808 S.
1516 4749 1620 4819 Gelan,
1634 4743 1852 4806 chromanno.
