4642 6106
586 659 648 722 258
1087 655 1305 718 FlllllElllCl
1329 657 1504 720 succum
1812 654 1890 740 [Ara.
1911 656 1997 718 1231.

634 793 818 868 Federicus
855 792 976 866 divina
1001 789 1140 865 tav'ente
1168 793 1350 866 clementia
1380 793 1611 866 Romanorum
1634 791 1839 887 imperator,
1865 813 2000 888 semper

585 927 769 1014 augustus,
786 917 998 990 Hierusalem
1018 925 1054 989 et
1073 916 1188 988 Sicilie
1203 939 1279 990 rex.
1299 917 1451 1012 Dignum
1471 919 1543 990 iore
1555 915 1774 990 decrevimus
1787 914 1837 1012 (c)
1841 969 1946 990 .......
1964 927 1999 990 et

585 1043 680 1140 apud
694 1045 802 1115 Deum
817 1041 1084 1114 misericorditer
1102 1041 1338 1136 porriguntur.
1354 1041 1440 1116 lude
1455 1039 1616 1136 estquod
1631 1039 1799 1114 accedens
1812 1040 1857 1114 ad
1868 1042 1998 1114 curiam

585 1175 736 1241 nostram
761 1165 943 1260 religiosus
966 1166 1069 1237 irater
1096 1167 1269 1238 Iohannes
1292 1165 1503 1239 venerabilis
1525 1164 1633 1238 abbas
1657 1163 1851 1237 monasterii
1875 1165 2000 1236 Sancte

581 1289 784 1388 Euphemie‚
797 1289 945 1362 devotus
957 1297 1085 1376 noster,
1098 1289 1261 1385 exposuit
1274 1289 1451 1362 humiliter
1467 1310 1581 1363 coram
1595 1288 1696 1362 nobis
1707 1287 1805 1384 quod
1819 1310 1898 1360 cum
1914 1288 1997 1361 olim

579 1415 728 1488 blatteus
749 1413 1000 1505 Marobialaba,
1022 1411 1134 1487 fidelis
1150 1421 1277 1504 noster,
1298 1413 1485 1510 imperialis
1509 1413 1622 1486 doane
1644 1412 1689 1486 de
1705 1413 1844 1486 secretis
1865 1422 1899 1484 et
1923 1434 1998 1484 ma·

580 1537 687 1634 gister
704 1537 741 1609 in
758 1537 914 1610 Calabria
934 1535 1172 1635 [camerarius]
1189 1535 1241 1635 (l)
1253 1560 1315 1634 pro
1330 1551 1427 1634 parte
1441 1537 1655 1611 celsitudinis
1669 1547 1783 1610 nostre
1802 1537 1997 1634 predictum

580 1662 740 1737 abbatem
761 1671 795 1734 et
817 1671 1025 1734 conventum
1045 1662 1242 1734 monasterii
1260 1661 1416 1756 ejusdem
1436 1663 1561 1734 Sancte
1578 1661 1735 1734 Eulemic
1751 1661 1934 1754 requirerit
1952 1660 1998 1734 de

577 1786 808 1884 permutando
833 1797 984 1860 castrum
1009 1786 1185 1860 Neocastri
1214 1807 1294 1860 cum
1318 1765 1503 1859 medietate
1529 1785 1680 1858 civitatis
1700 1783 1856 1878 ejusdem
1881 1784 1997 1858 eidem

579 1909 997 2006 monasteriopertineutis
1012 1911 1114 2006 pleno
1121 1911 1201 2002 jure
1215 1919 1250 1982 et
1266 1909 1362 2004 quod
1374 1919 1408 1982 et
1418 1931 1525 2004 quam
1540 1908 1622 1982 dicti
1637 1909 1746 1982 abbas
1760 1917 1794 1982 et
1805 1918 1998 1982 conventus

580 2057 643 2132 pro
661 2043 758 2130 parte
776 2033 976 2106 monasterii
993 2033 1150 2125 ejusdem
1169 2033 1334 2105 canonica
1353 2033 1516 2104 tenebant
1534 2041 1569 2105 et
1592 2032 1834 2130 possidebant,
1855 2032 1996 2128 promit·

581 2167 657 2231 tens
678 2157 834 2253 predicto
854 2157 972 2230 abbati
992 2165 1026 2230 et
1046 2159 1232 2230 conventui
1248 2179 1310 2252 pro
1328 2157 1483 2252 predicto
1502 2165 1613 2231 castm
1627 2158 1799 2231 Neocastri
1816 2167 1851 2230 et
1868 2157 1997 2231 medie·

582 2289 652 2354 tate
673 2280 821 2354 civitatis
840 2281 876 2352 in
901 2281 1076 2354 cambium
1091 2289 1216 2354 terram
1234 2291 1386 2354 nostram
1407 2281 1551 2354 Nocerie
1575 2291 1610 2354 et
1632 2281 1852 2356 medietatem
1874 2281 1998 2356 casalis

581 2403 749 2502 Apriliani
763 2427 842 2478 cum
858 2405 1020 2478 omnibus
1037 2405 1217 2497 militibus,
1237 2405 1471 2499 burgensibus
1488 2414 1522 2478 ct
1540 2405 1618 2478 aliis
1633 2405 1830 2480 bominibus
1846 2404 1997 2478 franchis

581 2541 616 2604 et
633 2531 771 2604 villanis
791 2531 826 2602 in
842 2531 893 2604 eis
910 2529 1124 2602 morantibus
1138 2539 1172 2604 et
1192 2551 1270 2602 cum
1292 2530 1454 2604 omnibus
1474 2529 1707 2626 pertinentiis,
1727 2529 1943 2626 appendiciis
1962 2539 1998 2604 et

575 2653 714 2748 juribus
730 2654 820 2746 suis;
844 2664 879 2728 et
899 2653 1054 2750 predicta
1079 2653 1286 2750 permutatio
1309 2675 1390 2726 cum
1413 2675 1583 2728 consensu
1598 2663 1632 2728 et
1651 2655 1828 2727 voluntate
1850 2653 1996 2750 predicti

579 2787 770 2852 conventus
793 2778 882 2850 inter
901 2778 1016 2873 ipsum
1036 2777 1196 2851 abbatem
1214 2799 1277 2873 pro
1296 2787 1394 2874 parte
1411 2778 1466 2850 sui
1484 2777 1681 2851 monasterii
1702 2777 1847 2874 predicti
1863 2787 1899 2852 et
1916 2801 1996 2874 pre·

580 2900 712 2974 dictum
728 2903 892 2974 blatteum
908 2902 1175 2975 Marclrialabam
1189 2922 1251 2998 pro
1266 2911 1364 2997 parte
1379 2902 1565 2994 majestatis
1580 2911 1695 2974 nostre
1715 2902 1817 2975 luerit
1832 2901 1999 2976 canonice

581 3026 768 3118 celebrata,
795 3035 898 3122 prout
926 3026 962 3096 in
985 3025 1136 3120 quodam
1164 3024 1348 3124 privilegio
1374 3027 1504 3100 exinde
1523 3028 1613 3098 lacto
1634 3025 1790 3100 vidimus
1809 3025 1993 3116 contineri,

580 3150 749 3244 majestati
768 3161 884 3222 nostra
907 3150 1084 3247 predictus
1106 3149 1214 3223 abbas
1235 3150 1412 3222 humiliter
1433 3149 1644 3246 supplicavit
1664 3150 1860 3245 quodcum
1882 3148 1998 3221 dictus

580 3275 728 3348 Matteus
747 3283 900 3370 tempore
918 3273 1179 3369 permutationis
1198 3274 1307 3368 ipsius
1329 3283 1465 3369 portum
1487 3273 1592 3344 maris
1608 3273 1670 3366 qui
1688 3272 1815 3345 dicitur
1828 3271 1935 3344 Navis
1951 3270 1996 3344 de

578 3398 683 3471 Arata
695 3397 739 3471 de
755 3397 941 3470 tenimento
960 3397 1051 3470 dicte
1066 3407 1155 3470 terre
1169 3399 1311 3471 Nocerie
1324 3420 1404 3471 cum
1420 3396 1575 3492 predicta
1592 3405 1681 3469 terra
1695 3405 1730 3469 et
1742 3395 1926 3469 medietate
1942 3397 1995 3491 ip-

581 3522 655 3594 sius
671 3521 794 3594 casalis
808 3520 874 3610 [in]
888 3520 1042 3616 predicta
1052 3521 1217 3594 contineri
1229 3522 1478 3617 permutatione
1495 3521 1686 3615 promiserit
1697 3519 1757 3616 (b),
1774 3529 1889 3592 tamen
1912 3520 1996 3612 quia

582 3667 647 3718 sna
661 3646 824 3717 iuteresse
836 3665 904 3716 non
920 3645 1057 3718 dicebat
1072 3646 1204 3720 dictum
1223 3655 1359 3740 portum
1363 3698 1438 3718 .....
1453 3641 1670 3741 (ε)ουωάθω
1684 3644 1843 3716 abbatem
1856 3642 1932 3715 sine
1943 3640 1996 3736 (d)

583 3778 699 3842 nostra
719 3768 861 3864 speciali
884 3768 1021 3842 licentia
1044 3779 1079 3842 et
1101 3769 1283 3862 mandato,
1308 3779 1346 3842 ut
1367 3768 1494 3842 dictam
1514 3777 1638 3840 terram
1656 3766 1799 3840 Nocerie
1816 3787 1896 3838 cum
1917 3787 1996 3861 pre·

624 3941 665 4021 (a)
687 3941 785 4004 Locus
797 3943 936 4018 mutilum
948 3913 1034 4022 plura
1045 3945 1358 4022 desuntlnlmpressc.

621 4047 659 4128 (l)
679 4051 715 4110 ln
733 4051 876 4127 impresso
895 4049 999 4112 carata
1014 4049 1147 4131 predicta
1164 4047 1279 4131 padam
1291 4051 1472 4131 pcmctctic
1484 4049 1651 4130 morawa:
1666 4047 1747 4128 qnod
1764 4065 1852 4110 sensu
1874 4050 1997 4110 omnlnc

583 4161 673 4216 caro.

626 4258 661 4340 (c)
681 4259 770 4322 Deest
783 4263 895 4340 ailquid
907 4265 940 4322 ln
954 4263 1106 4339 lmpresso.

624 4362 665 4443 (d)
687 4367 722 4426 lu
736 4367 876 4444 impresso
889 4385 964 4442 mm,
980 4369 1066 4428 male.

623 4649 659 4723 (t)
676 4649 804 4724 villenas
815 4651 953 4710 novembri
969 4653 1048 4726 ⁴230]
1059 4653 1086 4710 in
1100 4653 1193 4726 Apulia
1204 4653 1372 4726 imperatoris
1384 4657 1461 4727 jussu
1476 4655 1617 4729 capiuntur
1628 4655 1743 4714 blatteus
1754 4653 1924 4714 llarobalaba
1936 4669 1996 4710 ma·

587 4763 601 4798 s
618 4747 700 4820 gister
712 4748 882 4820 camerarius,
897 4748 979 4822 judex
993 4749 1133 4824 Philippus
1144 4750 1178 4807 ds
1188 4751 1376 4824 llagdalonea
1391 4757 1444 4809 ato.
1455 4752 1527 4809 Rrec.
1536 4767 1572 4810 nu
1583 4751 1611 4810 S.
1620 4751 1723 4824 Genu„
1737 4751 1864 4811 Chronic-
1875 4750 1913 4810 ud
1923 4767 1995 4808 ooo.
