4602 6084
543 687 586 750 6⁰
1047 693 1262 759 rsrnuurcr
1287 698 1460 762 sucuunr
1769 679 1848 766 [sss.
1867 673 1955 740 rano.

542 821 642 895 dium
670 829 706 894 et
727 823 861 896 extollit
877 845 940 920 per
963 847 1084 902 eurum
1102 833 1375 928 revocationem,
1404 853 1467 929 per
1488 843 1669 902 censuram
1689 811 1958 892 aeclesiasticam

542 965 743 1037 cogeremus
755 946 959 1038 intendens,
975 973 1045 1025 uon
1059 961 1241 1028 contentus
1253 955 1349 1052 quod
1362 955 1526 1028 instinctu
1541 949 1703 1022 etiavore
1713 961 1778 1014 suo
1792 939 1829 1012 iu
1840 931 1960 1007 multis
2002 967 2009 985 ·

542 1068 689 1164 imperio
705 1071 912 1166 derogatur,
933 1075 1000 1146 uisi
1023 1079 1224 1153 eorumdem
1245 1080 1459 1176 proditorum
1476 1081 1669 1148 nostrerum
1689 1062 1890 1138 intermixta
1904 1055 1960 1127 zi-

542 1194 1012 1273 zaniamoliaturnostrorum
1026 1200 1183 1276 fidelium
1195 1205 1334 1279 turbare
1346 1205 1510 1300 quietem,
1529 1197 1590 1294 qui
1604 1195 1747 1268 deberet
1760 1189 1797 1260 in
1809 1179 1960 1283 presenti

543 1319 817 1396 transfretatione
848 1331 965 1397 nostra
989 1325 1230 1421 indempnitati
1255 1337 1290 1401 et
1312 1326 1497 1422 tranquillo
1516 1319 1620 1395 statui
1644 1312 1781 1410 imperii
1803 1317 1839 1382 θῑ
1861 1302 1961 1397 fflssssi

542 1451 686 1538 paterna
700 1445 898 1540 provisione
916 1449 1095 1522 consulere
1106 1459 1146 1522 ut
1156 1451 1257 1525 nobis
1268 1451 1470 1524 absentibus
1484 1447 1579 1518 nulla
1590 1447 1706 1538 posset
1716 1437 1753 1508 in
1766 1434 1817 1507 eis
1826 1425 1962 1504 movess'

543 1567 695 1642 turbatio
708 1591 778 1664 que
795 1592 860 1646 nos
875 1593 897 1646 a
913 1571 1038 1645 Christi
1055 1575 1196 1647 servitio
1213 1583 1400 1649 revocaret.
1421 1575 1490 1646 Nos
1505 1579 1619 1643 tamur
1637 1569 1963 1659 quantumcumqu⁰

544 1691 669 1764 uostris
692 1693 876 1768 desideriis
896 1695 932 1766 in
952 1696 1018 1768 bac
1037 1706 1133 1791 purte
1157 1696 1271 1772 dictus
1295 1698 1505 1794 apostolicus
1524 1715 1563 1766 se
1587 1693 1739 1785 opponat
1761 1684 1959 1775 ingratum,

542 1824 865 1912 quantumcumque
875 1817 1036 1891 videatur
1046 1821 1172 1893 nostris
1186 1823 1368 1896 conatibus
1380 1821 1524 1895 obviare
1535 1825 1575 1888 ut
1585 1829 1720 1910 pernes
1728 1817 1763 1880 et
1775 1799 1963 1898 imperium

545 1947 679 2010 tantum
693 1941 872 2034 negotium
885 1939 1006 2038 perfici
1020 1963 1089 2014 non
1104 1945 1294 2038 contingat,
1312 1945 1508 2017 nullatenus
1519 1937 1717 2012 omittemus
1727 1927 1814 2023 quin
1826 1925 1964 2016 incepto

546 2061 833 2154 peregrinationis
846 2063 911 2136 iter
923 2063 1004 2136 totis
1018 2064 1198 2138 affectibus
1212 2088 1474 2162 prosequamur.
1495 2063 1581 2134 Cum
1600 2057 1706 2152 igitur
1721 2052 1813 2124 sicut
1825 2063 1965 2118 succes·

547 2205 652 2254 suum
666 2193 860 2257 nostrornm
876 2195 911 2258 et
925 2185 1060 2280 imperii
1074 2186 1228 2262 debeatis
1238 2211 1315 2262 esse
1328 2188 1512 2285 participes
1525 2193 1561 2257 et
1573 2181 1620 2256 ad
1635 2179 1853 2269 emergentes
1861 2185 1965 2240 casus

549 2306 736 2378 teneanimi
755 2328 817 2403 pro
834 2307 965 2380 bonore
982 2308 1118 2404 imperii
1136 2332 1310 2406 exponere
1336 2333 1400 2384 vos
1425 2310 1589 2392 devotos,
1612 2299 1821 2374 mandamus
1834 2301 1871 2365 et
1888 2308 1967 2385 Pffl·

549 2429 699 2524 cipimus
712 2427 868 2504 fidelitati
883 2439 1009 2522 vestre,
1030 2431 1112 2505 lidei
1131 2443 1166 2505 et
1183 2434 1382 2508 devocionis
1403 2425 1547 2531 [titulo]
1564 2448 1635 2522 que
1648 2423 1749 2496 nobis
1767 2427 1804 2492 et
1816 2411 1967 2510 imperio

549 2575 613 2628 vos
632 2553 852 2648 adstringunt
869 2553 1012 2627 firmiter
1034 2555 1252 2650 injungentes
1270 2567 1441 2652 quatenus
1461 2552 1678 2630 considerato
1695 2555 1767 2619 tam
1788 2535 1968 2614 indecenti

546 2697 711 2773 processu
725 2678 911 2773 apostolice
924 2678 1017 2751 sedis
1029 2687 1064 2751 et
1079 2681 1232 2753 maxime
1244 2702 1349 2775 super
1362 2680 1430 2752 biis
1444 2679 1481 2750 in
1494 2677 1624 2772 quibus
1635 2666 1834 2744 innocentia
1847 2667 1969 2734 nostra

546 2801 699 2894 graviter
715 2799 902 2873 offenditur
917 2809 952 2872 et
970 2800 1153 2896 imperium
1165 2803 1382 2892 molestatur,
1401 2823 1465 2874 vos
1477 2821 1619 2896 qnoque
1633 2795 1696 2891 qui
1709 2792 1794 2866 estis
1808 2783 1970 2860 membr&

548 2923 685 3016 imperii
699 2923 857 3015 ejusdem
875 2923 949 2995 sitis
965 2925 1121 2996 molestie
1137 2947 1207 2998 nou
1223 2935 1399 3022 expertos,
1417 2924 1480 2998 sed
1497 2944 1605 3019 grave
1625 2931 1660 2994 et
1675 2917 1862 2990 molestum
1877 2909 1970 2980 ferre

551 3045 700 3136 curetis,
728 3067 808 3117 cum
826 3067 873 3118 ex
888 3046 954 3118 boc
971 3047 1110 3142 possitis
1126 3047 1261 3120 indiciis
1282 3049 1450 3142 conjicere
1466 3045 1658 3120 manifestis
1681 3046 1854 3136 quantum
1873 3029 1971 3126 prior

553 3166 781 3262 occasioque
807 3177 926 3241 contra
947 3191 1011 3241 uos
1036 3171 1082 3243 ad
1103 3171 1398 3244 denuntiationem
1425 3170 1590 3266 processit
1614 3169 1732 3261 inepta
1760 3156 1866 3233 ruerit
1886 3145 1968 3250 [et]

553 3288 719 3382 indigna,
747 3311 828 3360 cum
844 3311 987 3385 presens
1009 3313 1070 3386 per
1093 3313 1218 3385 quarm
1238 3293 1447 3389 adopernnte
1461 3300 1657 3365 nostrorum
1674 3281 1832 3380 nequan
1850 3273 1972 3374 prodi·

555 3423 686 3503 torum,
710 3411 859 3484 credidit
876 3413 1100 3485 favorabilius
1120 3415 1343 3508 processisse,
1364 3415 1490 3508 iniusta
1506 3413 1551 3484 sit
1565 3409 1705 3506 penitus
1722 3415 1759 3480 et
1776 3395 1968 3476 horrenda.

552 3535 804 3610 Nicbilominus
816 3537 958 3632 insuper
974 3535 1092 3609 debita
1107 3536 1339 3609 sollicitudine
1353 3537 1536 3632 providere
1551 3543 1586 3608 et
1599 3531 1781 3606 intendere
1800 3521 1974 3598 studeatis

554 3668 679 3731 uttam
695 3679 833 3754 parvos
855 3681 961 3754 qnam
977 3681 1039 3753 per
1056 3679 1176 3731 omnes
1192 3659 1228 3728 in
1247 3660 1410 3732 comitatu
1427 3668 1543 3732 vestro
1562 3655 1823 3747 crucesignatos
1837 3647 1876 3718 in
1891 3665 1973 3716 suc·

554 3803 695 3852 cursum
723 3791 878 3854 nostrum
896 3789 932 3854 et
952 3781 1126 3854 exercitus
1144 3779 1320 3852 christiani
1341 3789 1521 3876 expectata
1539 3775 1698 3852 subsidia
1715 3775 1970 3870 procurentur,

552 3911 592 3974 ut
607 3903 637 3974 si
651 3926 722 3999 qua
738 3913 875 4000 propter
898 3904 966 3976 boc
990 3905 1075 3976 toret
1094 3903 1214 3975 oborta
1230 3904 1398 3994 turbatio,
1417 3904 1552 3974 nullum
1577 3901 1705 4002 inferre
1724 3896 1843 3970 valeat
1862 3909 1975 3962 nocu-

552 4034 727 4118 mentum,
746 4027 909 4122 operante
927 4026 1076 4118 Christo,
1098 4029 1196 4118 cujus
1212 4025 1418 4118 obsequium
1435 4025 1570 4119 agitur,
1591 4031 1628 4096 et
1645 4028 1762 4095 nostra
1788 4010 1976 4108 diligentia

554 4157 772 4243 procurante.
