<?xml version="1.0" encoding="UTF-8"?>
<!DOCTYPE html PUBLIC "-//W3C//DTD XHTML 1.0 Transitional//EN"
    "http://www.w3.org/TR/xhtml1/DTD/xhtml1-transitional.dtd">
<html xmlns="http://www.w3.org/1999/xhtml" xml:lang="en" lang="en">
 <head>
  <title>
</title>
<meta http-equiv="Content-Type" content="text/html;charset=utf-8" />
  <meta name='ocr-system' content='tesseract 3.04.00' />
  <meta name='ocr-capabilities' content='ocr_page ocr_carea ocr_par ocr_line ocrx_word'/>
</head>
<body>
  <div class='ocr_page' id='page_1' title='image "./historiadiploma03fredgoog/historiadiploma03fredgoog_0318.png"; bbox 0 0 4710 6076; ppageno 0'>
   <div class='ocr_carea' id='block_1_1' title="bbox 371 565 1796 2164">
    <p class='ocr_par' dir='ltr' id='par_1_1' title="bbox 371 565 1796 1938">
     <span class='ocr_line' id='line_1_1' title="bbox 371 565 1792 668; baseline -0.018 -16"><span class='ocrx_word' id='word_1_1' title='bbox 371 595 470 654; x_wconf 85' lang='lat' dir='ltr'><strong>tsurur.</strong></span> <span class='ocrx_word' id='word_1_2' title='bbox 488 589 549 668; x_wconf 83' lang='grc'><strong>15.]</strong></span> <span class='ocrx_word' id='word_1_3' title='bbox 816 579 1016 644; x_wconf 79' lang='lat' dir='ltr'><strong>HISTORIA</strong></span> <span class='ocrx_word' id='word_1_4' title='bbox 1040 572 1337 639; x_wconf 75' lang='lat' dir='ltr'><strong>ntetomettcn</strong></span> <span class='ocrx_word' id='word_1_5' title='bbox 1730 565 1792 628; x_wconf 79' lang='grc'><strong>309</strong></span> 
     </span>
     <span class='ocr_line' id='line_1_2' title="bbox 373 701 1790 816; baseline -0.022 -13"><span class='ocrx_word' id='word_1_6' title='bbox 373 726 458 802; x_wconf 85' lang='lat' dir='ltr'><strong>dicti</strong></span> <span class='ocrx_word' id='word_1_7' title='bbox 470 723 606 798; x_wconf 90' lang='lat' dir='ltr'><strong>comitis</strong></span> <span class='ocrx_word' id='word_1_8' title='bbox 618 740 785 816; x_wconf 89' lang='lat' dir='ltr'><strong>responso</strong></span> <span class='ocrx_word' id='word_1_9' title='bbox 800 717 903 791; x_wconf 93' lang='lat' dir='ltr'><strong>nobis</strong></span> <span class='ocrx_word' id='word_1_10' title='bbox 917 715 1033 791; x_wconf 89' lang='lat' dir='ltr'><strong>retulit</strong></span> <span class='ocrx_word' id='word_1_11' title='bbox 1045 713 1142 808; x_wconf 91' lang='lat' dir='ltr'><strong>quod</strong></span> <span class='ocrx_word' id='word_1_12' title='bbox 1159 712 1253 786; x_wconf 91' lang='lat' dir='ltr'><strong>idem</strong></span> <span class='ocrx_word' id='word_1_13' title='bbox 1268 729 1397 799; x_wconf 86' lang='lat' dir='ltr'><strong>comes,</strong></span> <span class='ocrx_word' id='word_1_14' title='bbox 1407 707 1498 780; x_wconf 91' lang='lat' dir='ltr'><strong>sicut</strong></span> <span class='ocrx_word' id='word_1_15' title='bbox 1511 705 1587 800; x_wconf 90' lang='lat' dir='ltr'><strong>ipse</strong></span> <span class='ocrx_word' id='word_1_16' title='bbox 1602 701 1790 792; x_wconf 87' lang='lat' dir='ltr'><strong>asserebat,</strong></span> 
     </span>
     <span class='ocr_line' id='line_1_3' title="bbox 374 828 1793 934; baseline -0.02 -10"><span class='ocrx_word' id='word_1_17' title='bbox 374 849 420 924; x_wconf 89' lang='lat' dir='ltr'><strong>de</strong></span> <span class='ocrx_word' id='word_1_18' title='bbox 434 847 600 922; x_wconf 87' lang='lat' dir='ltr'><strong>molestiis</strong></span> <span class='ocrx_word' id='word_1_19' title='bbox 613 845 727 919; x_wconf 90' lang='lat' dir='ltr'><strong>eidem</strong></span> <span class='ocrx_word' id='word_1_20' title='bbox 743 841 949 915; x_wconf 89' lang='lat' dir='ltr'><strong>monasterio</strong></span> <span class='ocrx_word' id='word_1_21' title='bbox 963 839 1061 934; x_wconf 87' lang='lat' dir='ltr'><strong>prius</strong></span> <span class='ocrx_word' id='word_1_22' title='bbox 1075 837 1179 910; x_wconf 85' lang='lat' dir='ltr'><strong>illatis</strong></span> <span class='ocrx_word' id='word_1_23' title='bbox 1195 834 1384 932; x_wconf 86' lang='lat' dir='ltr'><strong>plurimum</strong></span> <span class='ocrx_word' id='word_1_24' title='bbox 1402 829 1543 906; x_wconf 81' lang='lat' dir='ltr'>dolebat</span> <span class='ocrx_word' id='word_1_25' title='bbox 1565 836 1600 900; x_wconf 91' lang='lat' dir='ltr'><strong>et</strong></span> <span class='ocrx_word' id='word_1_26' title='bbox 1619 828 1665 901; x_wconf 93' lang='lat' dir='ltr'><strong>de</strong></span> <span class='ocrx_word' id='word_1_27' title='bbox 1680 834 1793 899; x_wconf 89' lang='lat' dir='ltr'><strong>cetero</strong></span> 
     </span>
     <span class='ocr_line' id='line_1_4' title="bbox 375 951 1793 1060; baseline -0.019 -13"><span class='ocrx_word' id='word_1_28' title='bbox 375 981 515 1047; x_wconf 84' lang='lat' dir='ltr'><strong>caveret</strong></span> <span class='ocrx_word' id='word_1_29' title='bbox 536 969 650 1044; x_wconf 94' lang='lat' dir='ltr'><strong>modis</strong></span> <span class='ocrx_word' id='word_1_30' title='bbox 673 967 836 1040; x_wconf 91' lang='lat' dir='ltr'><strong>omnibus</strong></span> <span class='ocrx_word' id='word_1_31' title='bbox 859 986 904 1037; x_wconf 94' lang='lat' dir='ltr'><strong>ne</strong></span> <span class='ocrx_word' id='word_1_32' title='bbox 925 963 1124 1060; x_wconf 90' lang='lat' dir='ltr'><strong>peripsum</strong></span> <span class='ocrx_word' id='word_1_33' title='bbox 1145 961 1202 1034; x_wconf 88' lang='lat' dir='ltr'><strong>vel</strong></span> <span class='ocrx_word' id='word_1_34' title='bbox 1226 982 1289 1056; x_wconf 92' lang='lat' dir='ltr'><strong>per</strong></span> <span class='ocrx_word' id='word_1_35' title='bbox 1313 957 1465 1051; x_wconf 82' lang='lat' dir='ltr'>aliquem</span> <span class='ocrx_word' id='word_1_36' title='bbox 1485 951 1666 1048; x_wconf 90' lang='lat' dir='ltr'><strong>subditum</strong></span> <span class='ocrx_word' id='word_1_37' title='bbox 1689 971 1793 1022; x_wconf 93' lang='lat' dir='ltr'><strong>suum</strong></span> 
     </span>
     <span class='ocr_line' id='line_1_5' title="bbox 374 1074 1794 1183; baseline -0.018 -13"><span class='ocrx_word' id='word_1_38' title='bbox 374 1095 553 1170; x_wconf 89' lang='lat' dir='ltr'><strong>satisdioto</strong></span> <span class='ocrx_word' id='word_1_39' title='bbox 570 1092 777 1166; x_wconf 87' lang='lat' dir='ltr'><strong>monasterio</strong></span> <span class='ocrx_word' id='word_1_40' title='bbox 792 1090 910 1183; x_wconf 90' lang='lat' dir='ltr'><strong>eliqua</strong></span> <span class='ocrx_word' id='word_1_41' title='bbox 924 1086 1081 1160; x_wconf 89' lang='lat' dir='ltr'><strong>molestia</strong></span> <span class='ocrx_word' id='word_1_42' title='bbox 1098 1086 1293 1158; x_wconf 77' lang='lat' dir='ltr'><strong>inferretur.</strong></span> <span class='ocrx_word' id='word_1_43' title='bbox 1312 1079 1447 1174; x_wconf 84' lang='lat' dir='ltr'><strong>Adjecit</strong></span> <span class='ocrx_word' id='word_1_44' title='bbox 1462 1079 1566 1151; x_wconf 91' lang='lat' dir='ltr'><strong>etiam</strong></span> <span class='ocrx_word' id='word_1_45' title='bbox 1580 1074 1678 1170; x_wconf 83' lang='lat' dir='ltr'><strong>quod</strong></span> <span class='ocrx_word' id='word_1_46' title='bbox 1690 1074 1794 1146; x_wconf 89' lang='lat' dir='ltr'><strong>liber·</strong></span> 
     </span>
     <span class='ocr_line' id='line_1_6' title="bbox 376 1201 1796 1314; baseline -0.014 -24"><span class='ocrx_word' id='word_1_47' title='bbox 376 1231 463 1294; x_wconf 86' lang='lat' dir='ltr'><strong>tates</strong></span> <span class='ocrx_word' id='word_1_48' title='bbox 486 1219 597 1314; x_wconf 90' lang='lat' dir='ltr'><strong>ipsius</strong></span> <span class='ocrx_word' id='word_1_49' title='bbox 619 1214 817 1289; x_wconf 88' lang='lat' dir='ltr'><strong>monasterii</strong></span> <span class='ocrx_word' id='word_1_50' title='bbox 845 1211 1090 1286; x_wconf 83' lang='lat' dir='ltr'><strong>inviolabiliter</strong></span> <span class='ocrx_word' id='word_1_51' title='bbox 1110 1211 1227 1283; x_wconf 86' lang='lat' dir='ltr'><strong>salvas</strong></span> <span class='ocrx_word' id='word_1_52' title='bbox 1249 1227 1326 1281; x_wconf 90' lang='lat' dir='ltr'><strong>esse</strong></span> <span class='ocrx_word' id='word_1_53' title='bbox 1346 1204 1485 1280; x_wconf 83' lang='lat' dir='ltr'><strong>volebat</strong></span> <span class='ocrx_word' id='word_1_54' title='bbox 1510 1201 1653 1274; x_wconf 84' lang='lat' dir='ltr'><strong>tirmiter</strong></span> <span class='ocrx_word' id='word_1_55' title='bbox 1677 1218 1796 1294; x_wconf 86' lang='lat' dir='ltr'><strong>repro-</strong></span> 
     </span>
     <span class='ocr_line' id='line_1_7' title="bbox 376 1322 1795 1436; baseline -0.016 -19"><span class='ocrx_word' id='word_1_56' title='bbox 376 1345 514 1417; x_wconf 81' lang='lat' dir='ltr'><strong>mittens</strong></span> <span class='ocrx_word' id='word_1_57' title='bbox 526 1340 624 1436; x_wconf 88' lang='lat' dir='ltr'><strong>quod</strong></span> <span class='ocrx_word' id='word_1_58' title='bbox 637 1338 794 1436; x_wconf 92' lang='lat' dir='ltr'><strong>petitioni</strong></span> <span class='ocrx_word' id='word_1_59' title='bbox 806 1358 913 1432; x_wconf 91' lang='lat' dir='ltr'><strong>quam</strong></span> <span class='ocrx_word' id='word_1_60' title='bbox 928 1338 1055 1410; x_wconf 83' lang='lat' dir='ltr'><strong>iecerat</strong></span> <span class='ocrx_word' id='word_1_61' title='bbox 1070 1335 1180 1407; x_wconf 88' lang='lat' dir='ltr'><strong>abbas</strong></span> <span class='ocrx_word' id='word_1_62' title='bbox 1191 1332 1238 1407; x_wconf 91' lang='lat' dir='ltr'><strong>ds</strong></span> <span class='ocrx_word' id='word_1_63' title='bbox 1252 1329 1466 1420; x_wconf 88' lang='lat' dir='ltr'><strong>bominibus,</strong></span> <span class='ocrx_word' id='word_1_64' title='bbox 1479 1325 1602 1416; x_wconf 87' lang='lat' dir='ltr'><strong>servis,</strong></span> <span class='ocrx_word' id='word_1_65' title='bbox 1612 1322 1747 1396; x_wconf 80' lang='lat' dir='ltr'><strong>ancillis</strong></span> <span class='ocrx_word' id='word_1_66' title='bbox 1760 1329 1795 1394; x_wconf 90' lang='lat' dir='ltr'><strong>et</strong></span> 
     </span>
     <span class='ocr_line' id='line_1_8' title="bbox 376 1447 1794 1560; baseline -0.016 -19"><span class='ocrx_word' id='word_1_67' title='bbox 376 1469 454 1543; x_wconf 89' lang='lat' dir='ltr'><strong>aliis</strong></span> <span class='ocrx_word' id='word_1_68' title='bbox 467 1467 572 1540; x_wconf 90' lang='lat' dir='ltr'><strong>rebus</strong></span> <span class='ocrx_word' id='word_1_69' title='bbox 585 1465 661 1539; x_wconf 89' lang='lat' dir='ltr'><strong>suis</strong></span> <span class='ocrx_word' id='word_1_70' title='bbox 679 1465 831 1560; x_wconf 79' lang='lat' dir='ltr'><strong>benigne</strong></span> <span class='ocrx_word' id='word_1_71' title='bbox 849 1463 1111 1556; x_wconf 78' lang='lat' dir='ltr'><strong>obtemperaret.</strong></span> <span class='ocrx_word' id='word_1_72' title='bbox 1128 1460 1198 1532; x_wconf 91' lang='lat' dir='ltr'><strong>Nos</strong></span> <span class='ocrx_word' id='word_1_73' title='bbox 1218 1457 1326 1551; x_wconf 81' lang='lat' dir='ltr'><strong>igitur</strong></span> <span class='ocrx_word' id='word_1_74' title='bbox 1344 1453 1428 1528; x_wconf 92' lang='lat' dir='ltr'><strong>dicti</strong></span> <span class='ocrx_word' id='word_1_75' title='bbox 1447 1450 1584 1524; x_wconf 88' lang='lat' dir='ltr'><strong>comitis</strong></span> <span class='ocrx_word' id='word_1_76' title='bbox 1601 1447 1794 1543; x_wconf 91' lang='lat' dir='ltr'><strong>responsio-</strong></span> 
     </span>
     <span class='ocr_line' id='line_1_9' title="bbox 377 1569 1795 1686; baseline -0.016 -20"><span class='ocrx_word' id='word_1_77' title='bbox 377 1615 456 1666; x_wconf 89' lang='lat' dir='ltr'><strong>nem</strong></span> <span class='ocrx_word' id='word_1_78' title='bbox 479 1599 611 1686; x_wconf 79' lang='lat' dir='ltr'><strong>gratam</strong></span> <span class='ocrx_word' id='word_1_79' title='bbox 636 1588 805 1662; x_wconf 89' lang='lat' dir='ltr'><strong>habentes</strong></span> <span class='ocrx_word' id='word_1_80' title='bbox 823 1595 859 1659; x_wconf 90' lang='lat' dir='ltr'><strong>et</strong></span> <span class='ocrx_word' id='word_1_81' title='bbox 880 1585 1141 1682; x_wconf 90' lang='lat' dir='ltr'><strong>promissionem</strong></span> <span class='ocrx_word' id='word_1_82' title='bbox 1163 1583 1210 1656; x_wconf 88' lang='lat' dir='ltr'><strong>ab</strong></span> <span class='ocrx_word' id='word_1_83' title='bbox 1228 1581 1303 1676; x_wconf 88' lang='lat' dir='ltr'><strong>ipso</strong></span> <span class='ocrx_word' id='word_1_84' title='bbox 1320 1578 1367 1652; x_wconf 91' lang='lat' dir='ltr'><strong>de</strong></span> <span class='ocrx_word' id='word_1_85' title='bbox 1380 1598 1450 1652; x_wconf 93' lang='lat' dir='ltr'><strong>non</strong></span> <span class='ocrx_word' id='word_1_86' title='bbox 1469 1571 1686 1648; x_wconf 84' lang='lat' dir='ltr'><strong>molestando</strong></span> <span class='ocrx_word' id='word_1_87' title='bbox 1702 1569 1795 1644; x_wconf 89' lang='lat' dir='ltr'><strong>dicto</strong></span> 
     </span>
     <span class='ocr_line' id='line_1_10' title="bbox 376 1704 1793 1805; baseline -0.016 -14"><span class='ocrx_word' id='word_1_88' title='bbox 376 1715 584 1791; x_wconf 87' lang='lat' dir='ltr'><strong>monasterio</strong></span> <span class='ocrx_word' id='word_1_89' title='bbox 599 1715 724 1787; x_wconf 84' lang='lat' dir='ltr'><strong>iactam</strong></span> <span class='ocrx_word' id='word_1_90' title='bbox 740 1721 849 1785; x_wconf 91' lang='lat' dir='ltr'><strong>ratam</strong></span> <span class='ocrx_word' id='word_1_91' title='bbox 864 1721 899 1784; x_wconf 89' lang='lat' dir='ltr'><strong>et</strong></span> <span class='ocrx_word' id='word_1_92' title='bbox 911 1711 1112 1784; x_wconf 90' lang='lat' dir='ltr'><strong>inviolatam</strong></span> <span class='ocrx_word' id='word_1_93' title='bbox 1127 1727 1328 1805; x_wconf 89' lang='lat' dir='ltr'><strong>permanere</strong></span> <span class='ocrx_word' id='word_1_94' title='bbox 1342 1704 1511 1793; x_wconf 88' lang='lat' dir='ltr'><strong>volentes,</strong></span> <span class='ocrx_word' id='word_1_95' title='bbox 1523 1705 1718 1796; x_wconf 83' lang='lat' dir='ltr'><strong>presentem</strong></span> <span class='ocrx_word' id='word_1_96' title='bbox 1731 1716 1793 1790; x_wconf 87' lang='lat' dir='ltr'><strong>pa·</strong></span> 
     </span>
     <span class='ocr_line' id='line_1_11' title="bbox 379 1822 1619 1938; baseline -0.018 -23"><span class='ocrx_word' id='word_1_97' title='bbox 379 1843 497 1938; x_wconf 78' lang='lat' dir='ltr'><strong>gisam</strong></span> <span class='ocrx_word' id='word_1_98' title='bbox 520 1838 691 1912; x_wconf 80' lang='lat' dir='ltr'><strong>conscribi</strong></span> <span class='ocrx_word' id='word_1_99' title='bbox 703 1837 873 1930; x_wconf 90' lang='lat' dir='ltr'><strong>jussimus</strong></span> <span class='ocrx_word' id='word_1_100' title='bbox 890 1857 931 1910; x_wconf 92' lang='lat' dir='ltr'><strong>ac</strong></span> <span class='ocrx_word' id='word_1_101' title='bbox 947 1834 1169 1908; x_wconf 89' lang='lat' dir='ltr'><strong>sublimitatis</strong></span> <span class='ocrx_word' id='word_1_102' title='bbox 1186 1841 1302 1904; x_wconf 90' lang='lat' dir='ltr'><strong>nostre</strong></span> <span class='ocrx_word' id='word_1_103' title='bbox 1320 1829 1434 1922; x_wconf 80' lang='lat' dir='ltr'><strong>sigilio</strong></span> <span class='ocrx_word' id='word_1_104' title='bbox 1453 1822 1619 1898; x_wconf 91' lang='lat' dir='ltr'><strong>roborari.</strong></span> 
     </span>
    </p>

    <p class='ocr_par' dir='ltr' id='par_1_2' title="bbox 378 1945 1794 2164">
     <span class='ocr_line' id='line_1_12' title="bbox 426 1945 1794 2055; baseline -0.017 -17"><span class='ocrx_word' id='word_1_105' title='bbox 426 1965 553 2038; x_wconf 83' lang='lat' dir='ltr'><strong>Actum</strong></span> <span class='ocrx_word' id='word_1_106' title='bbox 569 1983 662 2036; x_wconf 93' lang='lat' dir='ltr'><strong>anno</strong></span> <span class='ocrx_word' id='word_1_107' title='bbox 673 1961 810 2034; x_wconf 87' lang='lat' dir='ltr'><strong>Domini</strong></span> <span class='ocrx_word' id='word_1_108' title='bbox 825 1962 873 2034; x_wconf 80' lang='grc' dir='ltr'><strong>Μο</strong></span> <span class='ocrx_word' id='word_1_109' title='bbox 886 1959 948 2032; x_wconf 81' lang='lat' dir='ltr'><strong>CC⁰</strong></span> <span class='ocrx_word' id='word_1_110' title='bbox 962 1959 1040 2032; x_wconf 69' lang='grc' dir='ltr'><strong>ΧΧο</strong></span> <span class='ocrx_word' id='word_1_111' title='bbox 1046 1959 1206 2055; x_wconf 85' lang='lat' dir='ltr'><strong>septimo,</strong></span> <span class='ocrx_word' id='word_1_112' title='bbox 1215 1955 1375 2052; x_wconf 85' lang='lat' dir='ltr'><strong>proxima</strong></span> <span class='ocrx_word' id='word_1_113' title='bbox 1390 1953 1446 2026; x_wconf 82' lang='lat' dir='ltr'><strong>Vl·</strong></span> <span class='ocrx_word' id='word_1_114' title='bbox 1460 1947 1544 2022; x_wconf 83' lang='lat' dir='ltr'><strong>teria</strong></span> <span class='ocrx_word' id='word_1_115' title='bbox 1558 1955 1635 2044; x_wconf 90' lang='lat' dir='ltr'><strong>post</strong></span> <span class='ocrx_word' id='word_1_116' title='bbox 1648 1945 1794 2018; x_wconf 82' lang='lat' dir='ltr'><strong>Annun-</strong></span> 
     </span>
     <span class='ocr_line' id='line_1_13' title="bbox 378 2087 793 2164; baseline -0.007 -2"><span class='ocrx_word' id='word_1_117' title='bbox 378 2089 554 2164; x_wconf 88' lang='lat' dir='ltr'><strong>tiationem</strong></span> <span class='ocrx_word' id='word_1_118' title='bbox 572 2087 793 2162; x_wconf 87' lang='lat' dir='ltr'><strong>dominicam.</strong></span> 
     </span>
    </p>
   </div>
   <div class='ocr_carea' id='block_1_2' title="bbox 435 2689 1980 2830">
    <p class='ocr_par' dir='ltr' id='par_1_3' title="bbox 435 2689 1980 2830">
     <span class='ocr_line' id='line_1_14' title="bbox 435 2689 1980 2830; baseline -0.008 -33"><span class='ocrx_word' id='word_1_119' title='bbox 435 2713 619 2798; x_wconf 89' lang='lat' dir='ltr'><strong>Henrious</strong></span> <span class='ocrx_word' id='word_1_120' title='bbox 635 2713 896 2796; x_wconf 90' lang='lat' dir='ltr'><strong>Romanorum</strong></span> <span class='ocrx_word' id='word_1_121' title='bbox 909 2736 976 2793; x_wconf 83' lang='lat' dir='ltr'><strong>rer</strong></span> <span class='ocrx_word' id='word_1_122' title='bbox 993 2711 1041 2792; x_wconf 92' lang='lat' dir='ltr'><strong>de</strong></span> <span class='ocrx_word' id='word_1_123' title='bbox 1056 2689 1215 2792; x_wconf 85' lang='lat' dir='ltr'><strong>oonsilio</strong></span> <span class='ocrx_word' id='word_1_124' title='bbox 1228 2707 1443 2818; x_wconf 83' lang='lat' dir='ltr'><strong>principum</strong></span> <span class='ocrx_word' id='word_1_125' title='bbox 1460 2705 1642 2790; x_wconf 87' lang='lat' dir='ltr'><strong>fratribus</strong></span> <span class='ocrx_word' id='word_1_126' title='bbox 1655 2708 1794 2790; x_wconf 91' lang='lat' dir='ltr'><strong>domus</strong></span> <span class='ocrx_word' id='word_1_127' title='bbox 1835 2730 1980 2830; x_wconf 52' lang='lat' dir='ltr'><strong>epm-r.</strong></span> 
     </span>
    </p>
   </div>
   <div class='ocr_carea' id='block_1_3' title="bbox 382 2841 2002 3087">
    <p class='ocr_par' dir='ltr' id='par_1_4' title="bbox 382 2841 2002 3087">
     <span class='ocr_line' id='line_1_15' title="bbox 382 2841 1796 2954; baseline -0.006 -22"><span class='ocrx_word' id='word_1_128' title='bbox 382 2847 705 2932; x_wconf 83' lang='lat' dir='ltr'><strong>Theutonioorum</strong></span> <span class='ocrx_word' id='word_1_129' title='bbox 724 2846 884 2928; x_wconf 86' lang='lat' dir='ltr'><strong>Sanctae</strong></span> <span class='ocrx_word' id='word_1_130' title='bbox 902 2845 1042 2929; x_wconf 87' lang='lat' dir='ltr'><strong>Mariae</strong></span> <span class='ocrx_word' id='word_1_131' title='bbox 1064 2845 1103 2925; x_wconf 92' lang='lat' dir='ltr'><strong>in</strong></span> <span class='ocrx_word' id='word_1_132' title='bbox 1123 2843 1329 2926; x_wconf 88' lang='lat' dir='ltr'><strong>Jerusalem</strong></span> <span class='ocrx_word' id='word_1_133' title='bbox 1347 2842 1519 2925; x_wconf 88' lang='lat' dir='ltr'><strong>concedit</strong></span> <span class='ocrx_word' id='word_1_134' title='bbox 1538 2849 1582 2925; x_wconf 89' lang='lat' dir='ltr'><strong>ut</strong></span> <span class='ocrx_word' id='word_1_135' title='bbox 1597 2841 1796 2954; x_wconf 81' lang='lat' dir='ltr'><strong>privilegia</strong></span> 
     </span>
     <span class='ocr_line' id='line_1_16' title="bbox 382 2945 2002 3087; baseline -0.003 -22"><span class='ocrx_word' id='word_1_136' title='bbox 382 2993 419 3066; x_wconf 87' lang='lat' dir='ltr'><strong>et</strong></span> <span class='ocrx_word' id='word_1_137' title='bbox 432 2979 738 3065; x_wconf 89' lang='lat' dir='ltr'><strong>confirmationes</strong></span> <span class='ocrx_word' id='word_1_138' title='bbox 755 3006 779 3061; x_wconf 91' lang='lat' dir='ltr'><strong>e</strong></span> <span class='ocrx_word' id='word_1_139' title='bbox 795 2979 900 3061; x_wconf 90' lang='lat' dir='ltr'><strong>curia</strong></span> <span class='ocrx_word' id='word_1_140' title='bbox 916 2977 1104 3087; x_wconf 86' lang='lat' dir='ltr'><strong>regelivel</strong></span> <span class='ocrx_word' id='word_1_141' title='bbox 1120 2977 1307 3086; x_wconf 87' lang='lat' dir='ltr'><strong>imperiali</strong></span> <span class='ocrx_word' id='word_1_142' title='bbox 1318 2977 1399 3059; x_wconf 90' lang='lat' dir='ltr'><strong>sine</strong></span> <span class='ocrx_word' id='word_1_143' title='bbox 1412 2975 1492 3060; x_wconf 92' lang='lat' dir='ltr'><strong>ulla</strong></span> <span class='ocrx_word' id='word_1_144' title='bbox 1506 2975 1700 3060; x_wconf 87' lang='lat' dir='ltr'><strong>exactione</strong></span> <span class='ocrx_word' id='word_1_145' title='bbox 1713 2975 1794 3060; x_wconf 90' lang='lat' dir='ltr'><strong>ob·</strong></span> <span class='ocrx_word' id='word_1_146' title='bbox 1994 2945 2002 3014; x_wconf 65' lang='lat'>¹</span> 
     </span>
    </p>
   </div>
   <div class='ocr_carea' id='block_1_4' title="bbox 382 3109 1795 3488">
    <p class='ocr_par' dir='ltr' id='par_1_5' title="bbox 382 3109 1795 3488">
     <span class='ocr_line' id='line_1_17' title="bbox 382 3109 1795 3224; baseline -0.004 -26"><span class='ocrx_word' id='word_1_147' title='bbox 382 3117 501 3198; x_wconf 90' lang='lat' dir='ltr'><strong>tinere</strong></span> <span class='ocrx_word' id='word_1_148' title='bbox 515 3113 677 3224; x_wconf 81' lang='lat' dir='ltr'><strong>possint,</strong></span> <span class='ocrx_word' id='word_1_149' title='bbox 693 3112 913 3220; x_wconf 90' lang='lat' dir='ltr'><strong>eisdemque</strong></span> <span class='ocrx_word' id='word_1_150' title='bbox 930 3109 1131 3193; x_wconf 88' lang='lat' dir='ltr'><strong>confirmat</strong></span> <span class='ocrx_word' id='word_1_151' title='bbox 1145 3121 1188 3191; x_wconf 95' lang='lat' dir='ltr'><strong>ut</strong></span> <span class='ocrx_word' id='word_1_152' title='bbox 1204 3119 1380 3218; x_wconf 91' lang='lat' dir='ltr'><strong>sumptus</strong></span> <span class='ocrx_word' id='word_1_153' title='bbox 1393 3119 1430 3191; x_wconf 94' lang='lat' dir='ltr'><strong>et</strong></span> <span class='ocrx_word' id='word_1_154' title='bbox 1447 3135 1634 3218; x_wconf 81' lang='lat' dir='ltr'><strong>expensae</strong></span> <span class='ocrx_word' id='word_1_155' title='bbox 1651 3119 1795 3218; x_wconf 87' lang='lat' dir='ltr'><strong>septem</strong></span> 
     </span>
     <span class='ocr_line' id='line_1_18' title="bbox 382 3242 1795 3357; baseline -0.003 -27"><span class='ocrx_word' id='word_1_156' title='bbox 382 3273 631 3357; x_wconf 89' lang='lat' dir='ltr'><strong>personarum</strong></span> <span class='ocrx_word' id='word_1_157' title='bbox 644 3257 682 3329; x_wconf 90' lang='lat' dir='ltr'><strong>et</strong></span> <span class='ocrx_word' id='word_1_158' title='bbox 694 3245 853 3329; x_wconf 91' lang='lat' dir='ltr'><strong>totidem</strong></span> <span class='ocrx_word' id='word_1_159' title='bbox 866 3269 1054 3354; x_wconf 90' lang='lat' dir='ltr'><strong>equorum</strong></span> <span class='ocrx_word' id='word_1_160' title='bbox 1067 3243 1299 3353; x_wconf 86' lang='lat' dir='ltr'><strong>praeceptori</strong></span> <span class='ocrx_word' id='word_1_161' title='bbox 1316 3253 1354 3326; x_wconf 89' lang='lat' dir='ltr'><strong>et</strong></span> <span class='ocrx_word' id='word_1_162' title='bbox 1365 3243 1666 3326; x_wconf 88' lang='lat' dir='ltr'><strong>commendatori</strong></span> <span class='ocrx_word' id='word_1_163' title='bbox 1679 3242 1795 3354; x_wconf 89' lang='lat' dir='ltr'><strong>hujus</strong></span> 
     </span>
     <span class='ocr_line' id='line_1_19' title="bbox 382 3377 1738 3488; baseline -0.004 -24"><span class='ocrx_word' id='word_1_164' title='bbox 382 3382 521 3464; x_wconf 91' lang='lat' dir='ltr'><strong>domus</strong></span> <span class='ocrx_word' id='word_1_165' title='bbox 531 3379 570 3460; x_wconf 92' lang='lat' dir='ltr'><strong>in</strong></span> <span class='ocrx_word' id='word_1_166' title='bbox 585 3379 784 3462; x_wconf 86' lang='lat' dir='ltr'><strong>Alemanie</strong></span> <span class='ocrx_word' id='word_1_167' title='bbox 798 3379 970 3461; x_wconf 84' lang='lat' dir='ltr'><strong>existenti</strong></span> <span class='ocrx_word' id='word_1_168' title='bbox 986 3379 1127 3462; x_wconf 90' lang='lat' dir='ltr'><strong>acuria</strong></span> <span class='ocrx_word' id='word_1_169' title='bbox 1141 3377 1328 3488; x_wconf 91' lang='lat' dir='ltr'><strong>imperiali</strong></span> <span class='ocrx_word' id='word_1_170' title='bbox 1341 3378 1549 3460; x_wconf 90' lang='lat' dir='ltr'><strong>ministrari</strong></span> <span class='ocrx_word' id='word_1_171' title='bbox 1562 3378 1738 3462; x_wconf 91' lang='lat' dir='ltr'><strong>debeant.</strong></span> 
     </span>
    </p>
   </div>
   <div class='ocr_carea' id='block_1_5' title="bbox 467 3615 1799 3912">
    <p class='ocr_par' dir='ltr' id='par_1_6' title="bbox 467 3615 1799 3912">
     <span class='ocr_line' id='line_1_20' title="bbox 467 3615 1797 3702; baseline -0.001 -21"><span class='ocrx_word' id='word_1_172' title='bbox 467 3619 561 3700; x_wconf 82' lang='lat' dir='ltr'><strong>(Edit.</strong></span> <span class='ocrx_word' id='word_1_173' title='bbox 578 3622 610 3680; x_wconf 89' lang='lat' dir='ltr'><strong>tn</strong></span> <span class='ocrx_word' id='word_1_174' title='bbox 623 3617 848 3702; x_wconf 77' lang='lat' dir='ltr'><strong>Brsndcaburp.</strong></span> <span class='ocrx_word' id='word_1_175' title='bbox 869 3617 1162 3702; x_wconf 63' lang='lat' dir='ltr'><strong>nepotemque„</strong></span> <span class='ocrx_word' id='word_1_176' title='bbox 1182 3637 1214 3697; x_wconf 91' lang='lat' dir='ltr'><strong>p.</strong></span> <span class='ocrx_word' id='word_1_177' title='bbox 1237 3629 1307 3700; x_wconf 85' lang='lat'><strong>100,</strong></span> <span class='ocrx_word' id='word_1_178' title='bbox 1330 3625 1360 3680; x_wconf 88' lang='lat' dir='ltr'><strong>et</strong></span> <span class='ocrx_word' id='word_1_179' title='bbox 1381 3635 1429 3696; x_wconf 89' lang='lat' dir='ltr'><strong>sp.</strong></span> <span class='ocrx_word' id='word_1_180' title='bbox 1446 3619 1624 3692; x_wconf 80' lang='lat' dir='ltr'><strong>Dusmrou,</strong></span> <span class='ocrx_word' id='word_1_181' title='bbox 1639 3619 1717 3680; x_wconf 73' lang='lat' dir='ltr'><strong>Her.</strong></span> <span class='ocrx_word' id='word_1_182' title='bbox 1732 3615 1797 3680; x_wconf 83' lang='lat' dir='ltr'><strong>ord.</strong></span> 
     </span>
     <span class='ocr_line' id='line_1_21' title="bbox 508 3723 1799 3806; baseline 0.002 -20"><span class='ocrx_word' id='word_1_183' title='bbox 508 3723 689 3806; x_wconf 63' lang='lat' dir='ltr'><strong>Tbeutontc„</strong></span> <span class='ocrx_word' id='word_1_184' title='bbox 702 3727 828 3803; x_wconf 78' lang='lat' dir='ltr'><strong>append.</strong></span> <span class='ocrx_word' id='word_1_185' title='bbox 846 3735 880 3788; x_wconf 88' lang='lat' dir='ltr'><strong>n·</strong></span> <span class='ocrx_word' id='word_1_186' title='bbox 891 3737 939 3801; x_wconf 83' lang='lat' dir='ltr'><strong>ttt,</strong></span> <span class='ocrx_word' id='word_1_187' title='bbox 952 3729 1004 3805; x_wconf 86' lang='lat' dir='ltr'><strong>qut</strong></span> <span class='ocrx_word' id='word_1_188' title='bbox 1012 3743 1166 3804; x_wconf 77' lang='lat' dir='ltr'><strong>perperam</strong></span> <span class='ocrx_word' id='word_1_189' title='bbox 1177 3727 1256 3787; x_wconf 88' lang='lat' dir='ltr'><strong>dtam</strong></span> <span class='ocrx_word' id='word_1_190' title='bbox 1269 3728 1445 3786; x_wconf 82' lang='lat' dir='ltr'><strong>vicesimum</strong></span> <span class='ocrx_word' id='word_1_191' title='bbox 1455 3743 1567 3788; x_wconf 89' lang='lat' dir='ltr'><strong>nonum</strong></span> <span class='ocrx_word' id='word_1_192' title='bbox 1579 3728 1689 3787; x_wconf 86' lang='lat' dir='ltr'><strong>mensts</strong></span> <span class='ocrx_word' id='word_1_193' title='bbox 1699 3727 1799 3804; x_wconf 86' lang='lat' dir='ltr'><strong>aprttts</strong></span> 
     </span>
     <span class='ocr_line' id='line_1_22' title="bbox 503 3831 1427 3912; baseline 0.001 -19"><span class='ocrx_word' id='word_1_194' title='bbox 503 3833 632 3894; x_wconf 82' lang='lat' dir='ltr'><strong>admistt.</strong></span> <span class='ocrx_word' id='word_1_195' title='bbox 650 3833 722 3894; x_wconf 80' lang='lat' dir='ltr'><strong>cett.</strong></span> <span class='ocrx_word' id='word_1_196' title='bbox 738 3849 807 3894; x_wconf 86' lang='lat' dir='ltr'><strong>cunr</strong></span> <span class='ocrx_word' id='word_1_197' title='bbox 819 3849 886 3910; x_wconf 93' lang='lat' dir='ltr'><strong>cop.</strong></span> <span class='ocrx_word' id='word_1_198' title='bbox 900 3833 1069 3894; x_wconf 84' lang='lat' dir='ltr'><strong>authentica</strong></span> <span class='ocrx_word' id='word_1_199' title='bbox 1081 3835 1114 3893; x_wconf 93' lang='lat' dir='ltr'><strong>tn</strong></span> <span class='ocrx_word' id='word_1_200' title='bbox 1127 3833 1241 3896; x_wconf 85' lang='lat' dir='ltr'><strong>archiv.</strong></span> <span class='ocrx_word' id='word_1_201' title='bbox 1256 3831 1427 3912; x_wconf 73' lang='lat' dir='ltr'><strong>stuttgart.)</strong></span> 
     </span>
    </p>
   </div>
   <div class='ocr_carea' id='block_1_6' title="bbox 385 4045 1801 4762">
    <p class='ocr_par' dir='ltr' id='par_1_7' title="bbox 385 4045 1801 4762">
     <span class='ocr_line' id='line_1_23' title="bbox 434 4045 1800 4142; baseline 0.001 -26"><span class='ocrx_word' id='word_1_202' title='bbox 434 4045 602 4118; x_wconf 85' lang='lat' dir='ltr'><strong>Henricus</strong></span> <span class='ocrx_word' id='word_1_203' title='bbox 620 4045 789 4141; x_wconf 89' lang='lat' dir='ltr'><strong>septimus</strong></span> <span class='ocrx_word' id='word_1_204' title='bbox 803 4045 925 4120; x_wconf 88' lang='lat' dir='ltr'><strong>divina</strong></span> <span class='ocrx_word' id='word_1_205' title='bbox 938 4049 1076 4120; x_wconf 84' lang='lat' dir='ltr'><strong>invente</strong></span> <span class='ocrx_word' id='word_1_206' title='bbox 1089 4049 1271 4122; x_wconf 90' lang='lat' dir='ltr'><strong>clementia</strong></span> <span class='ocrx_word' id='word_1_207' title='bbox 1288 4049 1520 4120; x_wconf 84' lang='lat' dir='ltr'><strong>Romanorum</strong></span> <span class='ocrx_word' id='word_1_208' title='bbox 1536 4067 1600 4118; x_wconf 85' lang='lat' dir='ltr'><strong>rex</strong></span> <span class='ocrx_word' id='word_1_209' title='bbox 1613 4057 1649 4118; x_wconf 91' lang='lat' dir='ltr'><strong>et</strong></span> <span class='ocrx_word' id='word_1_210' title='bbox 1664 4067 1800 4142; x_wconf 88' lang='lat' dir='ltr'><strong>semper</strong></span> 
     </span>
     <span class='ocr_line' id='line_1_24' title="bbox 385 4167 1799 4267; baseline 0.001 -26"><span class='ocrx_word' id='word_1_211' title='bbox 385 4177 567 4262; x_wconf 79' lang='lat' dir='ltr'><strong>augustus.</strong></span> <span class='ocrx_word' id='word_1_212' title='bbox 588 4167 644 4242; x_wconf 81' lang='lat' dir='ltr'><strong>Ad</strong></span> <span class='ocrx_word' id='word_1_213' title='bbox 664 4171 847 4264; x_wconf 90' lang='lat' dir='ltr'><strong>utriusque</strong></span> <span class='ocrx_word' id='word_1_214' title='bbox 864 4170 936 4244; x_wconf 85' lang='lat' dir='ltr'><strong>uite</strong></span> <span class='ocrx_word' id='word_1_215' title='bbox 953 4171 1150 4244; x_wconf 83' lang='lat' dir='ltr'><strong>felicitatem</strong></span> <span class='ocrx_word' id='word_1_216' title='bbox 1165 4172 1330 4267; x_wconf 88' lang='lat' dir='ltr'><strong>prodesse</strong></span> <span class='ocrx_word' id='word_1_217' title='bbox 1343 4169 1443 4244; x_wconf 92' lang='lat' dir='ltr'><strong>uobis</strong></span> <span class='ocrx_word' id='word_1_218' title='bbox 1459 4192 1528 4243; x_wconf 94' lang='lat' dir='ltr'><strong>non</strong></span> <span class='ocrx_word' id='word_1_219' title='bbox 1545 4169 1755 4265; x_wconf 77' lang='lat' dir='ltr'><strong>ambigimus</strong></span> <span class='ocrx_word' id='word_1_220' title='bbox 1768 4170 1799 4242; x_wconf 93' lang='lat' dir='ltr'><strong>si</strong></span> 
     </span>
     <span class='ocr_line' id='line_1_25' title="bbox 385 4291 1801 4392; baseline 0.002 -28"><span class='ocrx_word' id='word_1_221' title='bbox 385 4291 614 4365; x_wconf 87' lang='lat' dir='ltr'><strong>Ecclesiarum</strong></span> <span class='ocrx_word' id='word_1_222' title='bbox 635 4293 697 4364; x_wconf 88' lang='lat' dir='ltr'><strong>Dei</strong></span> <span class='ocrx_word' id='word_1_223' title='bbox 717 4293 927 4389; x_wconf 82' lang='lat' dir='ltr'><strong>profectibus</strong></span> <span class='ocrx_word' id='word_1_224' title='bbox 944 4294 1101 4368; x_wconf 92' lang='lat' dir='ltr'><strong>studioso</strong></span> <span class='ocrx_word' id='word_1_225' title='bbox 1117 4297 1190 4368; x_wconf 79' lang='lat' dir='ltr'><strong>celo</strong></span> <span class='ocrx_word' id='word_1_226' title='bbox 1207 4297 1335 4392; x_wconf 89' lang='lat' dir='ltr'><strong>pioque</strong></span> <span class='ocrx_word' id='word_1_227' title='bbox 1354 4293 1479 4368; x_wconf 81' lang='lat' dir='ltr'><strong>affectu</strong></span> <span class='ocrx_word' id='word_1_228' title='bbox 1500 4294 1749 4369; x_wconf 88' lang='lat' dir='ltr'><strong>intenderimus</strong></span> <span class='ocrx_word' id='word_1_229' title='bbox 1766 4305 1801 4368; x_wconf 90' lang='lat' dir='ltr'><strong>et</strong></span> 
     </span>
     <span class='ocr_line' id='line_1_26' title="bbox 385 4415 1796 4515; baseline 0.001 -27"><span class='ocrx_word' id='word_1_230' title='bbox 385 4438 506 4488; x_wconf 90' lang='lat' dir='ltr'><strong>earum</strong></span> <span class='ocrx_word' id='word_1_231' title='bbox 525 4415 701 4490; x_wconf 87' lang='lat' dir='ltr'><strong>libertates</strong></span> <span class='ocrx_word' id='word_1_232' title='bbox 721 4417 767 4490; x_wconf 91' lang='lat' dir='ltr'><strong>de</strong></span> <span class='ocrx_word' id='word_1_233' title='bbox 781 4418 970 4510; x_wconf 85' lang='lat' dir='ltr'><strong>majestatis</strong></span> <span class='ocrx_word' id='word_1_234' title='bbox 988 4429 1101 4491; x_wconf 89' lang='lat' dir='ltr'><strong>nostre</strong></span> <span class='ocrx_word' id='word_1_235' title='bbox 1118 4419 1354 4494; x_wconf 87' lang='lat' dir='ltr'><strong>munificentia</strong></span> <span class='ocrx_word' id='word_1_236' title='bbox 1368 4419 1605 4493; x_wconf 88' lang='lat' dir='ltr'><strong>curaverimus</strong></span> <span class='ocrx_word' id='word_1_237' title='bbox 1618 4420 1796 4515; x_wconf 78' lang='lat' dir='ltr'><strong>ampliare.</strong></span> 
     </span>
     <span class='ocr_line' id='line_1_27' title="bbox 388 4539 1800 4639; baseline 0.003 -27"><span class='ocrx_word' id='word_1_238' title='bbox 388 4539 552 4614; x_wconf 86' lang='lat' dir='ltr'><strong>Noverint</strong></span> <span class='ocrx_word' id='word_1_239' title='bbox 563 4542 669 4637; x_wconf 76' lang='lat' dir='ltr'><strong>igitur</strong></span> <span class='ocrx_word' id='word_1_240' title='bbox 681 4549 751 4614; x_wconf 92' lang='lat' dir='ltr'><strong>tam</strong></span> <span class='ocrx_word' id='word_1_241' title='bbox 766 4563 909 4638; x_wconf 87' lang='lat' dir='ltr'><strong>presens</strong></span> <span class='ocrx_word' id='word_1_242' title='bbox 928 4551 1002 4615; x_wconf 90' lang='lat' dir='ltr'><strong>etas</strong></span> <span class='ocrx_word' id='word_1_243' title='bbox 1014 4564 1118 4638; x_wconf 92' lang='lat' dir='ltr'><strong>quam</strong></span> <span class='ocrx_word' id='word_1_244' title='bbox 1131 4565 1334 4618; x_wconf 88' lang='lat' dir='ltr'><strong>successura</strong></span> <span class='ocrx_word' id='word_1_245' title='bbox 1348 4543 1529 4639; x_wconf 85' lang='lat' dir='ltr'><strong>posteritas</strong></span> <span class='ocrx_word' id='word_1_246' title='bbox 1543 4543 1639 4638; x_wconf 88' lang='lat' dir='ltr'><strong>quod</strong></span> <span class='ocrx_word' id='word_1_247' title='bbox 1652 4565 1716 4616; x_wconf 93' lang='lat' dir='ltr'><strong>nos</strong></span> <span class='ocrx_word' id='word_1_248' title='bbox 1730 4563 1800 4618; x_wconf 88' lang='lat' dir='ltr'><strong>uon</strong></span> 
     </span>
     <span class='ocr_line' id='line_1_28' title="bbox 387 4665 1801 4762; baseline 0.004 -26"><span class='ocrx_word' id='word_1_249' title='bbox 387 4665 558 4740; x_wconf 88' lang='lat' dir='ltr'><strong>immerito</strong></span> <span class='ocrx_word' id='word_1_250' title='bbox 572 4665 800 4741; x_wconf 89' lang='lat' dir='ltr'><strong>adtendentes</strong></span> <span class='ocrx_word' id='word_1_251' title='bbox 817 4666 942 4740; x_wconf 89' lang='lat' dir='ltr'><strong>devota</strong></span> <span class='ocrx_word' id='word_1_252' title='bbox 963 4667 1130 4762; x_wconf 87' lang='lat' dir='ltr'><strong>obsequia</strong></span> <span class='ocrx_word' id='word_1_253' title='bbox 1147 4679 1181 4741; x_wconf 92' lang='lat' dir='ltr'><strong>et</strong></span> <span class='ocrx_word' id='word_1_254' title='bbox 1195 4669 1434 4762; x_wconf 88' lang='lat' dir='ltr'><strong>obsequiosum</strong></span> <span class='ocrx_word' id='word_1_255' title='bbox 1454 4667 1675 4742; x_wconf 90' lang='lat' dir='ltr'><strong>devotionem</strong></span> <span class='ocrx_word' id='word_1_256' title='bbox 1693 4668 1801 4742; x_wconf 90' lang='lat' dir='ltr'><strong>dilec-</strong></span> 
     </span>
    </p>
   </div>
   <div class='ocr_carea' id='block_1_7' title="bbox 0 0 2376 6068">
    <p class='ocr_par' dir='ltr' id='par_1_8' title="bbox 0 0 2376 6068">
     <span class='ocr_line' id='line_1_29' title="bbox 0 0 2376 6068; baseline 0 0"><span class='ocrx_word' id='word_1_257' title='bbox 0 0 2376 6068; x_wconf 95' lang='lat' dir='ltr'><strong> </strong></span> 
     </span>
    </p>
   </div>
  </div>
 </body>
</html>
