4658 6132
383 673 480 734 lunrer.
496 669 540 746 2]
833 665 1028 728 HISTORIA
1051 661 1340 726 blatotttllca.
1741 663 1782 726 95

382 814 476 896 runt,
507 811 700 876 transcursu
720 801 863 876 materia
881 801 926 876 de
945 799 1120 897 premissis
1140 821 1184 871 ne
1205 799 1331 892 longus
1350 817 1462 871 sermo
1481 795 1652 872 desideria
1669 808 1783 874 vestra

383 927 446 1002 diu
460 935 574 1000 toneat
590 924 632 998 in'
645 945 829 1021 suspenso,
855 945 920 998 vos
936 925 1098 998 volumus
1121 923 1258 1020 plenius
1282 921 1428 996 reddere
1450 922 1622 996 certiores.
1644 924 1783 998 Noverit

381 1051 499 1146 itaque
511 1049 649 1126 devotio
665 1058 777 1123 restra
791 1049 887 1143 quod
897 1071 962 1122 nos
983 1071 1119 1144 semper
1136 1071 1233 1144 spem
1252 1045 1385 1120 firmam
1400 1047 1565 1120 babentes
1584 1047 1621 1120 iu
1640 1049 1712 1120 Deo
1728 1047 1784 1120 lir-

382 1172 736 1270 mitorqoecredentes
746 1171 1213 1268 quodJesnsChristuslilins
1224 1173 1312 1264 ejus,
1329 1191 1391 1266 pro
1400 1171 1649 1264 cujnsscrvitio
1659 1192 1783 1266 corpus

381 1307 416 1370 et
432 1297 582 1370 animam
607 1295 834 1392 exposuimus
855 1296 906 1368 sio
925 1295 1067 1386 devote,
1091 1315 1155 1368 nos
1172 1315 1241 1367 nou
1267 1293 1474 1387 relinqueret
1496 1293 1533 1366 in
1552 1302 1621 1368 tam
1644 1295 1783 1368 remotis

380 1421 580 1516 regionibus
594 1429 629 1494 et
643 1419 770 1515 ignotis
786 1419 872 1514 quin
890 1420 1010 1494 saltem
1024 1419 1071 1494 ad
1085 1419 1250 1492 honorem
1267 1425 1303 1492 et
1316 1417 1458 1513 gloriam
1480 1438 1579 1491 snam
1601 1417 1781 1490 consilium

381 1552 415 1616 ot
427 1543 598 1618 auxilium
612 1543 762 1617 salutare
775 1543 875 1616 nobis
884 1543 1049 1616 tribueret
1057 1541 1092 1614 in
1104 1542 1269 1638 obsequio
1282 1562 1346 1616 sno
1357 1549 1488 1632 sancto,
1506 1540 1542 1612 in
1556 1543 1632 1634 ejus
1643 1540 1782 1618 nomine

381 1667 427 1740 ad
453 1667 563 1762 ipsius
586 1667 765 1740 servitium
784 1665 1027 1762 procedentes,
1051 1665 1173 1760 quinto
1198 1664 1334 1738 decimo
1356 1663 1414 1738 die
1434 1663 1562 1736 mensis
1583 1665 1780 1740 novembris

381 1790 539 1884 proximo
551 1789 702 1886 preteriti
723 1791 854 1886 ioppen
875 1789 1035 1864 venimus
1052 1797 1091 1860 nt
1104 1787 1381 1863 reedificaremus
1397 1795 1547 1860 castrum
1564 1787 1679 1883 ipsum
1695 1811 1781 1883 qua·

382 1913 476 1986 tinus
489 1914 597 1987 eundi
615 1915 650 1986 in
671 1914 844 1988 civitatem
866 1922 1018 1987 sanctam
1044 1913 1231 1986 Jerusalem
1258 1911 1388 1984 tardior
1402 1919 1533 2006 pateret
1548 1910 1664 1984 aditus
1680 1913 1780 1986 nobis

383 2045 418 2110 et
433 2037 600 2110 exercitui
613 2037 816 2128 christian03
834 2059 899 2110 uec
912 2046 1027 2110 tamen
1040 2035 1115 2108 sine
1129 2034 1349 2130 temptatione
1363 2031 1412 2132 (a)
1425 2035 1578 2107 maxima
1596 2056 1658 2130 per
1673 2036 1780 2108 conti-

382 2159 580 2233 nuationem
593 2159 728 2234 dierum
741 2169 818 2234 octo
829 2158 877 2256 (h)
886 2159 1007 2233 Christi
1018 2160 1190 2232 exercitus
1198 2159 1264 2230 luit
1272 2159 1333 2230 ibi.
1349 2157 1439 2244 Quia
1450 2179 1529 2230 cum
1539 2158 1779 2253 uuusquisque

383 2281 428 2356 de
449 2284 602 2356 exercitu
626 2284 817 2357 neccssaria
838 2284 952 2356 rictus
968 2305 1030 2380 pro
1046 2305 1084 2356 se
1103 2291 1138 2356 et
1154 2281 1358 2376 equitaturis
1385 2281 1460 2354 suis
1484 2281 1692 2356 sufficienter
1716 2304 1778 2378 pro

383 2405 506 2479 diebus
519 2407 676 2501 pluribus
688 2416 823 2502 portare
840 2429 902 2504 per
923 2415 1047 2480 terram
1065 2427 1144 2478 cum
1162 2405 1316 2480 semeriis
1335 2404 1566 2503 nequivisset,
1588 2414 1623 2478 et
1640 2415 1779 2502 propter

381 2528 447 2602 hoc
460 2531 651 2626 specialiter
665 2537 782 2626 parata
797 2539 909 2602 essent
920 2530 1066 2604 vassella
1078 2528 1243 2601 nonnulla
1258 2528 1293 2600 in
1307 2537 1408 2623 portu
1427 2526 1542 2600 Accon
1561 2549 1630 2622 que
1643 2529 1777 2603 victua·

380 2653 466 2725 lium
485 2653 619 2748 copiam
635 2663 770 2748 portare
787 2653 972 2744 debebunt,
992 2660 1133 2749 repente
1150 2673 1192 2725 ao
1208 2651 1336 2724 sortiter
1356 2651 1493 2724 turbato
1508 2672 1587 2726 aere
1604 2661 1777 2748 ventoque

378 2775 480 2848 dante
490 2775 735 2870 gravissimeet
752 2776 1021 2848 tumescentibus
1033 2775 1136 2850 etiam
1147 2774 1391 2848 ultramodum
1403 2775 1573 2870 procellis,
1590 2797 1775 2850 succursus

376 2899 582 2972 vasallorum
603 2900 738 2972 illorum
757 2921 819 2994 per
839 2901 925 2972 alios
943 2900 1123 2972 continuos
1140 2899 1215 2972 Vlll
1234 2897 1309 2972 dies
1327 2896 1463 2971 athletis
1476 2897 1598 2970 Christi
1616 2908 1650 2971 et
1665 2899 1773 2974 chris-

377 3022 467 3094 tiane
480 3022 717 3095 defensoribus
732 3021 815 3096 fidei
830 3043 893 3118 pro
906 3023 1189 3118 peccatisnostris
1203 3022 1317 3096 extitit
1329 3021 1543 3096 interdictus.
1558 3021 1637 3094 Fuit
1655 3034 1771 3102 autent

376 3155 459 3218 tunc
480 3167 637 3218 murmur
659 3155 693 3218 el
711 3148 813 3218 timor
834 3146 1008 3219 maximus
1026 3145 1122 3241 apud
1145 3147 1271 3218 multos
1291 3167 1335 3218 ns
1352 3165 1456 3242 snper
1475 3145 1642 3242 populum
1665 3169 1768 3225 suum

374 3269 541 3342 Dominus
554 3269 693 3342 lorsitau
709 3269 907 3363 indignatus
920 3269 1036 3365 gladio
1051 3270 1126 3344 dire
1142 3271 1242 3344 lamis
1260 3271 1362 3346 vellet
1377 3269 1491 3365 ipsum
1501 3269 1639 3365 ponitus
1654 3271 1769 3348 delere

374 3389 533 3464 deterre.
549 3392 618 3465 Sed
633 3392 717 3487 quia
738 3415 873 3467 summa
895 3402 947 3467 est
968 3394 1018 3468 iro
1038 3395 1100 3468 Dei
1122 3395 1274 3468 misereri
1289 3395 1522 3490 potiusquam
1547 3394 1665 3486 irasci,
1684 3397 1769 3492 quia

371 3515 472 3586 etiam
497 3515 677 3588 ineffabilis
690 3517 868 3590 clementia
892 3519 967 3611 ejus
982 3519 1070 3591 ultra
1086 3539 1191 3613 quum
1213 3518 1382 3591 sustinere
1399 3524 1510 3613 potest
1526 3520 1682 3614 temptari
1703 3521 1766 3595 ho·

369 3637 495 3710 minem
511 3659 580 3710 non
593 3639 772 3734 permittit,
789 3641 989 3736 lacrymosis
1006 3651 1041 3714 et
1059 3641 1274 3738 supplicibus
1289 3649 1429 3736 rogatus
1446 3639 1606 3736 precibus
1623 3652 1658 3716 et
1672 3643 1768 3717 exci-

368 3767 458 3832 tatus
470 3761 677 3834 clamoribus
691 3763 795 3837 valde
804 3763 883 3859 piis,
900 3765 1064 3838 continuo
1078 3765 1261 3861 imperavit
1273 3764 1387 3838 ventis
1402 3773 1437 3837 et
1449 3764 1547 3856 mari,
1563 3775 1597 3838 et
1611 3766 1699 3840 lacta
1714 3776 1767 3841 cst

368 3885 591 3978 tranquillitas
612 3907 760 3980 magna,
789 3887 984 3961 dicentibus
1010 3889 1218 3962 unanimiter
1243 3897 1279 3962 et
1303 3887 1530 3962 clamantibus
1561 3887 1761 3962 universis:

367 4005 523 4091 «Qualis
548 4017 601 4082 est
624 4009 755 4104 hicqui
779 4011 892 4084 ventis
916 4021 951 4084 et
965 4013 1051 4086 mari
1074 4013 1220 4107 imperat
1237 4020 1272 4086 et
1293 4011 1360 4106 ipsi
1395 4009 1563 4084 obediunt
1585 4011 1618 4084 ai
1647 4008 1718 4108 (c)?
1743 4039 1761 4082 a

364 4128 546 4222 statimqne
564 4131 770 4204 vasellorum
790 4132 971 4206 innumera
998 4132 1184 4206 multitudo
1209 4153 1289 4204 cum
1308 4131 1438 4228 ingenti
1458 4131 1558 4226 copia
1580 4132 1761 4226 frumenti,

362 4251 475 4335 ordei,
491 4253 564 4325 riui
588 4263 623 4327 et
648 4255 917 4330 necessariorum
942 4258 1096 4330 omnium
1119 4257 1250 4351 Juppcn
1275 4255 1383 4328 venit.
1413 4256 1509 4326 Tunc
1526 4263 1642 4328 autem
1671 4265 1764 4330 totns

403 4449 443 4530 (a)
465 4453 838 4537 Haecctscqoutlumqne
847 4459 886 4522 ud
895 4454 1759 4538 munuumuote[apudrcpp0u]ueruntup.tlrrt.1uru.

403 4554 442 4634 (b)
463 4558 522 4636 Ap.
534 4560 713 4634 sudandorl,
729 4575 843 4644 reptem.

358 4765 391 4824 h
400 4661 600 4832 (affingi.
613 4668 682 4729 Luc.
697 4669 786 4746 vm,
803 4681 851 4734 25.
868 4703 907 4720 ·-
920 4672 987 4734 linc
1001 4688 1096 4750 urqm
1109 4673 1204 4750 pergit
1222 4667 1401 4749 Sodcndorl,
1420 4667 1624 4732 dedolantlbur
1639 4670 1761 4750 reliquls
