4710 6076
378 655 475 716 lunrcr.
494 651 534 737 1.]
823 649 1020 713 HISTORIA
1044 648 1338 713 llll'hollll'l'lcll.
1727 648 1785 711 361

378 788 486 863 tentia
499 787 593 862 idem
613 785 816 858 Wollelinus
830 806 912 858 cnm
927 807 991 860 sex
1006 787 1094 863 viris
1109 784 1280 873 discretis,
1298 782 1450 864 Gerardo
1468 785 1599 860 scilicet
1616 782 1785 876 detines,

378 916 590 986 Trutmennc
618 908 663 984 de
689 909 956 1002 Schweigusen,
982 910 1159 985 Erlswino
1182 908 1228 983 de
1248 908 1503 997 pfaffenhotsn,
1529 909 1726 982 Folchelino
1753 917 1789 980 et

379 1037 450 1112 lilio
469 1058 552 1130 suo,
569 1033 751 1129 lindegero
769 1034 941 1126 Vasnaoh,
956 1044 992 1107 et
1007 1055 1069 1129 per
1090 1033 1314 1130 privilegium
1333 1035 1457 1106 Sancte
1474 1031 1677 1108 Adelheidis
1694 1035 1791 1126 jura·

379 1172 496 1236 mento
515 1168 695 1235 attestante
712 1157 927 1253 sepedictum
949 1157 1146 1253 prediolum
1166 1156 1213 1231 ad
1235 1159 1447 1252 majestatem
1466 1157 1597 1252 regiam
1620 1156 1792 1252 pertinere

380 1283 630 1382 comprobarit.
647 1281 761 1355 Primo
778 1280 904 1376 placito
921 1280 1076 1352 interfuit
1088 1281 1167 1354 Utta
1183 1280 1358 1354 abbatissa
1376 1303 1457 1354 cum
1472 1280 1624 1375 generali
1641 1280 1792 1376 capitulo

381 1411 417 1482 in
443 1407 668 1483 decollatione
691 1404 856 1478 lobannis
878 1403 1028 1500 Baptista
1051 1414 1088 1478 et
1105 1405 1274 1501 plebanus
1298 1403 1343 1478 de
1365 1403 1595 1478 Cochenheim
1615 1426 1696 1476 oum
1718 1403 1793 1476 suis

381 1531 599 1630 parochianis
616 1551 765 1625 quorum
783 1528 923 1601 nomino
947 1529 1013 1603 hec
1030 1539 1113 1602 suut
1129 1555 1138 1600 ε
1157 1527 1352 1603 Fridericus
1374 1529 1555 1622 Schrodel,
1574 1529 1790 1620 Winmarus,

381 1657 560 1729 Dicmarus
576 1677 656 1728 cum
674 1653 813 1728 duobus
830 1651 911 1724 filiis
928 1653 1014 1744 suis,
1032 1653 1215 1728 Cunradus
1238 1674 1348 1726 senex
1368 1675 1449 1726 cum
1465 1652 1536 1728 filio
1553 1674 1636 1746 suo,
1657 1653 1795 1728 Wolte-

381 1780 473 1852 linus
495 1778 540 1852 de
566 1777 725 1850 Littbeim
749 1797 939 1870 omnesque
964 1775 1010 1849 de
1035 1777 1135 1850 llieth
1157 1799 1179 1849 a
1203 1777 1357 1850 maximo
1382 1799 1494 1872 usque
1516 1779 1562 1852 ad
1588 1779 1791 1872 minimum,

381 1903 551 1978 liudolfus
559 1901 801 1998 hospitalarius
810 1901 855 1975 de
862 1901 1114 1996 Stephensleld,
1125 1901 1305 1976 Cunradus
1316 1901 1436 1995 bleisa,
1449 1902 1631 1976 Cunradus
1641 1903 1795 1977 decanus

383 2027 428 2102 de
442 2029 550 2119 Seleu,
568 2025 703 2100 Uiritus
724 2025 879 2099 decanus
893 2025 939 2100 de
951 2027 1125 2119 Surbur03
1143 2025 1337 2100 secundum
1355 2026 1521 2122 placitum
1542 2027 1608 2099 fuit
1623 2027 1660 2098 in
1673 2027 1794 2122 vigilia

382 2151 511 2227 Mathai
530 2151 752 2246 Evangeliste
768 2150 827 2224 cui
842 2149 998 2223 interfuit
1019 2152 1170 2224 Wiricus
1185 2151 1344 2225 cellarius
1365 2149 1410 2224 de
1429 2151 1525 2224 Selsa
1547 2151 1660 2224 serens
1682 2147 1794 2246 privi-

384 2276 516 2372 legium
530 2277 656 2348 Saudo
672 2273 888 2365 hdelheidis,
910 2276 1010 2368 quus
1026 2285 1181 2350 tenorem
1194 2276 1364 2372 plebanus
1377 2275 1424 2349 de
1436 2274 1710 2370 Schweighusen
1727 2275 1794 2348 sub

383 2421 514 2495 quercu
533 2397 585 2496 (1)
607 2397 840 2473 Vechenheim
858 2399 993 2472 cunctis
1010 2399 1232 2474 audientibus
1255 2400 1423 2492 recitavit,
1440 2400 1477 2472 in
1496 2421 1568 2494 quo
1581 2400 1699 2474 omnia
1714 2400 1795 2492 jura

384 2524 514 2619 regalia
529 2523 804 2614 declarabantur,
818 2523 998 2618 assignans
1012 2522 1099 2597 fines
1112 2523 1225 2619 predii
1240 2523 1348 2597 nostri
1361 2523 1399 2595 in
1414 2522 1654 2596 Cochenheim.
1674 2524 1735 2596 llis
1748 2523 1798 2596 ita

383 2647 490 2739 gestis
512 2656 547 2720 et
569 2645 692 2742 predio
714 2647 760 2720 ab
785 2646 888 2720 illatis
919 2647 1055 2740 injuriis
1080 2647 1277 2740 enucleato,
1304 2647 1506 2720 Wollelinus
1529 2646 1575 2720 ad
1599 2648 1798 2722 memoriale

385 2771 529 2868 sculpsit
544 2791 696 2864 crucem,
713 2769 896 2844 Cunradus
910 2771 947 2843 iu
965 2771 1033 2844 alia
1049 2772 1185 2860 arbore,
1204 2771 1419 2844 Folchelinus
1440 2771 1631 2866 assignavit
1645 2771 1798 2868 lapidem

385 2897 422 2966 in
437 2895 497 2967 via
517 2893 656 2990 publica
672 2903 708 2967 et
725 2895 832 2966 alium
849 2895 1001 2991 lapidem
1018 2896 1054 2967 in
1073 2897 1163 2969 clivo
1185 2897 1242 2969 cui
1259 2895 1329 2970 due
1344 2917 1464 2968 cruces
1482 2905 1563 2968 sunt
1578 2897 1721 2969 intexte.
1742 2897 1798 2969 Li·

385 3039 510 3113 gneam
523 3040 605 3092 vero
618 3040 756 3092 crucem
770 3029 961 3114 posuerunt
975 3019 1011 3091 in
1020 3019 1286 3094 Cochenheimer
1295 3021 1411 3092 Brnnu
1418 3019 1463 3117 (1)
1476 3030 1512 3093 et
1529 3021 1579 3093 sic
1592 3022 1798 3096 authoritate

386 3152 503 3215 nostra
517 3142 611 3216 litem
630 3163 701 3237 que
719 3143 919 3216 vertebatur
945 3142 1033 3216 inter
1056 3144 1332 3218 sanctimoniales
1352 3152 1387 3216 et
1403 3144 1589 3217 Henricum
1611 3146 1798 3241 plebanum

387 3265 433 3338 de
459 3265 687 3340 Cochenheim
715 3267 811 3340 nullo
840 3275 1008 3340 renuente
1033 3265 1283 3341 discusserunt.
1308 3269 1425 3341 Testes
1450 3267 1555 3360 hujus
1578 3268 1629 3341 rei
1652 3278 1733 3341 sunt
1761 3269 1799 3340 hi

387 3389 564 3464 Conradus
588 3391 819 3481 monetarius,
847 3389 1057 3464 Gottefridus
1079 3413 1187 3485 gener
1206 3391 1333 3488 ipsius,
1357 3391 1535 3466 Conradus
1557 3391 1796 3486 Risenberger,

387 3513 573 3586 Werncrus
590 3537 719 3607 senex,
735 3513 928 3608 Volquiuus
947 3515 1069 3588 Sumer
1087 3515 1133 3589 (16
1150 3516 1378 3607 Bettenstorff,
1399 3517 1478 3588 Otto
1493 3515 1537 3588 de
1551 3515 1800 3589 Rottershoven

388 3645 423 3710 et
437 3637 540 3710 frater
557 3639 634 3730 eJus
650 3637 844 3712 Fridericus
863 3637 910 3711 de
927 3639 1146 3730 Suffenum,
1169 3639 1342 3712 Walterus
1364 3639 1563 3712 scolasticus
1582 3639 1629 3713 de
1649 3640 1744 3713 Selsa
1765 3651 1802 3712 et

388 3759 481 3854 prior
495 3760 541 3835 de
555 3763 653 3836 Novo
668 3761 797 3836 Castro.
814 3762 859 3836 Ut
875 3777 992 3837 autem
1010 3764 1075 3838 hec
1090 3763 1292 3860 compositio
1314 3772 1389 3838 rata
1411 3774 1611 3860 permaneat
1627 3774 1662 3839 et
1681 3766 1800 3839 incon·

388 3883 509 3970 vulsa,
533 3907 675 3980 presens
699 3885 830 3960 exinde
851 3889 1074 3984 privilegium
1099 3889 1269 3962 conscribi
1292 3897 1327 3962 et
1346 3888 1461 3984 sigillo
1490 3897 1606 3964 nostro
1632 3890 1801 3982 jussimus

388 4027 609 4080 commumrl.

439 4131 545 4224 Cujus
565 4133 615 4204 rei
636 4141 739 4208 testes
756 4144 839 4207 sunt
857 4137 1072 4232 Berengerns
1092 4136 1264 4232 Spirensis
1281 4137 1481 4232 episeopus,
1505 4137 1602 4210 Cuno
1623 4138 1732 4212 abbas
1754 4139 1801 4214 de

390 4253 615 4351 Wizenhnrg,
635 4256 816 4331 cunradus
830 4261 1023 4356 prepositus
1043 4261 1089 4335 de
1107 4262 1237 4354 Tauno,
1254 4259 1436 4334 Cunrodus
1456 4261 1622 4358 pinooma
1642 4261 1688 4337 de
1700 4263 1799 4336 Win-

426 4668 461 4742 11)
477 4669 682 4729 lineamento
701 4685 766 4730 aero
782 4671 835 4731 sub
854 4673 915 4733 altis
933 4675 1075 4736 arboribus
1093 4675 1247 4751 frequenter
1258 4675 1352 4735 baberi
1364 4675 1457 4748 sohte,
1473 4683 1532 4736 tum
1543 4677 1573 4734 in
1584 4675 1728 4736 1161616616
1741 4683 1800 4737 tum

392 4765 419 4819 in
433 4763 516 4822 Gallia
528 4771 558 4823 et
569 4765 657 4840 ltalia,
671 4783 740 4842 optus
750 4769 815 4843 qud
828 4769 900 4829 dicto
914 4771 978 4830 esti

491 4867 547 4929 Ill.
1602 4883 1640 4936 to
