4642 6106
590 627 651 690 Μ
1090 625 1304 690 salutemet
1330 628 1504 692 saeuum
1811 633 1894 712 [hu.
1915 635 1999 700 lm

590 783 660 856 que
672 759 775 832 saluti
791 769 826 832 et
838 759 929 832 lame
947 767 1007 832 tue
1025 781 1175 854 quarum
1192 783 1230 834 se
1246 763 1409 837 simulant
1422 764 1602 838 dilectores
1616 763 1761 840 insidias
1779 768 2004 864 puuimciter

591 885 831 958 machinantur
854 893 894 956 ut
920 883 1135 958 clementiam
1155 895 1311 982 vertens,
1329 887 1425 984 quod
1442 887 1549 980 absit,
1568 887 1604 960 in
1620 888 2004 980 iram-misericordem

591 1030 774 1106 exasperes
796 1007 1057 1104 Redemptorem
1078 1010 1139 1104 qui
1155 1010 1435 1087 misericordibus
1456 1011 1727 1086 misericordiam
1746 1014 1952 1112 impertitur,
1969 1026 2005 1092 et

591 1143 757 1208 contrata
780 1133 959 1206 hominum
973 1155 1033 1207 ora
1051 1135 1212 1208 laxentur
1228 1137 1515 1210 murmurantium
1536 1145 1571 1208 et
1584 1137 1805 1210 clamantium
1823 1139 1919 1234 qnod
1932 1147 2001 1214 tarn

590 1259 723 1334 celebre
737 1259 862 1331 testum
872 1257 980 1354 pacis,
997 1267 1048 1330 tot
1060 1259 1152 1332 votis
1163 1259 1343 1334 hominnm
1356 1261 1563 1358 expetitum,
1579 1269 1649 1333 tam
1659 1261 1775 1334 eitoin
1786 1263 2003 1338 luctnmver·

590 1385 671 1456 titur
683 1391 718 1457 et
732 1383 935 1471 lamentum,
956 1381 1073 1454 multis
1100 1383 1390 1457 tumultuantibus
1403 1393 1439 1456 et
1454 1383 1651 1458 dicentibus
1667 1411 1675 1455 ι
1693 1385 1820 1460 Eecine
1839 1385 1910 1460 duo
1924 1409 2003 1462 ma-

589 1531 659 1604 gna
674 1506 858 1580 luminaria
877 1515 1114 1580 convenerunt
1128 1516 1166 1578 ιιι
1182 1508 1307 1580 multos
1330 1509 1478 1582 tenebris
1491 1508 1620 1582 doloris
1641 1505 1910 1584 involverent'et
1924 1512 2015 1586 hor-'

590 1631 697 1722 roris,
723 1631 839 1724 etqui
864 1629 1062 1702 hominibus
1085 1639 1226 1726 presunt
1247 1641 1286 1702 ut
1313 1632 1460 1728 prosint,
1486 1633 1522 1704 in
1545 1633 1763 1708 tribulatione
1785 1635 2005 1709 consentiunt

589 1755 819 1828 subditorum.
842 1754 957 1839 Quare
976 1753 1093 1827 dolore
1112 1754 1329 1828 confodimur
1347 1755 1383 1828 in
1406 1756 1540 1830 ooeulto
1562 1766 1598 1831 et
1612 1757 1738 1832 rubore
1757 1759 2004 1834 contundimur

589 1882 626 1954 in
643 1887 762 1976 aperto
776 1878 844 1950 nisi
863 1877 1026 1952 decidant
1043 1901 1064 1952 a
1089 1879 1354 1974 cogitationibus
1370 1879 1444 1952 suis
1460 1881 1681 1954 consiliorum
1706 1881 1898 1956 salubrium
1924 1905 2002 1980 per·

588 2025 758 2091 versores,
776 2011 810 2075 te
829 2002 904 2074 illos
919 2001 1111 2074 secundnm
1132 2003 1346 2098 impietatum
1367 2003 1519 2100 ipsorum
1535 2005 1792 2079 multitudinem
1806 2007 2002 2104 expellente

590 2150 635 2201 ne
646 2127 806 2200 sedemm
818 2147 898 2198 cum
917 2124 1028 2198 divite
1042 2125 1078 2196 in
1093 2126 1229 2198 insidiis
1241 2127 1277 2198 in
1294 2129 1429 2200 occulto
1445 2128 1623 2202 destruant
1635 2129 1851 2220 innocentes3
1863 2131 1926 2204 sed
1942 2130 2002 2205 de-

591 2252 794 2326 tractoribus
807 2251 904 2323 velut
917 2250 1069 2322 nubibus
1085 2251 1246 2344 aquilone
1260 2251 1404 2347 iugatis,
1428 2253 1608 2326 clementie
1629 2253 1817 2350 imperialis
1837 2255 2003 2328 serenitas

590 2377 723 2451 cunctis
740 2377 865 2449 clareat
886 2374 1058 2447 luminosa
1078 2374 1114 2446 in
1131 2397 1201 2470 qua
1216 2377 1361 2448 velutin
1377 2375 1772 2474 diepostopacenoctis
1790 2377 1948 2452 tenebras
1966 2389 2003 2451 et

591 2501 721 2576 horridi
733 2501 878 2596 fragoris
891 2500 1081 2594 angustias,
1099 2499 1256 2572 homines
1267 2500 1397 2572 intimis
1407 2500 1587 2573 affectibus
1598 2501 1823 2575 delectentur.
1833 2501 1884 2574 Ne
1898 2501 2003 2596 igitur

591 2628 772 2720 utriusque
804 2632 958 2698 nostrum
988 2645 1114 2696 nomen
1144 2625 1289 2698 ulterius
1317 2623 1590 2722 blasphemetur,
1620 2625 1831 2722 imperialem
1855 2627 2003 2699 eelsitu-

591 2753 708 2826 dinem
727 2771 901 2844 rogamus,
919 2769 1100 2821 monemus
1115 2757 1151 2820 et
1172 2747 1349 2822 hortamur
1366 2749 1402 2820 in
1420 2749 1567 2822 Domino
1589 2750 1789 2842 adjmantes
1807 2771 1869 2846 per
1888 2751 2003 2823 Domi·

591 2898 674 2947 num
688 2875 804 2946 lesum
818 2871 989 2946 Christum
1004 2873 1063 2966 qui
1079 2872 1206 2968 prefert
1217 2871 1487 2946 misericordiam
1501 2871 1723 2962 holocaustis,
1737 2881 1910 2968 qnatenus
1921 2897 2003 2970 prn-

590 3001 712 3074 denter
728 2997 908 3071 attendens
927 2995 1024 3091 quod
1046 2995 1166 3068 melior
1183 3005 1235 3067 est
1247 2995 1383 3092 patiens
1396 2995 1473 3068 viro
1489 2996 1565 3068 lorti
1581 3005 1616 3068 et
1632 3017 1695 3092 per
1714 2997 1915 3093 patientiam
1934 2997 2001 3068 viri

591 3123 746 3197 doctrina
758 3120 989 3215 cognoscitur,
1005 3117 1238 3191 misericordia
1254 3119 1311 3191 eui
1326 3127 1439 3192 cetere
1457 3119 1603 3192 virtutes
1615 3119 1790 3193 humiliter
1802 3119 2001 3214 obsequun-

591 3259 663 3339 tur,
686 3257 719 3319 te
736 3245 913 3342 permittas
940 3243 1122 3316 salubriter
1138 3243 1311 3338 superari,
1327 3264 1405 3316 curn
1422 3264 1601 3339 nunquam
1619 3243 1704 3316 alias
1729 3243 1863 3318 lelicins
1885 3243 2002 3318 valeas

590 3371 815 3468 triumphare,
833 3367 1079 3462 dimittensque
1095 3367 1308 3441 debitoribus
1320 3367 1390 3440 tuis
1402 3389 1449 3440 ex
1464 3365 1568 3440 eorde
1581 3367 1679 3440 illum
1690 3367 1748 3439 cui
1760 3367 1877 3442 omnia
1897 3367 2004 3442 debes

591 3496 654 3567 tibi
673 3495 860 3568 constituas
880 3491 1001 3565 merito
1019 3491 1208 3565 debitorem
1228 3501 1263 3565 et
1281 3499 1351 3564 um
1371 3501 1487 3565 nostro
1507 3512 1613 3586 qnam
1632 3500 1692 3563 tuo
1710 3490 1835 3585 pudori
1857 3491 2005 3588 provide

591 3620 775 3692 consulens
797 3639 860 3690 nos
880 3615 943 3688 tibi
965 3589 1092 3690 reddas
1107 3636 1154 3688 ex
1175 3615 1242 3688 hoc
1261 3615 1455 3711 specialiter
1468 3613 1648 3710 obligatos.
1662 3614 1730 3701 Qui
1749 3615 1779 3688 si
1793 3637 1893 3688 secus
1907 3615 2004 3710 quod

591 3753 723 3818 avertat
729 3742 896 3815 Dominus
906 3761 1039 3834 ageres,
1052 3761 1122 3814 non
1131 3759 1310 3834 possemus
1322 3759 1385 3812 nos
1395 3759 1464 3812 non
1479 3748 1639 3834 reputare
1651 3739 1827 3830 contusos,
1839 3738 2002 3832 quianon

593 3870 750 3942 deessent
757 3864 924 3960 quinohis
932 3862 1094 3938 fiduciam
1101 3883 1206 3957 quam
1214 3859 1997 3960 deteooncepimnsmordaciterexprobrarent.

640 3995 764 4065 Datum
778 3989 948 4086 Anagnia,
966 3986 1083 4060 idibus
1101 3985 1264 4074 octobris,
1278 3983 1498 4082 pontificatus
1513 3985 1620 4060 nostri
1634 4005 1726 4058 anno
1741 3995 1876 4079 quarto.

821 4241 1024 4256 ,αι-«ιυ-
1033 4239 1760 4255 ··-—-——-—-—-—-—-——-.-,—.

554 4565 560 4578 ⁸
592 4597 737 4682 civibus
759 4591 937 4677 Lanciani
961 4599 999 4673 et
1022 4589 1188 4673 Ortonae
1205 4595 1243 4668 et
1261 4583 1441 4669 omnibus
1459 4585 1526 4694 qui
1547 4583 1691 4667 eisdem
1708 4593 1840 4668 conus
1858 4608 1899 4666 se
1922 4582 2004 4664 ad-

592 4735 809 4816 haeserunt.
