4602 6084
301 645 398 708 lauret.
418 643 458 720 1.]
752 637 948 702 HISTORIA
974 636 1264 700 olrnottnvlce.
1664 635 1703 696 ll

302 778 441 873 effugati
466 774 630 852 anostris
648 772 809 847 fidelibus
832 773 869 846 in
885 774 1048 866 laqueum
1066 772 1264 846 inciderunt
1285 792 1389 865 quem
1408 769 1605 844 tendebant.
1630 771 1705 856 Quo

302 903 417 978 omnia
439 899 637 996 supradicta
653 897 812 992 cupimus
835 898 882 971 ad
899 896 1129 970 universalem
1149 895 1309 968 noticiam
1333 894 1529 989 pervenire,
1558 894 1593 964 in
1615 895 1705 966 veri-

304 1034 372 1098 tate
397 1047 484 1120 pura
502 1025 604 1097 talem
624 1021 730 1094 fuisse
751 1021 801 1096 rei
822 1020 945 1094 seriem
964 1029 1000 1094 et
1019 1041 1233 1116 processum,
1259 1028 1293 1090 et
1311 1039 1375 1090 nos
1392 1017 1529 1112 penitus
1550 1017 1705 1112 inculpa·

303 1149 390 1222 biles
405 1169 520 1222 coram
533 1148 607 1220 celo
621 1154 655 1220 et
670 1145 754 1220 orbe
769 1155 934 1218 terrarum
959 1143 1177 1218 ineffabiliter
1196 1150 1421 1238 protestantes
1446 1151 1485 1212 ut
1506 1142 1658 1214 universi
1674 1151 1710 1214 et

304 1270 432 1364 singuli
459 1270 610 1342 seriatim
639 1267 774 1363 plenius
796 1267 1010 1362 cognoscatis
1036 1267 1251 1340 manifestam
1278 1265 1438 1358 injuriam
1462 1274 1497 1338 et
1521 1287 1707 1358 gravamen

304 1413 372 1486 que
386 1414 449 1487 pro
462 1401 512 1466 tot
525 1391 689 1488 predictis
706 1391 881 1486 obsequiis
894 1399 930 1462 et
945 1393 1108 1486 expensis
1121 1391 1166 1463 ab
1185 1390 1252 1462 illis
1265 1390 1414 1485 perferre
1430 1389 1708 1483 conquerimura

305 1515 432 1608 quibus
447 1538 512 1590 nos
525 1524 560 1588 et
573 1515 757 1588 universus
772 1513 866 1588 orbis
880 1522 995 1608 optatu
1009 1535 1071 1609 pro
1091 1511 1247 1587 crucifixi
1262 1513 1400 1606 negotio
1416 1512 1578 1606 suffragia
1591 1533 1708 1608 spera·

306 1638 440 1710 bamus.
459 1640 529 1712 Nos
541 1639 646 1732 igitur
656 1646 973 1732 quantumcumque
988 1637 1130 1710 intentio
1139 1637 1336 1708 laoessentis
1350 1636 1493 1708 ecclesie
1502 1635 1707 1723 excandeat,

306 1761 388 1854 qnia
400 1783 522 1855 puram
537 1761 703 1834 habentes
717 1759 960 1834 conscientiam
978 1762 1024 1835 de
1033 1761 1176 1856 judiciis
1186 1760 1248 1832 Dei
1261 1758 1470 1832 confidimus
1481 1759 1710 1854 potiusquam

307 1883 479 1977 timemus,
494 1884 621 1978 injuste
637 1883 924 1958 maledicentibus
938 1883 1106 1980 scriptura
1124 1885 1310 1958 clamante:
1327 1882 1533 1956 Benedicam
1548 1882 1710 1955 maledic·

308 2007 458 2080 tionibus
476 2009 619 2100 vestris,
646 2009 692 2080 ab
709 2009 844 2104 incepto
864 2009 986 2082 Christi
1002 2009 1143 2082 servitio
1156 2008 1352 2080 nullatenus
1367 2005 1589 2098 desistemus,
1615 2006 1710 2100 quod

308 2151 376 2202 non
389 2151 448 2204 ore
462 2141 596 2204 tantum
612 2131 675 2204 sed
700 2143 736 2203 et
755 2151 859 2226 opere
874 2131 1017 2204 sinceris
1030 2131 1208 2204 affectibus
1227 2139 1263 2204 et
1281 2130 1449 2224 imperiali
1464 2129 1643 2202 conamine
1664 2129 1710 2202 ed
1794 2179 1796 2185 -

309 2253 412 2326 finem
426 2265 582 2348 gratum,
603 2255 678 2350 ipso
695 2263 835 2328 auctore
851 2254 912 2348 qui
932 2254 1138 2350 principium
1152 2263 1249 2326 estet
1267 2253 1363 2340 linis,
1384 2252 1574 2349 perducere
1590 2245 1716 2350 peropss

311 2388 440 2467 tamus,
457 2378 524 2448 nisi
541 2377 680 2472 gravior
696 2375 805 2472 (quod
818 2376 921 2471 absit)
934 2378 1074 2450 suborta
1090 2377 1331 2450 dissentiones
1347 2376 1474 2448 invitos
1490 2385 1525 2448 et
1542 2386 1711 2450 coactosu

311 2509 379 2570 tam
404 2511 522 2572 sancto
547 2501 669 2572 itinere
695 2511 882 2574 revocaret.
901 2502 1086 2595 Speremus
1103 2500 1195 2574 enim
1214 2500 1310 2594 quod
1328 2522 1391 2595 pro
1409 2499 1552 2596 pleniori
1567 2501 1658 2572 bono
1678 2510 1713 2574 et

310 2623 429 2714 majori
443 2623 599 2698 subsidio
610 2633 698 2696 terre
706 2607 823 2696 sancte
837 2623 1002 2696 divinitas
1017 2623 1080 2696 iter
1089 2633 1242 2696 nostrum
1256 2647 1319 2696 sua
1333 2623 1552 2696 miseratione
1564 2623 1709 2707 distulit,

310 2746 391 2838 quia
408 2747 579 2842 principes
602 2756 637 2820 et
654 2747 711 2820 alii
726 2747 863 2843 providi
882 2747 949 2819 viri
968 2747 1103 2820 dudum
1118 2747 1299 2820 consultati
1313 2749 1386 2840 jam
1400 2746 1552 2820 viderint
1564 2745 1661 2841 qnod
1675 2747 1712 2818 in

310 2889 415 2939 manu
426 2867 579 2943 virorum
589 2880 660 2943 tam
670 2869 807 2943 modica
815 2892 885 2964 que
896 2869 1053 2943 transivit
1061 2871 1090 2942 si
1102 2893 1164 2942 nos
1174 2870 1348 2944 transiisse
1357 2869 1579 2962 contingeret,
1594 2877 1713 2964 treuge
1783 2881 1786 2888 ’

311 2990 447 3085 infringi
460 3015 528 3066 non
540 3003 691 3088 possent,
709 2991 773 3066 sed
784 3003 954 3088 oporteret
966 3015 1027 3065 nos
1039 2994 1085 3066 ad
1096 3003 1295 3090 perpetuam
1310 2993 1442 3088 imperii
1456 3001 1491 3063 et
1506 2992 1608 3064 totius
1621 2992 1710 3064 chri-

311 3113 411 3184 eliani
424 3116 571 3186 nominis
581 3116 740 3208 injuriam
750 3117 925 3212 prestolari
938 3115 984 3212 (a)
993 3115 1338 3188 subsidiumaliorum
1349 3170 1359 3207 ,
1371 3117 1563 3210 quinomsn
1575 3123 1609 3186 et
1619 3115 1711 3188 vires

310 3257 370 3329 pre
384 3235 503 3308 ceteris
520 3238 733 3334 principibus
746 3239 940 3310 obtinemus
958 3247 992 3310 et
1008 3239 1106 3331 cnjus
1124 3240 1215 3310 fama
1229 3247 1282 3310 est
1298 3238 1453 3310 barbaris
1469 3236 1515 3310 ad
1532 3247 1715 3332 terrorem„

309 3357 480 3452 Rogamus
505 3361 609 3452 igitur
631 3360 889 3435 universitatem
914 3371 1081 3454 vestram,
1105 3383 1284 3434 monemus
1305 3361 1465 3434 attentius
1483 3369 1517 3432 et
1537 3361 1712 3432 hortamur

311 3491 481 3574 quatenus
495 3483 540 3556 ad
554 3496 752 3581 susceptum
768 3485 890 3560 Christi
909 3487 1085 3580 negotium
1101 3498 1219 3558 votum
1233 3486 1391 3580 generale
1405 3505 1474 3557 non
1495 3494 1629 3578 tepeat,
1649 3483 1712 3556 sed

310 3625 380 3697 quo
404 3609 511 3700 major
527 3594 711 3682 necessitas
732 3610 887 3680 imminet
906 3629 948 3682 eo
971 3609 1159 3682 ferventius
1180 3609 1398 3698 exardescet,
1421 3616 1540 3680 ettam
1563 3607 1711 3678 crucesi-

311 3728 405 3818 gnati
426 3751 532 3822 quam
552 3731 653 3802 ceteri
669 3731 729 3824 qui
744 3733 816 3804 zelo
833 3731 1020 3804 movemini
1036 3730 1277 3804 transfretandi
1293 3752 1357 3802 vos
1377 3729 1511 3800 interim
1526 3730 1712 3824 preparetis

312 3859 474 3924 venturos
494 3861 645 3948 tempore
660 3853 865 3948 competenti
883 3863 923 3926 ut
938 3855 975 3926 in
990 3855 1173 3928 medietate
1194 3855 1304 3950 primo
1322 3852 1458 3926 venturi
1477 3851 1604 3924 mensis
1628 3852 1710 3924 maii

311 3993 390 4044 cum
408 3997 509 4048 manu
529 3979 657 4072 potenti
669 3978 1002 4052 etbrachioexoelso
1016 3981 1158 4054 feliciter
1179 3989 1412 4068 transeamus,
1431 3976 1531 4048 certis
1549 3976 1711 4048 omnibus

311 4107 345 4166 et
376 4097 610 4172 indubitanter
640 4101 827 4174 scientibus
860 4102 956 4196 quod
982 4104 1018 4174 in
1042 4101 1202 4198 passagio
1224 4111 1258 4173 et
1281 4102 1317 4172 in
1345 4101 1421 4172 aliis
1453 4097 1710 4194 providebimus

311 4217 494 4292 liberaliter
516 4223 719 4296 transituris.
746 4223 901 4298 Preterea
928 4225 1012 4320 quia
1035 4225 1124 4297 circa
1148 4223 1364 4296 medietatem
1386 4222 1545 4318 proxime
1567 4230 1712 4294 venture

311 4361 407 4414 sacre
434 4344 696 4439 quadragesime
721 4347 954 4442 disposuimus
978 4359 1058 4420 ante
1085 4347 1217 4420 felicem
1243 4346 1422 4419 transitum
1450 4355 1604 4417 nostrum
1632 4365 1711 4415 cum

311 4466 486 4562 plerisque
513 4469 724 4566 principibus
749 4471 883 4567 imperii
912 4481 1049 4545 etcum
1072 4471 1173 4544 vobis
1201 4471 1328 4543 habere
1352 4469 1559 4564 colloquium
1585 4467 1621 4538 in
1645 4467 1713 4539 lla-

353 4707 389 4788 (a)
410 4712 520 4774 Locum
534 4715 564 4774 ln
579 4714 651 4776 Ccd.
666 4721 695 4776 et
709 4732 754 4793 ap.
765 4717 898 4778 Murteae
911 4717 1049 4779 mutilum
1062 4733 1099 4778 er
1114 4718 1263 4778 Tornmasl
1274 4718 1465 4778 restitulrnus.
