4642 6106
332 667 429 726 lrnrcr.
444 657 487 744 4.]
780 653 978 724 distortis
1002 654 1294 752 DlPLOSlthCA.
1681 655 1740 718 26¹1

333 796 514 880 bitionem
532 812 710 900 guerram
723 796 892 891 moueat,
907 811 975 894 per
987 813 1105 895 quam
1120 791 1239 897 possit
1252 791 1388 872 Terrae
1407 788 1565 870 Sanctae
1579 785 1639 869 rel
1652 786 1742 869 uisi-

331 927 502 1011 tantibus
515 947 600 1006 eam
614 919 770 1030 aliquod
785 918 996 1027 periculum
1011 921 1190 1005 eminere.
1230 909 1235 919 ’

414 1157 513 1240 (Edld.
528 1156 679 1224 llormm,
690 1147 910 1212 uocantur.
927 1151 966 1222 11,
976 1151 1144 1213 document.
1159 1169 1189 1228 p.
1199 1161 1268 1228 atto,
1283 1161 1314 1213 ιιο
1326 1158 1355 1226 t,
1369 1168 1407 1212 ex
1417 1151 1535 1229 Begcst.
1551 1149 1674 1228 Gregor.
1685 1149 1740 1221 lx,

452 1279 523 1324 ann.
538 1261 592 1334 1v,
608 1261 693 1338 eptrt.
710 1253 790 1335 ιιι.)

383 1471 580 1566 Gregorius,
597 1480 680 1563 ete,
699 1468 862 1564 magistro
877 1467 1001 1540 domus
1017 1470 1147 1565 Templi
1160 1468 1469 1564 hierosolymitani.
1484 1470 1651 1564 Tempora
1661 1490 1740 1541 curn

336 1595 452 1668 causis
468 1596 515 1668 ita
533 1593 670 1690 sapiens
690 1592 907 1666 commetitur
920 1602 960 1664 ut
976 1615 1195 1688 nequaqnam
1219 1593 1367 1664 invicem
1389 1592 1456 1664 sibi
1477 1591 1662 1682 derogent,
1680 1591 1742 1666 scd

338 1719 451 1815 potius
470 1728 591 1790 mutuo
611 1719 855 1812 suffragentur,
878 1739 957 1788 cum
973 1717 1057 1788 alias
1074 1741 1094 1790 a
1111 1717 1308 1790 discrimine
1330 1739 1398 1788 non
1422 1725 1561 1789 vacaret
1581 1713 1665 1788 dum
1686 1737 1742 1786 res

334 1851 524 1938 exponeret
545 1851 703 1914 nontam
728 1839 912 1935 prudentie
930 1862 1035 1932 quam
1060 1841 1207 1912 fortune.
1229 1843 1318 1912 Sane
1338 1838 1535 1912 carissimus
1553 1837 1590 1908 in
1611 1835 1742 1908 Christo

337 1965 430 2038 filius
444 1973 558 2036 noster
568 1963 762 2036 Fridericus
775 1964 1005 2034 Romanorum
1022 1964 1205 2057 imperator
1221 1961 1361 2034 illustris
1375 1982 1510 2055 semper
1525 1969 1694 2053 augustus
1707 1971 1742 2030 et

337 2111 401 2160 rex
415 2087 529 2160 Sicilie
544 2109 684 2180 gravem
702 2087 749 2159 ad
763 2107 826 2157 nos
844 2085 1093 2180 querimoniam
1108 2086 1294 2159 destinavit
1314 2085 1408 2178 quod
1425 2094 1461 2155 tu
1479 2105 1549 2158 non
1562 2083 1741 2156 attendens

338 2212 434 2284 varia
459 2209 657 2283 discrimina
684 2231 753 2304 qne
777 2209 822 2282 de
856 2231 979 2302 guerra
1005 2209 1249 2282 inevitabiliter
1271 2208 1450 2280 imminent
1474 2209 1574 2280 Terre
1597 2209 1738 2295 Sancte,

338 2343 475 2427 treugas
492 2333 621 2406 violare
635 2330 815 2404 contendis
830 2343 948 2405 contra
963 2333 1107 2404 sormam
1123 2333 1218 2428 pacis
1232 2331 1262 2426 (l
1272 2331 1286 2428 )
1298 2341 1333 2404 ct
1346 2341 1464 2406 contra
1478 2330 1741 2426 prohibitionem

338 2457 443 2529 balivi
463 2457 531 2548 sui,
550 2455 822 2528 admovendam
842 2478 1001 2549 guerram
1019 2457 1064 2529 dc
1083 2479 1190 2550 regno
1212 2455 1507 2528 Hierosolimitano
1523 2455 1647 2526 milites
1667 2455 1743 2548 plu·

339 2581 406 2653 ries
425 2580 673 2671 abstrahendo,
695 2579 869 2651 nonnullis
884 2579 928 2651 de
950 2581 1117 2652 militibus
1136 2579 1326 2674 peregrinis
1339 2600 1427 2672 qnos
1445 2579 1519 2676 ipse
1533 2576 1683 2650 duxerat
1699 2578 1744 2649 ab

339 2704 497 2776 hostibus
527 2703 766 2775 miserabiliter
789 2703 981 2800 captivatis.
1009 2703 1109 2775 Unde
1131 2703 1205 2798 regi
1228 2705 1408 2776 Persarum
1435 2703 1472 2772 in
1500 2701 1743 2775 exterminium

340 2828 475 2900 illarum
494 2827 644 2922 partium
668 2827 862 2922 properanti
880 2827 939 2899 via
959 2827 1135 2900 videretur
1155 2828 1255 2900 latior
1275 2826 1466 2927 preparari,
1488 2835 1527 2897 ut
1542 2834 1746 2920 assequatur

340 2951 474 3023 facilius
495 2949 590 3044 quod
607 2949 764 3022 intendit.
781 2950 874 3022 Licet
896 2951 1062 3044 igiturex
1081 2973 1122 3023 eo
1143 2952 1237 3045 quod
1256 2950 1413 3022 inimicos
1426 2949 1549 3021 Christi
1570 2949 1746 3022 desideras

341 3074 512 3146 debellare
525 3075 573 3146 sis
589 3074 684 3170 apud
701 3075 812 3146 Deum
829 3085 863 3146 et
881 3075 1037 3147 homines
1055 3074 1176 3148 merito
1197 3073 1510 3162 commendandus,
1527 3073 1610 3168 quia
1631 3081 1744 3145 tamen

342 3199 407 3270 hoc
433 3197 594 3292 temporis
614 3197 763 3290 qualitas
790 3219 859 3269 non
882 3199 1039 3294 exposcit
1059 3199 1122 3271 sed
1148 3199 1262 3294 potius
1285 3197 1473 3286 interdicit,
1505 3195 1745 3268 discretionem

342 3331 435 3394 tuam
449 3343 628 3393 monemus
645 3331 679 3393 et
694 3322 870 3395 hortamur
884 3331 1011 3394 attente
1025 3345 1085 3418 pcr
1096 3323 1282 3418 apostolica
1297 3323 1360 3392 tibi
1375 3321 1502 3414 scripta
1516 3319 1746 3414 firmiter‘pre-

342 3443 501 3540 cipiendc
524 3443 727 3517 mandantes
749 3453 921 3539 quatenus
946 3445 1030 3516 nibil
1052 3468 1135 3540 agas
1156 3445 1296 3516 omnino
1318 3466 1379 3539 per
1400 3443 1495 3538 quod
1519 3441 1627 3537 possit
1648 3441 1746 3511 Terre

340 3569 463 3640 Sancte
480 3567 535 3639 vel
549 3567 769 3639 visitantibus
782 3590 859 3640 earn
877 3567 1020 3662 aliquod
1038 3569 1229 3664 periculum
1249 3568 1413 3658 eminere,
1431 3589 1510 3638 cum
1524 3565 1561 3638 id
1576 3564 1675 3637 facile
1692 3585 1746 3634 re·

343 3689 514 3762 dundaret
527 3689 562 3760 in
581 3691 816 3762 confusionem
832 3692 936 3763 totius
950 3691 1069 3786 populi
1086 3690 1276 3788 christiani.
1294 3689 1455 3784 Alioquin
1469 3689 1499 3759 si
1515 3697 1633 3760 contra
1649 3706 1746 3756 man·

342 3811 461 3884 datum
482 3822 635 3884 nostrum
654 3813 787 3906 aliquid
806 3813 1035 3910 attemptaris,
1054 3837 1123 3886 non
1142 3835 1321 3909 possemus
1335 3811 1563 3906 equanimiter
1577 3809 1747 3884 sustinere

342 3935 427 4030 quin
442 3957 624 4008 excessum
640 3945 740 4007 tuum
756 3937 1055 4010 animadversione
1070 3937 1187 4010 dehita
1203 3935 1417 4032 puniremus.

390 4059 513 4132 Datum
527 4059 698 4146 Laterani,
717 4059 761 4130 lV
776 4059 942 4134 kalendas
955 4061 1086 4152 martii,
1102 4059 1321 4156 pontificatus
1335 4058 1442 4131 nostri
1456 4079 1548 4130 anno
1561 4059 1619 4130 tv.

377 4365 412 4437 tt)
433 4367 551 4424 «Paccm
563 4381 645 4438 quam
657 4367 686 4424 in
698 4373 769 4426 terra
783 4368 957 4428 ammaim
970 4369 1034 4428 tecit
1052 4370 1197 4445 imperator
1208 4368 1311 4442 recepit
1323 4385 1356 4425 ex
1374 4373 1450 4442 parte
1462 4383 1548 4441 papae
1560 4366 1749 4442 hierosolymi·

345 4461 620 4534 -toouspatriarcha,
635 4469 664 4520 et
675 4463 789 4522 ccclesia
800 4465 891 4523 Sancti
904 4465 1043 4539 Sepulchri
1062 4467 1099 4524 ita
1120 4465 1170 4522 luit
1187 4465 1356 4524 reconciliata
1373 4465 1398 4522 ei
1417 4470 1446 4521 et
1461 4463 1608 4538 peregrinis
1628 4465 1684 4522 suis
1702 4466 1748 4538 qui

345 4577 357 4609 r
374 4564 515 4631 presentes
525 4557 642 4630 inerant,
658 4559 781 4636 [scilicet]
795 4561 977 4620 habechenus
990 4568 1017 4619 et
1030 4562 1215 4636 Aquilegansis
1225 4562 1393 4638 patriarchae
1410 4577 1472 4619 cum
1490 4562 1704 4635 quattuordecim,
1719 4570 1750 4619 ut

345 4672 358 4704 ι
376 4653 481 4808 Ἑάῐιιι,
497 4655 665 4729 episeopis.»
680 4655 783 4715 hersa
800 4658 890 4716 Taren
909 4675 1043 4732 rourum,
1063 4659 1393 4720 choruscationum
1410 4675 1454 4734 ap.
1468 4659 1614 4732 errrrrrr,
1632 4660 1746 4730 Acesta,

343 4757 365 4806 t.
413 4769 464 4826 ,p.
480 4753 543 4811 bid.
