4642 6106
424 668 523 734 lenter.
539 665 584 742 lt]
876 659 1074 720 HISTORIA
1100 657 1391 718 placentarios.
1781 655 1842 718 285

425 800 559 874 ordinis
577 795 744 870 institutis
756 815 818 890 per
830 815 901 888 que
915 793 1075 866 monachi
1094 793 1315 887 professionis
1331 792 1489 885 ejusdem
1508 813 1546 864 se
1562 800 1720 864 asserunt
1735 790 1780 863 de
1798 791 1840 862 iis

426 945 496 1018 qne
514 931 675 994 tenentur
688 941 758 992 non
774 918 900 992 debere
915 917 1095 990 servitium
1112 917 1278 990 exhibere
1292 915 1355 1010 (l).
1373 917 1564 990 Statuimus
1576 916 1718 1010 insuper
1729 925 1764 987 et
1778 917 1841 986 im-

429 1045 548 1142 periali
561 1044 675 1118 edicto
694 1043 835 1114 firmiter
849 1041 1060 1136 precipimus
1080 1051 1252 1134 quatenus
1269 1042 1363 1114 nnlla
1380 1041 1521 1114 omnino
1538 1061 1684 1136 persona
1701 1041 1768 1112 alta
1784 1041 1840 1112 vel

427 1169 585 1258 humilis,
603 1168 768 1240 secularis
785 1167 842 1240 vel
858 1165 1102 1248 ecclesiastica,
1121 1165 1364 1238 monasterinm
1383 1165 1498 1261 ipsum
1511 1173 1573 1238 ant
1588 1165 1664 1256 ejus
1681 1165 1840 1236 abbatem

428 1305 544 1367 contra
568 1301 761 1388 presentem
779 1289 1033 1364 concessionem
1052 1299 1087 1362 et
1107 1288 1400 1362 confirmationem
1419 1299 1570 1362 nostram
1591 1289 1769 1361 molestare
1785 1291 1840 1360 vel

428 1417 629 1513 perturbare
645 1423 831 1512 presumat.
850 1414 953 1500 Quod
970 1413 1031 1507 qui
1050 1435 1139 1486 ausu
1157 1414 1336 1486 temerario
1352 1413 1601 1509 presumpserit
1618 1413 1654 1484 in
1677 1413 1841 1486 ultionem

427 1563 491 1614 sue
504 1539 772 1636 presumptionis
789 1549 928 1612 centum
945 1538 1050 1611 libras
1066 1538 1141 1611 auri
1155 1539 1235 1633 puri
1249 1559 1312 1633 pro
1325 1559 1414 1634 pena
1429 1546 1631 1634 componat,
1654 1537 1842 1631 dequibus

428 1665 646 1738 medietatem
668 1683 802 1736 camere
824 1673 940 1734 nostre
955 1671 990 1735 et
1008 1663 1176 1756 reliquam
1194 1661 1412 1734 medietatem
1428 1663 1538 1736 solvet
1553 1660 1739 1758 sepedictis
1760 1683 1843 1734 rno-

429 1789 579 1860 nasterio
593 1797 627 1862 et
641 1787 785 1880 abbati(
806 1785 819 1882 )
825 1839 995 1858 ...........

476 1912 587 2004 Hujus
601 1911 650 1983 rei
669 1921 772 1984 testes
786 1921 868 1984 sunt
880 1910 1134 1983 venerabilis...
1153 1909 1431 2006 archiepiscopus
1446 1909 1629 2004 Capuanus
1644 1919 1723 1982 et...
1743 1907 1843 2003 epis-

429 2057 537 2131 copus
559 2034 779 2130 llelphiensis
809 2035 994 2107 familiares
1020 2035 1147 2122 nostri,
1174 2036 1277 2108 frater
1304 2037 1346 2106 Η.
1375 2034 1559 2128 Hospitalis
1588 2035 1712 2106 Sancte
1735 2033 1842 2105 blarie

429 2157 718 2233 Thentonicorum
742 2158 916 2252 magister,
941 2156 1129 2231 Riccardus
1150 2159 1365 2252 Hilangerins
1387 2159 1631 2243 marescalcus,
1655 2155 1842 2229 Hiccardus

429 2283 637 2358 camerarius
659 2304 794 2355 camere
816 2293 948 2375 nostre,
967 2292 1002 2355 et
1021 2283 1078 2356 alii
1093 2285 1328 2379 quamplures.

478 2409 623 2506 Signum
639 2407 770 2480 domini
785 2407 950 2480 Friderici
966 2407 1027 2480 Dei
1046 2407 1226 2480 clementia
1244 2407 1459 2480 invictissimi
1469 2405 1696 2501 imperatoris,
1709 2424 1844 2500 semper

428 2533 583 2627 augusti,
603 2531 817 2606 Hierusalem
833 2540 868 2604 et
886 2531 1001 2604 Sicilie
1016 2531 1121 2626 regis.
1139 2530 1430 2626 (Monoprcmmu.)

477 2655 1044 2751 Actasnnthecapudllelphiam,
1056 2677 1149 2729 anno
1161 2649 1841 2753 dominiceiucarnationisllCC[X]XXl,

399 2801 548 2854 mensa
573 2779 698 2872 madii,
728 2781 772 2852 tv
800 2779 1016 2867 indictionis,
1041 2782 1232 2876 imperante
1259 2780 1399 2854 domino
1429 2789 1545 2852 nostro
1575 2779 1749 2852 Friderieo
1781 2779 1841 2850 Dei

429 2907 539 3000 gratia
563 2905 788 2986 invictissimo
807 2906 1038 2978 Romanorum
1056 2906 1281 3000 imperatore,
1299 2927 1434 3002 semper
1453 2913 1613 2998 angusto,
1632 2903 1843 2975 Hierusalem

471 3108 510 3190 (a)
531 3110 620 3172 Deest
632 3113 663 3171 ln
676 3110 793 3172 dnobus
806 3109 951 3188 prlvllegil
964 3107 1043 3169 llnls.

1381 3343 1839 3356 -u—o-—n--uu--o--u

465 3509 500 3582 (t)
521 3509 552 3566 ln
565 3509 681 3582 capitulo
691 3515 780 3567 autern
793 3508 908 3582 generali
922 3508 1106 3568 cisterciensis
1117 3508 1202 3566 abbas
1214 3514 1242 3566 et
1255 3509 1405 3567 confratres
1420 3511 1478 3584 eius
1498 3509 1559 3566 huic
1575 3510 1736 3583 exemptioni
1748 3525 1846 3565 ranun·

430 3607 568 3663 cieverunt
581 3606 623 3664 his
635 3607 741 3663 verbis:
754 3627 767 3658 r
778 3607 880 3679 lnolpto
894 3613 922 3663 et
937 3605 1124 3679 triumphatori
1143 3606 1252 3663 domino
1263 3605 1398 3664 Fridoricc
1409 3608 1456 3664 liei
1468 3608 1553 3682 gratia
1563 3609 1740 3666 Romanorum
1752 3607 1845 3680 impe-

432 3721 446 3754 »
460 3703 542 3760 ratcri
557 3709 586 3760 et
596 3719 704 3777 semper
715 3711 836 3778 comisto,
854 3702 1020 3760 Hierusalem
1032 3709 1061 3760 et
1071 3703 1159 3762 Sicilie
1170 3705 1237 3778 regi,
1251 3704 1333 3762 frater
1345 3704 1380 3762 G.
1392 3705 1482 3762 dictus
1493 3705 1577 3762 abbas
1588 3704 1770 3763 cisterciensis
1783 3711 1845 3762 ct...

433 3819 446 3850 s
462 3799 496 3856 do
508 3798 692 3871 Firmitate,...
705 3801 739 3858 dc
752 3801 957 3871 Pontiniaco,...
970 3799 1005 3858 dc
1021 3799 1095 3858 Clara
1114 3800 1190 3860 Valle
1203 3806 1264 3858 et...
1278 3801 1312 3858 ds
1331 3801 1500 3860 llorimnndo
1517 3802 1581 3858 dicti
1599 3802 1711 3860 abbates
1730 3817 1763 3858 ac
1780 3817 1847 3859 ccu-

433 3901 568 3966 suenum,
586 3903 638 3953 etc.
653 3897 723 3965 Quia
745 3897 943 3970 ingratitudinis
965 3897 1060 3954 vitium
1081 3899 1169 3956 vitare
1188 3897 1313 3956 volumus
1326 3905 1354 3956 et
1368 3898 1498 3972 imperiali
1520 3898 1701 3956 munificentie
1715 3904 1847 3973 quantum

433 4015 446 4042 ι
462 4008 524 4048 curn
539 3993 594 4050 Deo
607 4009 751 4067 possumus
764 3995 889 4068 cupimus
902 3995 1080 4067 respondere,
1096 3995 1123 4052 in
1140 3995 1302 4053 monasterio
1320 3995 1410 4053 Sancti
1430 3995 1575 4052 Salvatoris
1588 3997 1622 4053 dc
1634 3997 1725 4053 Houta
1743 3995 1848 4054 amiato

433 4111 446 4142 s
460 4089 596 4163 qnondam
609 4089 802 4148 monachorum
816 4091 966 4164 nigrorum,
980 4109 1053 4150 nunc
1073 4100 1163 4150 autem
1177 4093 1211 4149 de
1224 4108 1293 4150 novo
1307 4093 1455 4151 mutatione
1472 4093 1581 4150 dextere
1601 4093 1718 4164 Excelsi,
1738 4100 1769 4149 ut
1783 4109 1847 4150 cre-

434 4209 446 4240 »
462 4189 569 4258 dimus,
584 4193 613 4245 at
625 4188 784 4246 auctoritate
798 4188 901 4246 domini
912 4203 982 4262 pape
994 4196 1023 4246 et
1037 4189 1108 4247 dono
1121 4197 1211 4248 vestm
1224 4190 1406 4248 concessionis
1420 4189 1564 4264 imperialis
1575 4189 1662 4248 ordini
1675 4189 1847 4248 warciensi

433 4309 446 4338 u
462 4288 488 4344 in
502 4287 639 4362 propriam
654 4286 774 4344 cistercii
789 4286 869 4344 liliam
882 4287 1052 4361 incorporato
1070 4293 1097 4344 et
1114 4288 1285 4362 pertinentiis
1298 4289 1355 4344 suis
1368 4303 1436 4362 quas
1448 4294 1542 4345 tenent
1557 4288 1592 4345 ab
1608 4289 1732 4364 imperio,
1746 4289 1806 4362 jura
1820 4295 1848 4345 at

433 4405 446 4436 s
461 4385 579 4442 rationes
597 4389 702 4442 vestras
722 4390 750 4441 et
764 4384 869 4458 imperii
890 4385 963 4442 omni
982 4391 1102 4460 ternpore
1120 4385 1244 4442 volomus
1263 4385 1371 4460 penitus
1387 4401 1449 4443 esse
1467 4386 1554 4456 salva,
1572 4393 1600 4442 et
1618 4385 1708 4444 abbati
1727 4387 1848 4460 ejusdem

433 4502 445 4534 s
462 4483 616 4542 monmtcrii
629 4497 662 4539 ac
670 4481 870 4540 summonitus
881 4481 1054 4540 concedimus
1064 4489 1146 4556 atquc
1158 4483 1328 4554 mandamus,
1336 4489 1401 4554 etc,
1410 4489 1441 4540 ut
1452 4483 1530 4541 vobis
1539 4483 1775 4543 atsucccmoribus
1788 4501 1848 4544 res·

397 4585 404 4593 “
432 4599 445 4630 n
463 4581 513 4638 tris
523 4579 730 4655 imperatoribus
742 4579 897 4638 fidelitatem
913 4579 1011 4638 faciam
1023 4579 1220 4651 uttserrittnm]
1231 4581 1386 4652 exhibeant,
1396 4581 1466 4638 sicut
1479 4581 1591 4640 abbates
1602 4582 1688 4656 ipsios
1697 4583 1849 4641 monmctii

434 4697 446 4728 ι
462 4676 550 4735 facere
562 4683 769 4750 mammarum,
784 4683 839 4735 etc.
848 4679 946 4734 Datum
957 4677 1030 4752 apud
1043 4677 1219 4750 cistercium,
1236 4686 1358 4753 ternpore
1371 4679 1481 4753 capituli
1495 4679 1642 4754 generalis,
1658 4695 1730 4739 annu
1742 4681 1848 4739 Domni

432 4793 446 4824 s
462 4775 489 4831 ll
500 4773 654 4833 ccxxxl.
669 4795 682 4828 ι
699 4777 750 4849 tp.
766 4777 948 4845 uounmrorr,
971 4773 1057 4847 Ibat,
1071 4791 1101 4849 p.
1113 4777 1175 4832 tel.
