4710 6076
373 669 475 732 lamo.
493 661 555 750 le]
825 659 1023 724 lllsloltllt
1049 659 1345 723 ulrtouarlca
1730 663 1790 728 335

374 821 444 875 non
470 798 681 893 ambigimus
700 797 730 871 si
746 795 823 872 loca
844 795 965 872 divino
981 795 1091 870 cultui
1110 797 1306 892 mancipata
1320 797 1559 871 curaverimus
1578 797 1744 895 ampliare
1760 811 1795 874 et

373 925 492 999 innato
517 923 619 998 nobis
643 921 782 1019 pietatis
798 921 956 996 subsidio
978 943 1195 1018 promovere.
1216 921 1289 994 Hac
1311 919 1418 1016 igitur
1434 921 1567 997 ratione
1589 923 1705 1010 ducti,
1729 945 1794 999 nos

373 1047 591 1124 attendentes
624 1048 753 1120 bonam
782 1045 1077 1120 conversationem
1107 1054 1143 1118 et
1169 1045 1340 1120 novellam
1375 1047 1621 1142 plantationem
1650 1049 1794 1122 ecclesie

374 1171 469 1248 dicte
486 1171 523 1245 in
538 1170 654 1263 Ursin,
672 1171 827 1245 volentes
840 1179 876 1244 et
890 1168 1128 1245 desiderantes
1139 1169 1250 1266 ipsam
1264 1191 1325 1265 per
1339 1171 1453 1264 largos
1465 1171 1624 1266 palmites
1635 1172 1791 1263 extendi,

374 1297 468 1371 bona
488 1305 523 1370 et
539 1295 774 1392 possessiones
793 1315 865 1389 qus
887 1293 979 1368 dicta
1004 1293 1149 1368 ecclesia
1173 1293 1210 1366 in
1234 1295 1384 1390 presenti
1407 1316 1468 1390 per
1489 1295 1708 1370 donationem
1732 1299 1795 1369 ali-

376 1421 479 1514 cujus
497 1419 666 1516 possidet,
686 1417 840 1492 maxime
863 1417 977 1492 eidem
998 1417 1143 1491 enclesis
1166 1437 1229 1514 per
1250 1418 1474 1493 bertholdum
1498 1419 1630 1494 dictum
1650 1420 1746 1494 Alleo
1762 1433 1796 1495 et

375 1545 497 1619 iratres
515 1544 672 1640 ejusdem
690 1543 727 1615 in
743 1541 1016 1618 Frankenhoven
1031 1562 1094 1639 per
1107 1563 1232 1615 manus
1246 1552 1379 1616 nostras
1392 1544 1496 1640 pleno
1506 1546 1586 1638 jure
1599 1546 1794 1637 collocatas,

376 1678 412 1744 et
435 1669 625 1766 quamdam
655 1668 788 1743 curiam
810 1667 847 1740 in
873 1665 1039 1742 Finichon
1065 1663 1115 1764 (a)
1140 1665 1186 1742 de
1210 1667 1407 1742 Hermanno
1432 1669 1478 1744 de
1502 1669 1710 1744 lllazensizer
1737 1693 1798 1767 per

376 1815 502 1868 manus
526 1793 585 1868 avi
607 1792 716 1867 nostri
742 1791 882 1865 ilenrici
907 1791 1124 1888 imperatoris
1143 1791 1278 1887 integro
1298 1793 1379 1886 jure
1401 1792 1565 1867 donatam
1589 1805 1625 1867 et
1645 1795 1795 1890 quedam

377 1919 471 1994 bona
492 1919 529 1991 in
552 1917 689 2014 Slinger
709 1913 759 2013 (t)
780 1916 826 1992 de
846 1917 1005 2013 Swigero
1018 1915 1064 1992 ds
1077 1914 1292 1992 blindelberc
1305 1927 1340 1992 et
1352 1917 1505 2013 quedam
1525 1917 1571 1992 de
1587 1919 1734 1992 Henrieo
1751 1919 1796 1993 de

377 2043 548 2138 langwat
564 2041 601 2114 in
619 2041 744 2116 eadem
762 2040 847 2115 villa
862 2061 925 2136 per
940 2061 1064 2113 manus
1085 2040 1192 2137 patris
1216 2041 1325 2114 nostri
1345 2041 1509 2115 Friderici
1532 2043 1671 2138 gloriosi
1688 2045 1797 2141 impe-

377 2164 501 2239 ratoris
517 2163 661 2257 nanu,
685 2165 741 2238 vel
764 2163 801 2236 in
821 2165 978 2236 laturum
996 2186 1060 2260 per
1082 2163 1303 2239 donationem
1323 2164 1480 2240 lidelinm
1501 2167 1794 2254 ministerialium,

378 2289 510 2364 civium
533 2311 575 2362 ao
596 2289 743 2363 aliorum
767 2287 949 2361 hominum
974 2297 1169 2361 nostrorum
1192 2311 1263 2385 que
1278 2288 1511 2384 jurisdictioni
1535 2301 1651 2365 nostre
1672 2294 1796 2386 majes-

378 2413 460 2487 tatis
477 2413 656 2508 subJacere
674 2412 840 2488 videntur
854 2412 913 2486 vel
934 2413 1091 2508 quolibet
1117 2413 1222 2487 modo
1240 2415 1364 2508 poterit
1388 2413 1554 2510 adipisci,
1574 2425 1647 2490 rata
1669 2415 1796 2490 habere

379 2539 542 2614 volumus
560 2561 603 2612 ao
625 2537 742 2630 lirrna,
762 2547 993 2636 proponentes
1011 2537 1153 2612 easdem
1171 2537 1375 2612 donationes
1396 2549 1431 2612 et
1451 2561 1615 2635 personas
1639 2541 1795 2633 ejusdem

374 2661 542 2755 jamdicta
563 2663 708 2738 ecclesie
732 2661 875 2736 sollicite
896 2663 964 2736 sub
991 2670 1107 2736 nostre
1124 2663 1346 2758 protectionis
1368 2663 1561 2738 munimine
1578 2687 1793 2739 conservare.

379 2788 527 2862 Proinde
549 2788 721 2884 estquod
753 2786 962 2862 authoritate
988 2785 1085 2878 regia
1103 2797 1139 2861 et
1162 2809 1225 2884 per
1249 2787 1395 2882 gratiam
1422 2797 1575 2864 nostram
1603 2787 1798 2864 firmissime

379 2912 604 3010 precipiendo
628 2914 836 2988 mandamus
857 2920 1030 3007 quatenos
1052 2912 1170 2984 nullus
1195 2933 1284 2986 ausu
1310 2909 1437 2986 ductus
1463 2913 1643 2986 tammario
1667 2935 1797 2988 memo·

379 3047 490 3114 ratam
502 3037 683 3118 ecclesiam
696 3039 752 3112 vel
768 3059 934 3134 personas
943 3037 980 3109 in
994 3036 1271 3134 possessionibus
1284 3058 1347 3110 seu
1360 3036 1605 3112 donationibus
1618 3039 1798 3114 molestare

379 3171 557 3258 presumat
574 3171 636 3263 aut
655 3162 818 3256 injuriam
837 3162 1002 3254 irrogare.
1021 3161 1124 3248 Quod
1140 3161 1203 3256 qui
1219 3169 1421 3258 attemptare
1435 3164 1705 3261 presumpserit,
1720 3186 1798 3258 gra·

380 3306 461 3362 vem
483 3287 756 3383 indignationem
775 3296 892 3360 nostre
909 3285 1124 3360 celsitudinis
1144 3293 1179 3360 et
1193 3284 1359 3358 offensam
1380 3307 1420 3358 se
1438 3285 1575 3360 noverit
1596 3286 1794 3361 incurrisse.

380 3406 437 3483 Ad
459 3408 566 3501 bajus
595 3408 714 3504 itaque
740 3407 1013 3495 ratihabitionis,
1046 3406 1315 3482 confirmationis
1357 3418 1392 3481 et
1432 3409 1653 3504 protectionis
1684 3421 1798 3482 nostre

382 3531 549 3624 maiorem
565 3542 601 3606 et
620 3532 873 3608 evidentiorem
896 3531 1139 3606 certitudinem
1156 3541 1350 3628 presentem
1369 3532 1533 3629 paginam
1557 3533 1727 3608 conscribi
1748 3535 1798 3607 le·

383 3654 496 3728 cimus
510 3657 613 3752 sigilli
629 3657 738 3730 nostri
750 3657 941 3753 patrocinio
956 3658 1216 3732 communitam.

431 3781 520 3854 Data
546 3780 642 3876 apud
666 3782 820 3874 Ulmam,
842 3797 937 3858 anno
961 3782 1134 3858 dominice
1157 3781 1403 3854 incarnationis
1427 3781 1659 3874 dccxxvii,
1686 3781 1799 3878 pridie

383 3925 495 3978 nonas
511 3903 608 3987 maii,
628 3904 817 3980 indictione
831 3906 907 3978 XV.

398 4087 403 4094 .
433 4029 550 4102 Testes
574 4027 679 4122 hujus
704 4028 900 4104 donationis
923 4050 986 4104 seu
1011 4027 1242 4104 concessionis
1263 4037 1344 4102 sunt
1362 4027 1400 4102 hi
1417 4028 1602 4125 subscripti
1622 4054 1631 4102 ε
1651 4029 1799 4104 Sitridus

384 4150 615 4246 augustensis
639 4151 845 4248 episcopus,
870 4152 1069 4228 Ludovicus
1092 4154 1170 4228 dux
1189 4154 1353 4243 bavarie,
1376 4151 1599 4226 Ebcrbmdus
1615 4153 1661 4228 de
1680 4155 1798 4230 Wald·

384 4276 496 4350 borcb
514 4275 703 4371 imperialis
722 4278 803 4352 aule
816 4277 965 4374 dapifer,
983 4277 1162 4354 Conradum
1178 4279 1223 4352 dc
1240 4277 1495 4351 Winterstottsn
1515 4277 1694 4372 pincerna,
1715 4281 1800 4352 liur-

385 4398 537 4475 cbardus
560 4399 606 4474 de
626 4400 896 4494 llocbsnbrucb,
915 4402 1119 4499 Swingerus
1141 4403 1187 4478 de
1209 4401 1461 4494 blindelbercb,
1486 4401 1664 4476 Conradus
1686 4404 1800 4478 senior

425 4683 476 4766 (a)
494 4685 532 4748 Iu
543 4685 626 4749 bulla
638 4684 771 4766 Gregorii
784 4685 1004 4751 commun
1015 4687 1126 4752 lbldcm
1139 4687 1232 4752 mata
1244 4687 1352 4769 legitur
1363 4684 1499 4750 sadra

428 4789 471 4873 (t)
491 4793 528 4856 ln
538 4793 621 4858 bulla
633 4793 766 4876 Gregorii
777 4789 927 4878 Scitam.
