4702 6110
382 675 480 738 lanam.
496 667 540 750 21
840 660 1035 725 llls'lottlll
1060 655 1352 720 alatomatlcrt.

439 1295 625 1378 Henricus
654 1293 919 1378 Romanorum
954 1317 1022 1374 rex
1054 1289 1318 1401 Herbipolensi
1354 1289 1532 1400 episcopo
1566 1285 1805 1398 ducibusque
1839 1309 2004 1419 §igme

387 1429 564 1513 Ausbiae
572 1427 799 1512 etllavariae
812 1424 1001 1536 corporali
1013 1424 1088 1508 lide
1101 1424 1282 1534 praestita
1293 1423 1482 1534 promittit
1490 1423 1596 1534 quod
1604 1447 1805 1532 nunquam

385 1559 488 1647 bona
507 1587 607 1673 quae
629 1559 680 1645 ab
701 1559 860 1645 eeclesia
873 1559 1124 1644 Laureaoensi
1145 1559 1315 1668 possidet
1337 1555 1537 1664 alienabit,
1552 1556 1804 1666 eamdemque

385 1696 686 1782 ecclesiamcum
701 1692 1053 1805 personisetnebus
1067 1691 1141 1776 sub
1156 1718 1228 1776 sua
1243 1690 1395 1802 speciali
1409 1691 1640 1801 protectione
1653 1689 1797 1800 recipit.

467 1934 570 2015 (Edld.
585 1935 715 2010 anonu,
729 1935 849 1996 murm.
863 1932 957 1998 ndo.
968 1941 1093 1998 mmet.
1111 1929 1283 2008 Wltrtcmb„
1298 1939 1322 1994 t.
1337 1933 1363 2008 1,
1378 1948 1410 2010 p.
1426 1936 1509 2008 tao.)

432 2149 602 2224 Hennous
617 2147 680 2224 Dei
693 2149 803 2246 gratia
814 2147 1053 2248 {Romanorum
1068 2169 1132 2222 rex
1143 2156 1179 2222 et
1189 2168 1324 2244 semper
1338 2155 1522 2242 augustus,
1542 2147 1716 2222 universis
1732 2148 1799 2222 im·

383 2274 471 2370 perii
497 2271 659 2349 fidelibus
682 2273 812 2372 quibus
836 2295 979 2372 presens
1002 2272 1170 2370 scriptum
1192 2272 1389 2348 exhibitum
1412 2273 1516 2348 luerit
1535 2273 1679 2370 gratiam
1699 2295 1800 2348 suam

382 2407 418 2473 et
434 2421 538 2474 omne
556 2400 702 2474 bonum.
726 2401 813 2474 Cum
836 2421 900 2474 nos
917 2401 993 2476 loca
1011 2399 1133 2474 divino
1157 2400 1266 2474 cultui
1284 2399 1480 2496 mancipata
1497 2420 1742 2496 promovemus
1758 2421 1801 2474 no

382 2519 603 2600 defendimus
618 2521 682 2626 [et]
698 2525 748 2600 eis
764 2525 909 2621 suisque
926 2546 971 2598 ne
986 2533 1176 2619 graventur
1194 2523 1348 2599 indebite
1362 2523 1421 2620 pia
1438 2523 1669 2598 sollicitudine
1683 2524 1800 2620 provi-

383 2647 520 2743 demus,
544 2650 760 2724 clementiam
779 2671 822 2725 ac
842 2648 1063 2747 prudentiam
1088 2671 1195 2744 quam
1215 2648 1307 2722 circa
1321 2647 1416 2722 vims
1437 2648 1617 2740 religiosos
1631 2669 1728 2722 more
1744 2647 1800 2722 di·

383 2793 509 2847 vorum
533 2775 791 2870 progenitorum
819 2785 1015 2850 nostrornm
1050 2774 1180 2848 habere
1207 2781 1365 2847 mnemon
1389 2771 1542 2870 apertius
1568 2771 1797 2848 declaramus.

383 2895 532 2972 Proinde
546 2899 707 2995 estquod
722 2897 769 2974 ad
782 2899 939 2974 notitiam
955 2899 1197 2974 universorum
1211 2899 1374 2995 cupimus
1388 2897 1571 2996 pervenire
1585 2919 1649 2972 nos
1665 2898 1801 2974 dilectis

383 3023 601 3120 principibus
617 3025 756 3118 nostris,
778 3023 942 3098 videlicet
959 3024 1150 3098 venerabili
1166 3023 1406 3120 Herbipolensi
1422 3024 1597 3120 episcopo,
1613 3023 1751 3097 Austris
1765 3034 1801 3098 et

383 3145 544 3221 Bawarie
570 3147 734 3240 ducibus,
753 3150 921 3246 corporali
947 3149 1018 3223 fide
1043 3148 1184 3245 prestita
1205 3147 1349 3222 firmiter
1373 3149 1571 3244 promisisse
1591 3147 1687 3244 quod
1711 3172 1801 3222 nan·

383 3291 490 3366 quam
513 3271 631 3368 aliqua
654 3273 838 3368 bonaque
861 3275 906 3348 ab
929 3273 1074 3348 ecclesia
1090 3273 1317 3348 Laureacensi
1336 3271 1389 3370 (l)
1411 3271 1631 3370 possidemus
1654 3295 1676 3347 a
1699 3273 1799 3348 nobis

385 3393 614 3470 alienabimus
635 3397 839 3493 obligando,
860 3395 1046 3472 vendendo
1066 3397 1124 3470 vel
1143 3395 1366 3471 inleodando.
1386 3397 1423 3469 Si
1448 3417 1533 3470 vero
1551 3397 1698 3490 alicujus
1716 3419 1800 3492 sug-

382 3517 537 3610 gestione
559 3520 727 3594 fuerimus
751 3522 979 3617 circumventi
1003 3521 1099 3618 quod
1117 3522 1234 3617 aliqua
1255 3521 1348 3594 bona
1367 3521 1535 3618 prelibata
1552 3521 1697 3594 ecclesie
1712 3541 1799 3615 qno-

382 3659 522 3737 cunqne
536 3641 643 3718 modo
665 3667 687 3719 a
704 3646 806 3719 nobis
823 3647 1070 3740 alienabimus,
1088 3646 1223 3719 nullum
1244 3645 1351 3718 robur
1369 3643 1497 3718 habere
1516 3644 1678 3718 volumus
1694 3642 1800 3717 firnd·

382 3765 475 3840 talis.
492 3765 651 3843 Preterea
667 3779 891 3845 memoratam
909 3770 1091 3846 ecclesiam
1106 3769 1143 3844 in
1160 3769 1316 3867 personis
1334 3778 1370 3843 et
1383 3768 1546 3843 omnibus
1565 3767 1667 3842 bonis
1686 3767 1800 3842 eidem

383 3887 527 3964 ecclesie
538 3889 762 3965 attinentibus
780 3893 848 3966 sub
871 3902 1023 3968 nosbam
1043 3901 1078 3968 et
1100 3893 1236 3992 imperii
1255 3893 1441 3990 specialem
1458 3891 1651 3988 recepimus
1669 3901 1801 3990 pmlec·

383 4011 525 4108 tionem,
557 4015 762 4090 mandantes
789 4027 825 4090 et
845 4017 942 4111 regia
967 4018 1172 4093 auctoritate
1203 4017 1357 4092 districte
1381 4017 1610 4116 precipientes
1638 4017 1802 4113 quatinus

383 4137 501 4211 nullus
512 4160 602 4213 ansn
619 4138 747 4214 ductus
763 4143 945 4217 temerario
957 4143 1156 4218 memoratis
1169 4143 1325 4239 personis
1347 4143 1384 4214 in
1403 4142 1505 4216 bonis
1519 4143 1673 4239 ipsomm
1696 4143 1802 4216 ullam

383 4271 560 4358 presumat
585 4263 748 4357 injuriam
772 4266 937 4361 irrogare.
963 4267 1066 4354 Quod
1089 4268 1151 4364 qui
1179 4267 1446 4364 attemptaverit,
1470 4289 1613 4362 manem
1636 4266 1802 4341 offensam

383 4395 498 4460 nostre
518 4388 735 4464 celsitudinis
748 4411 787 4464 se
802 4392 939 4464 noverit
953 4391 1187 4465 inomsumm.
1203 4391 1259 4466 Ad
1274 4394 1438 4487 majorem
1454 4393 1572 4486 itaque
1585 4391 1804 4464 securitatem

382 4520 576 4608 presentem
596 4514 760 4610 paginam
783 4515 1000 4590 celsitudinis
1018 4525 1134 4591 nostre
1153 4516 1269 4612 sigillo
1289 4537 1426 4592 necnon
1445 4515 1655 4591 venerabilis
1674 4514 1804 4588 Herbi-

1700 4691 1798 4706 ψ

419 4783 453 4858 ll)
470 4783 559 4844 torol
569 4784 598 4844 in
608 4785 721 4862 Suavis,
734 4786 842 4848 duobus
852 4787 937 4848 leucis
948 4788 1084 4849 Gmundia
1094 4789 1207 4849 mans.
