4602 6084
582 604 625 664 tt
1080 603 1291 664 ltlllultltlcl
1315 603 1487 664 sscttubl
1799 599 1876 685 [dns.
1895 602 1979 664 1227.

583 737 669 827 turi,
687 735 749 808 ubi
764 743 858 808 tanta
875 735 990 808 subito
1002 736 1127 810 invasit
1140 747 1326 830 utrumque
1340 737 1490 810 turbatio
1503 737 1599 831 quod
1611 744 1646 810 et
1661 755 1724 808 nos
1736 735 1772 806 in
1790 737 1982 830 graviorem

582 860 770 934 recidimus
790 859 980 933 recidivam
997 869 1031 932 et
1048 860 1141 934 idem
1167 861 1396 954 Lantgrnvius
1418 869 1495 954 post
1516 881 1692 932 accessum
1716 868 1870 932 nostrum
1887 861 1981 956 apud

581 985 796 1078 Hydruntum
813 983 1001 1075 demedio,
1018 984 1104 1078 proh
1122 983 1239 1058 dolor!
1259 995 1311 1056 cst
1324 983 1491 1057 sublatus.
1519 985 1558 1054 ln
1570 983 1670 1074 cujus
1682 982 1826 1056 decessu
1841 983 1981 1076 pravim

580 1109 697 1181 auimo
713 1107 918 1180 consternati
936 1107 1006 1202 pati
1021 1108 1176 1202 cepimus
1191 1108 1428 1198 vehementer,
1447 1116 1517 1180 tam
1532 1107 1704 1203 principes
1720 1129 1826 1200 quam
1840 1107 1927 1180 alias
1940 1108 1981 1178 il·

580 1234 703 1304 lustres
710 1252 874 1326 personas
883 1230 1100 1302 orientalium
1109 1231 1257 1324 partium
1268 1252 1338 1325 que
1345 1241 1519 1325 presentes
1532 1230 1712 1303 nobiscum
1723 1227 1867 1302 aderant
1877 1251 1980 1324 super

579 1365 696 1428 nostro
721 1353 1003 1427 transfretationis
1029 1354 1203 1448 proposito
1226 1355 1459 1444 consulentes,
1485 1354 1547 1448 qui
1569 1353 1645 1425 viso
1665 1361 1700 1424 et
1716 1351 1868 1446 inspecto
1890 1362 1979 1425 statu

578 1500 725 1574 persone
748 1487 862 1550 nostre
879 1487 914 1550 et
930 1477 1143 1570 quibuslibet
1161 1478 1432 1550 circumstanclis
1446 1477 1638 1572 indagatis,
1664 1477 1913 1550 consulendum
1935 1477 1979 1550 de

578 1603 722 1674 transitu
741 1623 811 1674 non
826 1601 1001 1674 viderunt.
1026 1600 1116 1685 Quia
1135 1600 1240 1694 igitur
1260 1601 1399 1674 sevities
1414 1610 1486 1674 erat
1503 1598 1647 1696 perdere
1662 1600 1887 1696 nosmetipsos
1901 1621 1978 1671 cum

578 1747 600 1798 a
619 1725 720 1796 nobis
740 1724 812 1796 vita
832 1725 996 1816 salusque
1018 1724 1204 1795 multorum
1225 1723 1373 1818 pendeat
1392 1725 1615 1820 populorum,
1642 1723 1748 1796 dilata
1765 1728 1817 1796 est
1836 1743 1979 1817 persone

579 1859 693 1920 nostre
718 1847 945 1920 transfretatio
965 1868 1027 1941 pro
1046 1847 1319 1919 convalescentia
1342 1847 1564 1934 resumenda,
1594 1845 1670 1938 scd,
1693 1847 1797 1919 dante
1813 1845 1974 1932 Domino,

578 1993 648 2042 non
672 1969 786 2042 ablata
807 1997 815 2040 :
842 1972 924 2064 quia
942 1971 1054 2042 lervor
1075 1971 1160 2042 tanti
1177 1971 1362 2066 propositi,
1383 1972 1493 2045 donec
1511 1993 1590 2066 spos
1613 1979 1666 2043 cst
1687 1971 1722 2042 iu
1740 1991 1898 2064 corpore,
1918 1989 1978 2064 per

577 2093 801 2188 dispendium
811 2093 927 2186 aliquo
936 2093 1040 2166 modo
1049 2115 1118 2164 non
1128 2094 1258 2166 valebit
1269 2095 1442 2188 extingui.
1455 2093 1694 2166 Commisimus
1703 2093 1845 2187 insuper
1854 2091 1977 2164 dilecto

577 2217 725 2312 principi
740 2225 775 2288 et
791 2216 1047 2308 consanguineo
1065 2227 1180 2288 nostro
1199 2216 1281 2290 duci
1304 2219 1349 2290 de
1370 2217 1554 2288 Limburch
1576 2215 1711 2288 interim
1731 2214 1907 2308 usquead
1930 2215 1978 2286 le·

574 2341 676 2410 licem
703 2338 881 2410 transitum
908 2349 1063 2410 nostrum
1085 2361 1203 2411 curum
1223 2341 1328 2412 totius
1347 2339 1521 2412 exercitus
1538 2339 1731 2428 christiani,
1759 2349 1793 2411 et
1810 2339 1977 2432 quinqua·

575 2463 669 2556 ginta
684 2463 881 2555 galeasque
898 2483 959 2556 pro
974 2462 1245 2536 transfretatione
1254 2473 1369 2536 nostra
1381 2472 1479 2536 erant
1487 2473 1616 2536 armate
1627 2463 1663 2534 in
1675 2471 1793 2558 portu,
1810 2463 1976 2556 assignari

498 2661 502 2667 ,
575 2585 789 2682 precepimus
820 2585 1009 2656 venerabili
1047 2585 1180 2680 patri...
1215 2587 1405 2682 patriarche
1436 2587 1781 2681 lerosolymitano,...
1816 2585 1977 2679 magistro

574 2709 698 2782 domus
725 2709 1009 2782 Theotoniccrum
1036 2719 1070 2780 et
1094 2709 1171 2780 aliis
1195 2709 1414 2802 magnatibus
1440 2709 1634 2782 transituris
1663 2707 1742 2804 (a),
1774 2707 1820 2782 de
1849 2709 1976 2802 quibus

575 2855 643 2904 non
665 2832 731 2904 nisi
752 2832 817 2902 XX
841 2853 902 2924 pro
926 2853 1045 2902 eorum
1069 2833 1190 2905 itinere
1209 2833 1362 2928 recipere
1380 2833 1575 2906 votuerunt.
1603 2833 1672 2904 Nos
1695 2841 1810 2904 autem
1827 2831 1875 2903 ad
1898 2853 1975 2902 suc·

574 2977 716 3027 cursum
747 2975 866 3024 eorum
893 2975 980 3046 quos
1007 2955 1225 3050 premisimus
1251 2965 1286 3028 et
1309 2955 1355 3028 ad
1384 2963 1472 3027 terre
1497 2963 1614 3026 sancte
1642 2953 1837 3026 subsidium
1864 2955 1975 3028 inten-

578 3079 715 3176 dentes,
741 3076 1039 3170 competentiorem
1056 3078 1092 3148 in
1108 3079 1244 3150 vasellis
1259 3089 1295 3150 et
1309 3078 1504 3152 chelandris
1519 3077 1596 3150 aliis
1614 3077 1687 3150 fieri
1707 3079 1851 3150 fecimus
1868 3101 1975 3173 appa·

577 3211 711 3289 ratum,
747 3211 975 3294 proponentes
1004 3201 1041 3272 in
1070 3211 1177 3274 estate
1207 3203 1322 3274 lutura
1350 3202 1440 3274 circa
1467 3201 1686 3274 medictatem
1713 3201 1819 3272 futuri
1849 3202 1975 3272 mensis

576 3325 677 3412 maii,
707 3323 847 3416 quando
870 3334 1006 3417 tempus
1024 3335 1076 3396 est
1099 3325 1213 3420 aptius
1235 3335 1270 3398 et
1294 3325 1404 3419 magis
1432 3325 1530 3396 offert
1553 3345 1591 3396 se
1613 3345 1709 3396 marc
1733 3323 1974 3416 navigantibus

575 3456 824 3541 opportunum,
848 3445 885 3516 in
907 3446 1026 3538 majori
1043 3449 1193 3540 potentia
1216 3450 1444 3521 transfretare.
1475 3448 1629 3540 Cumque
1651 3446 1788 3540 singula
1808 3467 1870 3540 per
1887 3447 1975 3519 duos

491 3540 497 3562 ⁶
576 3571 621 3644 dc
632 3568 811 3660 judicibus
829 3589 954 3661 magne
977 3569 1073 3640 curie
1090 3580 1204 3643 nostre
1219 3581 1350 3644 nostros
1367 3571 1513 3642 nuncios
1536 3579 1571 3641 et
1596 3568 1715 3642 fideles
1733 3569 1769 3639 in
1791 3579 1972 3663 conspectu

574 3691 761 3787 apostolico
788 3690 983 3764 miserimus
1015 3694 1255 3787 proponenda,
1292 3694 1377 3767 dum
1409 3692 1624 3787 speravimus
1658 3715 1679 3764 a
1716 3701 1813 3787 patre
1839 3703 1973 3786 patrum

574 3827 715 3911 paterne
737 3813 978 3886 consolationis
1004 3814 1215 3907 antidotum,
1244 3817 1488 3911 compassionis
1511 3815 1660 3908 benigue
1685 3815 1844 3886 solatium
1866 3825 1901 3886 et
1921 3837 1974 3886 re-

573 3939 727 4010 medium
754 3937 917 4030 consequi
942 3939 1107 4026 salutare,
1142 3939 1303 4011 dominus
1330 3939 1537 4034 apostolicus
1562 3939 1702 4011 eosdem
1730 3938 1869 4010 nuntios
1895 3959 1973 4010 nos·

572 4069 642 4132 tros
663 4062 814 4154 recipere
836 4060 945 4132 noluit
960 4083 1024 4134 nec
1041 4061 1174 4136 audire.
1192 4063 1282 4147 Quin
1300 4062 1413 4156 potius
1428 4061 1473 4134 ad
1493 4061 1755 4157 postulationem
1774 4059 1973 4134 eorumdem

573 4183 771 4254 nuntiorum
797 4191 990 4254 nostrorum
1009 4185 1202 4277 cognitores
1225 4193 1259 4256 et
1272 4184 1409 4276 judices
1433 4205 1501 4256 non
1525 4181 1736 4272 concedens,
1769 4180 1972 4254 infirmitatis

574 4313 688 4375 nostre
707 4325 789 4375 casu
810 4304 998 4376 inevitabili
1022 4327 1090 4377 non
1110 4307 1280 4401 inspecto,
1302 4305 1470 4377 solutione
1492 4326 1561 4376 non
1587 4305 1802 4377 considerata
1827 4305 1973 4400 pecunie

572 4434 750 4522 pretaxate
772 4447 835 4497 nec
849 4427 1016 4498 militibus
1041 4429 1087 4499 ad
1111 4437 1225 4501 nostra
1249 4428 1421 4525 stipendia
1439 4429 1510 4520 jam
1534 4427 1647 4500 missis
1663 4428 1968 4518 animorevolutis,

613 4667 650 4750 (a)
671 4671 752 4745 Quas
765 4671 851 4746 plura
864 4676 975 4732 suntet
988 4688 1105 4734 sensum
1118 4673 1239 4734 turbant
1251 4674 1330 4752 opud
1343 4677 1490 4752 Murteae,
1504 4675 1678 4754 interpolata
1689 4676 1838 4738 ridentur.
