4658 6132
344 673 440 734 turn.
455 668 498 754 2]
798 665 993 730 HISTORIA
1017 667 1308 730 IllI’LOIIll'IICll.
1715 667 1757 732 tlt

343 827 424 878 eum
445 802 605 878 &ranem
620 801 657 874 ln
675 801 827 896 quadam
852 805 1073 878 veneratione
1093 804 1247 878 maxima
1266 803 1445 900 Templum
1457 801 1607 878 habeant
1620 813 1655 879 et
1672 804 1754 878 illue

342 927 537 1004 seeundum
556 927 662 999 ritum
680 945 800 1000 eornm
814 925 861 1000 ad
878 927 1050 1002 orandum
1069 925 1119 1025 (a)
1133 928 1169 1000 in
1183 925 1325 1002 modum
1340 929 1588 1002 Saracenorum
1600 929 1755 1026 peregri·

342 1073 467 1126 norum
481 1050 660 1142 anundum,
672 1052 912 1147 permittamus
924 1075 984 1126 eos
996 1051 1117 1126 venire
1130 1051 1251 1144 libere,
1261 1061 1499 1125 verumtamen
1509 1052 1585 1126 siue
1601 1053 1706 1125 armis
1719 1061 1755 1126 et

342 1186 429 1272 quot
452 1176 684 1267 voluerimus,
709 1197 775 1248 nee
800 1175 1068 1272 hospitabuntur
1085 1177 1135 1248 ihi
1154 1175 1217 1250 sed
1236 1175 1363 1249 deforis
1382 1174 1477 1272 et(b)
1495 1177 1755 1250 instauratione

342 1299 516 1375 resedent.
535 1298 702 1372 llastituta
731 1307 784 1372 est
807 1299 909 1374 nobis
932 1301 1074 1396 insuper
1096 1299 1219 1372 civitas
1244 1298 1418 1372 Bethleem
1434 1281 1483 1396 (c)
1509 1308 1545 1373 et
1570 1309 1640 1374 tota
1666 1309 1756 1374 terra

341 1424 457 1500 media
476 1424 565 1496 inter
578 1424 766 1498 Jerusalem
781 1433 816 1497 et
833 1425 1006 1498 civitatem
1025 1425 1156 1520 ipsam;
1177 1423 1300 1496 civitas
1319 1423 1424 1496 etiam
1440 1423 1606 1496 Nazareth
1625 1433 1660 1497 et
1684 1433 1755 1498 tota

342 1559 432 1622 terra
442 1547 559 1622 media
571 1547 659 1620 iuter
671 1546 787 1620 Ancon
802 1559 837 1622 et
851 1547 1026 1622 civitatem
1044 1547 1203 1622 eamdem
1216 1573 1227 1637 ;
1252 1549 1341 1620 tarra
1356 1555 1427 1620 tnta
1440 1547 1583 1620 Turonis
1594 1569 1665 1642 que
1688 1547 1756 1620 lar·

342 1671 485 1765 glssima
495 1681 548 1744 est
555 1671 710 1768 etampla
719 1681 754 1745 et
762 1673 846 1746 satis
857 1671 1040 1746 commoda
1049 1671 1261 1762 christianis3
1272 1670 1395 1743 ciuitas
1403 1692 1543 1766 quoque
1551 1671 1691 1746 Sidonis
1702 1671 1754 1768 (d)

343 1817 423 1869 cum
437 1804 509 1869 tuta
522 1795 708 1892 planitieet
730 1795 945 1892 pertinentiis
963 1795 1055 1888 suis,
1069 1795 1132 1889 qui
1146 1795 1243 1868 loeus
1261 1803 1355 1868 tauto
1376 1793 1421 1866 de
1441 1805 1555 1868 cetero
1567 1795 1633 1868 erit
1649 1795 1755 1868 chris·

343 1919 444 1993 tinnis
462 1919 578 1992 utilior
587 1929 717 2014 quanto
729 1921 944 1994 necessarius
953 1919 1121 1994 haetenus
1130 1919 1245 1992 extitit
1258 1918 1448 2010 Saracenis,
1463 1928 1497 1992 et
1509 1941 1571 2015 pre
1582 1919 1667 1992 locis
1677 1919 1755 1993 aliis

341 2043 551 2136 fructuosus,
569 2063 612 2117 eo
625 2042 788 2117 videlicet
805 2043 903 2140 quod
918 2053 1056 2140 portum
1072 2043 1122 2116 ibi
1136 2042 1311 2116 habebant
1331 2051 1367 2115 et
1380 2041 1464 2138 inde
1477 2065 1573 2116 arma
1585 2051 1621 2116 et
1634 2065 1754 2118 neees-

341 2167 433 2242 saria
450 2167 562 2240 multa
578 2167 647 2240 alia
662 2169 709 2242 ad
725 2167 900 2242 civitatem
917 2167 1077 2242 Damasei
1092 2179 1129 2240 et
1145 2167 1191 2241 da
1206 2167 1373 2239 Damasco
1388 2167 1436 2241 ad
1449 2167 1675 2264 Babyloniam
1689 2169 1757 2242 lra-

341 2292 567 2386 quentissime
593 2290 805 2364 deserebant.
832 2293 944 2388 Super
959 2291 1025 2366 hee
1050 2291 1168 2386 itaque
1189 2290 1270 2364 linet
1287 2289 1388 2363 nohis
1404 2289 1599 2363 seeundum
1615 2301 1755 2387 paetum

341 2413 541 2488 reedificare
562 2435 680 2488 muros
697 2424 815 2490 saneta
835 2415 985 2489 civitatis
1005 2415 1208 2504 Jerusalem,
1229 2423 1379 2488 castrum
1397 2415 1531 2510 Ioppen
1546 2425 1582 2487 et
1604 2423 1754 2488 castrum

341 2535 499 2630 Cesarea,
516 2547 666 2610 nastrum
682 2537 820 2612 Sidonis
836 2547 871 2612 et
884 2547 1035 2612 castrum
1052 2535 1178 2612 domus
1196 2545 1314 2610 saneta
1336 2537 1444 2610 Maria
1466 2536 1754 2610 Theutonieorum

341 2659 437 2755 quod
454 2658 500 2756 (e)
515 2660 552 2732 in
568 2669 732 2734 montana
744 2659 861 2735 Aenon
874 2660 1037 2736 edificare
1055 2669 1241 2756 ceperunt:
1259 2657 1356 2754 quod
1375 2660 1470 2731 nullo
1487 2679 1643 2754 unquam
1657 2669 1755 2734 trea-

341 2805 464 2878 garum
477 2791 630 2880 tempore
643 2783 849 2879 permissum
863 2785 978 2858 extitit
994 2782 1201 2857 christianis.
1215 2782 1312 2857 Idem
1327 2789 1442 2856 tamen
1457 2781 1629 2856 Soldauus
1642 2803 1756 2878 usque

286 2955 291 2964 -
341 2905 387 2980 ad
407 2903 513 2979 linem
539 2916 739 3002 treugarum
755 2929 826 3003 que
849 2908 939 2982 iuter
956 2917 1069 2982 noset
1085 2907 1200 3004 ipsum
1221 2927 1284 3004 per
1301 2905 1508 2980 deeennium
1530 2915 1610 2980 sunt
1629 2917 1755 2982 statute

340 3029 457 3124 aliqua
475 3039 586 3104 eastra
607 3030 665 3104 vel
689 3031 806 3126 aliqua
821 3031 960 3106 edificia
974 3031 1021 3106 ds
1038 3052 1130 3106 novo
1155 3032 1268 3106 lacere
1290 3031 1347 3104 vel
1371 3028 1535 3104 edificare
1548 3051 1618 3106 non
1634 3029 1751 3106 debet.

340 3152 467 3248 SInque
480 3152 539 3227 die
549 3152 723 3228 dominica
734 3155 843 3230 XVIII
859 3155 988 3230 mensis
1005 3155 1169 3229 februarii
1182 3155 1342 3252 pmxImo
1359 3155 1527 3250 prataria,
1541 3154 1600 3230 dis
1611 3155 1753 3252 inquam

340 3297 411 3370 qua
428 3275 582 3350 Christus
601 3276 693 3350 lilius
708 3279 771 3352 Ilei
786 3280 964 3354 amortuis
978 3279 1168 3354 resurrexit
1180 3287 1215 3352 at
1227 3279 1264 3352 in
1280 3278 1481 3352 memoriam
1495 3278 1755 3353 resuneetionis

341 3398 514 3474 daminine
529 3401 772 3477 memorialiter
789 3404 912 3477 nolitur
930 3413 965 3478 et
978 3411 1164 3478 veneratur
1178 3391 1224 3476 ah'
1241 3403 1403 3476 omnihus
1417 3401 1628 3493 christianis,
1648 3404 1754 3498 hujus

339 3521 444 3618 panis
462 3525 647 3600 eoueordia
671 3547 735 3623 per
754 3529 989 3622 juramentum
1013 3526 1129 3601 extitit
1155 3526 1238 3599 hine
1263 3526 1346 3600 inde
1365 3525 1510 3601 firmata.
1531 3527 1689 3624 Denique
1709 3526 1755 3603 de

341 3646 599 3746 consiliumet
620 3651 753 3725 auxilio
777 3651 874 3746 quod
897 3652 934 3724 iu
950 3651 1013 3724 Dei
1035 3651 1177 3725 servitio
1195 3671 1217 3724 a
1237 3649 1431 3748 patriarcha
1448 3650 1751 3747 temsotymium,

339 3769 512 3866 magistris
526 3781 561 3846 et
573 3774 736 3848 tratribus
745 3775 983 3869 religiosarum
1001 3774 1183 3849 domorum
1194 3775 1389 3870 recepimus
1405 3774 1612 3868 inpartibus
1629 3774 1755 3848 cisma-

340 3891 443 3983 rinIs,
460 3915 541 3968 eum
566 3905 703 3994 tempus
731 3908 766 3972 et
785 3899 883 3972 loeus
901 3899 1027 3990 luerit,
1054 3899 1207 3995 apertius
1229 3897 1331 3972 vohis
1354 3896 1554 3970 ourabmus
1579 3896 1751 3970 nuntiare.

340 4015 456 4090 Unum
467 4027 583 4094 amen
600 4020 717 4096 diuers
731 4043 916 4122 possumus
927 4033 963 4098 et
972 4023 1094 4096 merito
1104 4043 1174 4098 non
1186 4031 1298 4096 tueare
1313 4019 1359 4095 de
1368 4019 1533 4115 magistro
1544 4025 1579 4093 et
1592 4019 1754 4094 tratribus

381 4243 424 4327 (a)
445 4247 504 4326 Ap.
520 4249 607 4310 Perta
618 4247 661 4312 ad
671 4247 866 4313 adorandam.

381 4349 422 4432 (h)
443 4353 518 4416 Adel
536 4371 586 4432 ap.
601 4357 687 4419 llatt.
700 4357 797 4418 Parta.
811 4357 959 4420 matiana.

381 4455 421 4533 (a)
441 4457 501 4534 lp.
518 4457 602 4520 earn
612 4459 690 4520 mala
702 4477 711 4520 ι
725 4455 898 4521 amntem.

382 4558 425 4640 (a)
446 4561 525 4623 aad.
536 4579 586 4640 up.
597 4563 681 4624 Mate
696 4565 811 4640 Parta,
826 4561 860 4624 Id
869 4571 911 4625 ert
921 4565 1003 4625 saeta
1009 4581 1026 4642 ;
1040 4579 1090 4640 ap.
1102 4564 1188 4626 Perta
1201 4561 1339 4644 spatae.

383 4665 421 4745 (a)
443 4667 524 4730 And.
538 4683 588 4746 ap.
602 4669 691 4731 llatt.
705 4668 933 4750 I’arls.‚sratrer
945 4669 1036 4749 prinu
1049 4667 1160 4731 dam

382 4771 427 4853 (s)
448 4771 530 4836 Ilaee
544 4781 576 4837 et
587 4777 739 4854 sequentia
752 4791 847 4854 usque
859 4777 898 4839 ad
918 4777 987 4838 Vere
999 4791 1077 4838 nanc
1089 4775 1181 4857 igitar
1193 4777 1301 4840 amant
1313 4793 1362 4856 ap.
1378 4777 1467 4840 Mart.
1481 4777 1575 4839 Parta.

439 4879 492 4940 III
1556 4889 1592 4944 tt
