4642 6106
392 655 488 722 tantu.
504 653 549 734 4]
839 643 1036 710 HISTORIA
1062 643 1355 708 mutuatarius.

448 1218 653 1330 Gregorius
688 1242 788 1327 papa
823 1217 1012 1300 Friderioo
1048 1216 1309 1300 Romanorum
1343 1213 1560 1324 imperatori
1593 1213 1807 1324 gratulatur
1850 1225 1986 1334 ,mg
2026 1235 2028 1240 ·

394 1351 500 1462 quod
522 1352 572 1436 ad
593 1351 702 1462 regni
723 1349 1056 1462 Hierosolymitani
1078 1373 1302 1434 succursum
1326 1372 1482 1457 operam
1505 1345 1695 1432 efficacem
1716 1349 1809 1434 dare

394 1483 504 1592 velit,
519 1485 770 1594 hortaturque
787 1493 831 1566 ut
843 1481 1106 1593 Hospitalariis
1118 1490 1156 1565 et
1169 1480 1393 1590 Templariis
1407 1480 1535 1566 ablata
1550 1481 1697 1565 restitui
1710 1492 1749 1565 et
1760 1483 1808 1566 de

395 1617 547 1702 damma
561 1617 737 1702 satisfieri
755 1617 883 1702 faciat.

476 1847 589 1930 [Edidit
602 1849 775 1924 Rursum„
790 1846 898 1910 Ausul
921 1844 1015 1908 acrba
1034 1848 1074 1908 ad
1093 1864 1164 1908 ann.
1186 1855 1276 1918 12³1,
1291 1844 1497 1928 §LIII-LIV,
1517 1846 1570 1909 sed
1585 1863 1645 1908 non
1660 1849 1806 1926 integram

516 1955 669 2033 epistolam
694 1955 841 2017 exbibult.
869 1957 1122 2033 complementum
1143 1961 1242 2015 autam
1265 1953 1402 2014 addimus
1423 1971 1463 2014 ax
1484 1953 1603 2032 aegest.
1632 1952 1721 2032 meg.
1746 1953 1807 2028 1x,

515 2079 586 2124 aun.
606 2061 660 2136 tv,
675 2071 709 2123 n·
723 2071 773 2124 99.
786 2095 827 2109 -
844 2063 1002 2140 Humum,
1019 2059 1125 2122 Kaisar
1144 2055 1260 2120 drisdr.
1276 2061 1319 2135 11,
1339 2061 1474 2135 docum,
1489 2077 1518 2138 p.
1538 2068 1612 2134 ³29,
1627 2069 1661 2120 n⁰
1679 2070 1713 2136 s,
1731 2061 1808 2123 banc

515 2185 635 2248 qnoque
648 2175 809 2244 memorat,
824 2169 881 2230 sub
893 2169 963 2230 dato
975 2168 1022 2230 W
1032 2164 1171 2230 modus
1174 2165 1325 2250 salmurii
1330 2187 1347 2246 ,·
1362 2177 1399 2229 ta
1410 2164 1567 2247 januarii.)

446 2371 653 2468 Gregorius,
678 2381 766 2465 eta,
784 2372 960 2448 friderico
984 2372 1108 2446 illustri
1123 2373 1357 2446 Romanorum
1377 2371 1574 2467 imperatori
1594 2395 1730 2470 semper
1747 2397 1810 2450 su·

398 2507 502 2595 gusto
519 2507 555 2572 et
567 2496 641 2592 rogi
655 2497 783 2589 Sicilie,
801 2507 867 2570 eto.
889 2497 1080 2594 imperialis
1095 2497 1350 2592 magnificentie
1365 2497 1477 2570 littere
1496 2519 1558 2593 per
1578 2499 1810 2574 versabilem

398 2625 536 2700 fratrem
566 2631 721 2696 nostrum
744 2621 946 2720 Capuanum
970 2623 1267 2719 arehiepiscopum
1290 2633 1325 2696 ot
1350 2621 1514 2696 dilectum
1537 2621 1646 2698 illium
1675 2627 1811 2720 magis-

398 2755 490 2820 trum
519 2745 712 2820 Roffridum
736 2745 924 2842 imperialis
953 2746 1049 2820 curio
1070 2746 1225 2840 jndicem
1256 2768 1368 2842 nuper
1395 2746 1497 2820 nobis
1526 2747 1702 2840 exhibito,
1731 2751 1811 2824 lioot

400 2871 512 2968 primo
531 2869 630 2965 gravi
652 2891 716 2944 nos
739 2879 881 2966 stupore
904 2871 1129 2966 perculserint
1153 2881 1188 2944 et
1208 2871 1348 2944 horrore
1371 2891 1527 2944 rumores
1547 2871 1809 2969 insuspicabiles

400 2995 591 3086 referendo,
609 2995 751 3068 letitiam
768 3005 883 3068 tamen
900 2996 1001 3068 nobis
1018 3004 1052 3068 et
1069 2996 1317 3070 exultationem
1333 2995 1506 3091 placidam
1523 2997 1711 3070 attulerunt
1727 2997 1809 3074 fidei

401 3119 513 3193 zelum
529 3127 564 3192 et
577 3118 771 3194 devotionis
784 3120 954 3194 fervorem
966 3120 1028 3192 tibi
1045 3120 1215 3194 divinitus
1228 3120 1431 3216 inspiratum
1442 3123 1545 3214 juxta
1558 3122 1683 3196 montis
1697 3134 1811 3200 nostre

401 3243 614 3318 desiderium
637 3241 858 3339 explicando.
884 3245 956 3318 Heu
979 3243 1073 3318 enim
1095 3253 1148 3318 est
1164 3243 1361 3339 gratificans
1385 3245 1495 3338 gratia
1519 3247 1680 3340 perennis
1703 3249 1811 3341 glorie

400 3367 603 3442 iniaillibilis
626 3367 858 3464 comparatrix
878 3376 920 3440 ut
935 3369 1123 3463 prudenter
1146 3367 1327 3442 attendens
1347 3367 1442 3462 quod
1456 3368 1518 3462 qui
1539 3371 1619 3465 plus
1633 3370 1711 3444 aliis
1726 3393 1811 3446 nos·

401 3492 490 3566 euris
510 3491 689 3566 adomino
703 3490 915 3587 percepisse,
933 3492 980 3566 ad
997 3491 1259 3586 obsequendum
1280 3489 1394 3566 eidem
1420 3513 1458 3566 es
1475 3493 1603 3566 arctius
1617 3493 1809 3587 obligatus,

402 3615 554 3712 eoquod
570 3615 655 3690 dnm
675 3625 848 3710 angantur
863 3617 973 3704 dona,
989 3617 1139 3690 rationes
1152 3617 1256 3690 etiam
1273 3614 1444 3690 donomm
1458 3626 1683 3708 excrescunt,
1706 3618 1811 3692 bene-

402 3741 538 3838 placitis
551 3743 629 3834 ejus
645 3749 679 3824 te
697 3750 894 3814 reverenter
917 3763 1024 3836 prona
1041 3740 1234 3814 humilitate
1249 3740 1448 3815 substernas
1463 3751 1497 3814 et
1513 3740 1559 3814 ad
1579 3742 1702 3816 eadem
1723 3765 1813 3818 axe·

402 3863 543 3960 quenda
568 3873 725 3960 prompta
749 3863 1031 3958 magnanimitate
1050 3872 1205 3958 potenter
1228 3883 1394 3955 assurgas,
1412 3872 1527 3936 certus
1549 3863 1757 3938 omnimodis
1779 3877 1813 3940 et

404 4007 547 4060 securus
560 3986 657 4080 quod
678 3987 846 4061 Dominus
863 3988 1032 4060 virtutum
1048 3986 1123 4082 ipse
1139 3995 1191 4058 ost
1213 4009 1275 4060 rex
1303 3987 1411 4080 gloria
1432 3985 1619 4060 munificus
1638 3988 1810 4083 elargitur,

403 4111 648 4204 exceduntque
674 4113 871 4207 supplicum
901 4111 1022 4184 merita
1050 4111 1243 4184 transitoria
1277 4119 1466 4184 commutat
1494 4111 1633 4184 eternis.
1664 4110 1815 4204 Agentes

405 4235 510 4330 igitur
530 4243 643 4330 grates
667 4243 700 4309 at
716 4235 839 4308 laudm
854 4235 1043 4327 gratiarum
1068 4235 1225 4308 omnium
1245 4233 1412 4308 laudabili
1436 4233 1589 4329 largitori
1614 4235 1814 4310 misericor-

405 4359 500 4436 diam
516 4360 593 4451 ejus
616 4359 790 4434 bumiliter'
810 4359 1034 4455 imploramus
1056 4368 1095 4430 ut
1116 4359 1173 4454 pie
1197 4359 1396 4432 intentionis
1420 4359 1634 4454 propositum
1658 4360 1734 4454 ipso
1753 4383 1815 4436 se—

405 4484 560 4558 minante
579 4483 617 4556 in
638 4493 699 4560 tua
718 4491 834 4558 mente
855 4493 1060 4578 conceptum
1085 4483 1248 4556 continua
1274 4481 1429 4556 nutriens
1449 4483 1576 4578 pietate
1593 4483 1750 4580 perficiat
1769 4486 1815 4562 ad

405 4609 615 4704 proiectum,
636 4607 673 4678 in
692 4617 751 4680 tue
765 4607 886 4680 salutis
907 4615 1131 4701 augmentum
1154 4616 1190 4680 at
1213 4607 1455 4680 exaltationem
1475 4609 1595 4704 populi
1620 4609 1809 4685 christiani.

405 4733 474 4806 Nus
487 4743 608 4808 sutem
630 4731 753 4805 Christi
776 4753 916 4806 oausam
941 4751 1044 4826 agore
1061 4729 1240 4827 cupientes
1259 4751 1305 4804 ex
1326 4731 1442 4804 animo
1457 4739 1493 4806 et
1513 4732 1584 4807 tuis
1606 4735 1814 4829 profectibus
