4710 6076
376 684 538 768 instead]
830 683 1027 745 HISTORIA
1052 685 1343 747 circumactos.
1733 683 1793 746 293

377 823 435 896 vel
449 820 624 915 aliquibus
643 819 689 893 de
703 842 766 893 sua
781 829 877 914 parte
890 823 966 914 ejus
984 822 1179 910 occasione,
1201 832 1331 896 remoto
1352 821 1446 894 omni
1467 820 1676 915 sophismate
1692 829 1727 893 et
1741 820 1795 892 in·

379 945 495 1040 genio.
511 945 555 1016 Et
568 945 702 1016 nullum
717 943 983 1017 instrumentum
997 947 1054 1018 vel
1069 946 1294 1020 instrumenta
1305 945 1436 1020 exinde
1451 947 1541 1018 lacta
1556 945 1720 1040 deinceps
1733 945 1796 1017 ob·

379 1071 510 1142 tineent
524 1069 680 1162 vigorem
698 1078 732 1141 et
748 1069 878 1139 nullam
898 1069 1047 1142 habeant
1063 1069 1277 1161 firmitatem,
1300 1070 1362 1144 sed
1379 1071 1517 1165 penitus
1531 1069 1599 1142 sint
1612 1079 1743 1142 cassata
1763 1079 1797 1143 et

380 1195 417 1264 in
433 1193 567 1264 irritum
585 1193 736 1265 redacta.
757 1193 798 1264 Et
815 1193 852 1263 in
869 1193 943 1286 ipso
958 1193 1081 1266 ecdem
1096 1196 1293 1286 juramento
1309 1195 1504 1268 continetur
1521 1193 1618 1288 quod
1634 1194 1798 1290 deinceps

381 1319 581 1389 ineternnm
593 1317 1001 1401 nullumsacramentum,
1011 1319 1141 1390 nnllam
1156 1319 1598 1414 conspirationem,nullum
1616 1319 1795 1390 vinculum

382 1443 508 1514 facient
525 1465 604 1514 cnm
620 1441 744 1514 comite
760 1442 852 1514 dicto
870 1443 925 1515 vel
950 1444 1067 1537 aliquo
1084 1467 1147 1517 seu
1162 1445 1338 1539 aliquibus
1360 1443 1405 1516 de
1423 1466 1487 1517 sna
1508 1453 1613 1539 parte
1637 1445 1680 1515 llt
1697 1465 1796 1517 versa
1834 1519 1839 1534 ,

382 1567 461 1639 vice
479 1567 563 1641 dicti
580 1565 718 1662 syndici
735 1567 942 1638 remiserunt
960 1575 995 1638 et
1017 1567 1239 1641 absolverunt
1255 1569 1386 1642 dictum
1405 1565 1669 1662 Laudarengum
1685 1577 1797 1663 potes·

382 1700 486 1764 tatem
505 1691 645 1763 blantne
661 1711 724 1786 pro
744 1691 820 1786 ipso
839 1691 1013 1764 communi
1032 1701 1066 1764 et
1085 1701 1193 1766 totum
1213 1715 1396 1766 commune
1416 1693 1555 1766 Mantus
1570 1715 1591 1766 a
1605 1693 1698 1766 dicta
1717 1713 1799 1787 pro-

383 1813 546 1888 missione
564 1825 599 1888 et
615 1815 826 1908 obligatione
848 1824 882 1887 et
899 1823 1000 1911 pacto
1017 1815 1107 1888 inter
1126 1838 1186 1890 eos
1208 1816 1376 1890 hactenus
1396 1818 1498 1904 lacto,
1524 1827 1559 1890 et
1573 1816 1798 1890 instrumenta

383 1939 500 2012 omnia
521 1939 651 2014 exinde
673 1939 760 2014 lacta
777 1962 874 2014 cassa
892 1949 926 2012 et
942 1941 1077 2015 inutilia
1097 1949 1131 2014 et
1147 1943 1276 2014 nullius
1293 1943 1458 2014 momenti
1479 1942 1549 2014 sint
1564 1943 1620 2014 vel
1633 1943 1795 2014 valentie.

383 2063 621 2136 Pmmittentee
639 2063 732 2136 dicto
748 2065 974 2159 Laudenengo
994 2067 1153 2160 potestati
1172 2067 1349 2162 stipulanti
1368 2067 1507 2140 nomine
1525 2067 1635 2162 ipsius
1649 2067 1798 2140 civitatis

384 2210 423 2260 se
448 2210 528 2262 cum
555 2185 647 2260 dicto
671 2189 847 2260 communi
868 2189 1008 2263 blantne
1032 2190 1068 2262 in
1091 2201 1247 2262 eternum
1265 2193 1370 2264 ullam
1384 2191 1598 2286 pactionem,
1617 2191 1797 2286 conspira-

385 2313 531 2404 tionem,
546 2313 780 2404 juramentum
795 2313 851 2386 vel
866 2315 1063 2387 societatem
1080 2316 1233 2410 aliquam
1250 2337 1320 2388 non
1339 2317 1500 2388 facturos.

433 2437 507 2508 Sub
529 2435 651 2509 eodem
678 2437 879 2525 millesimo,
904 2435 962 2510 die
985 2435 1159 2512 dominico
1179 2439 1256 2512 Xlll
1280 2439 1427 2511 intrante
1447 2441 1553 2532 julio,
1578 2437 1795 2535 presentibus

387 2559 489 2633 dictis
523 2561 668 2634 testibus
690 2561 726 2632 in
752 2563 852 2657 plena
875 2564 1040 2636 concione
1060 2563 1253 2636 coadunata
1274 2564 1309 2635 in
1328 2565 1442 2659 platea
1466 2564 1527 2635 nbi
1552 2564 1729 2636 Mantuani
1752 2564 1797 2638 ad

386 2685 586 2758 concionem
601 2686 814 2759 conveniunt
829 2687 866 2758 in
885 2689 960 2783 ipsa
981 2688 1119 2760 civitate
1136 2689 1291 2778 Mantua,
1311 2671 1562 2784 Cogoza'preco
1578 2688 1797 2762 demandato

388 2809 519 2882 domini
534 2809 749 2904 Laudenmgi
769 2813 946 2906 potestatis
966 2813 1107 2885 Mantue
1128 2813 1194 2884 sub
1217 2815 1399 2886 animabus
1417 2813 1572 2886 omnium
1594 2815 1798 2888 Mantuano·

387 2957 463 3005 rum
482 2934 669 3023 concionis,
679 2935 813 3007 licentia
824 2935 869 3008 ab
879 2935 929 3008 eis
939 2935 1069 3026 habita,
1080 2957 1122 3010 eo
1141 2947 1258 3011 tenore
1271 2959 1342 3033 quo
1356 2941 1560 3032 juraverunt
1573 2939 1750 3012 Mantuani
1765 2949 1799 3012 et

388 3065 538 3152 potestas
551 3079 670 3130 eorum
685 3059 720 3129 in
735 3059 876 3132 consilio
890 3061 980 3132 sicut
992 3081 1099 3155 supra
1113 3061 1279 3156 seriptum
1295 3073 1363 3152 est,
1384 3063 1500 3134 omnia
1516 3063 1609 3136 dicta
1624 3064 1799 3138 attendere

387 3193 421 3256 et
437 3183 621 3255 observare
635 3183 852 3279 corporaliter
861 3184 1005 3277 juravit.

437 3307 509 3380 Sub
527 3305 682 3404 predicto
697 3307 879 3380 millesimo
893 3319 928 3381 et
942 3309 1142 3398 indictione,
1164 3311 1222 3384 die
1236 3313 1353 3383 martis
1370 3311 1432 3384 XV
1443 3313 1591 3385 intrante
1602 3313 1703 3406 julio,
1720 3333 1799 3407 pre·

389 3431 544 3503 sentibus
560 3429 705 3502 testibus
718 3431 899 3526 predictis,
917 3431 1078 3505 dominus
1090 3433 1308 3526 Salinguerra
1324 3444 1473 3530 potestas
1486 3435 1621 3508 Verone
1640 3436 1676 3506 in
1698 3436 1800 3530 pleno

390 3555 533 3628 consilio
551 3555 745 3627 coadunato
763 3555 854 3628 sicut
872 3578 946 3629 mos
966 3568 1019 3630 est
1036 3569 1070 3630 et
1087 3559 1301 3631 consuetudo
1319 3559 1410 3630 illius
1425 3559 1586 3647 civitatis,
1605 3580 1710 3653 super
1728 3558 1803 3630 ani·
1862 3567 1866 3574 '

390 3681 514 3753 mabus
525 3679 680 3752 omnium
696 3680 741 3754 de
758 3681 900 3753 consilio
913 3681 1175 3768 veronensium,
1191 3683 1326 3755 licentia
1338 3683 1441 3754 abeis
1453 3681 1614 3755 habitaet
1625 3680 1800 3776 parabola,

389 3805 586 3878 societatem
611 3815 646 3878 et
671 3807 890 3879 concordiam
907 3805 1042 3896 Brixia,
1063 3807 1222 3898 Mantua,
1241 3805 1377 3894 Padus,
1396 3806 1567 3898 vicentie,
1587 3805 1739 3878 Ferraria
1763 3826 1804 3877 ac

276 4003 291 4018 ,,
391 3931 538 4020 Verane,
559 3929 649 4002 sicut
667 3929 704 4001 in
724 3931 799 4026 ipsa
817 3929 1000 4004 concordia
1017 3930 1181 4027 scriptum
1196 3941 1248 4004 est
1264 3953 1327 4026 per
1342 3931 1533 4004 Oldradum
1556 3931 1727 4004 Fasiolum
1741 3952 1803 4002 no·

392 4055 517 4127 tarium
533 4063 702 4127 rectorum
719 4064 887 4127 eteorum
902 4055 1079 4143 mandato,
1089 4066 1123 4128 et
1136 4077 1255 4152 pacem
1270 4057 1405 4130 Verone
1420 4053 1610 4146 attendere,
1621 4055 1805 4128 observare

391 4189 426 4252 et
443 4177 577 4251 firmam
591 4187 708 4252 tenere
721 4179 941 4274 corporaliter
952 4180 1094 4271 juravit.

440 4305 481 4376 Et
500 4325 566 4398 ego
581 4301 764 4376 Zacharias
785 4303 845 4376 Dei
864 4303 972 4398 gratia
994 4303 1082 4376 sacri
1098 4303 1217 4377 Palatii
1239 4303 1393 4376 notarius
1414 4313 1452 4376 ut
1469 4302 1590 4378 audivi
1604 4313 1638 4377 et
1651 4303 1805 4376 intellexi

393 4431 447 4503 his
461 4429 624 4503 omnibus
638 4451 781 4526 presens
799 4429 849 4501 lui
867 4437 902 4502 et
914 4427 1049 4526 scripsi.
