4702 6110
573 615 633 680 aas
1099 615 1271 678 asuurar
1298 615 1466 678 surrrrrr
1797 617 1877 696 [ru.
1896 620 1984 684 rasa.

573 747 776 858 cujusdam
785 747 914 860 sylvae
925 748 1275 854 communionibus,
1285 747 1377 832 visis
1390 745 1597 858 privilegiis
1610 747 1781 858 ejusdem
1789 749 1982 856 ecclesiae,

575 878 846 964 sententialiter
857 879 990 964 delinit
1002 890 1047 965 ut
1063 881 1137 964 ista
1154 879 1315 964 liberam
1332 879 1461 992 sylvae
1473 879 1781 964 communionem
1793 880 1944 965 habeat.

658 1121 756 1200 (lldtd.
770 1124 992 1199 Wumvsm,
1007 1123 1089 1186 Noua
1100 1121 1244 1200 ιιιόιίἀίι,
1258 1131 1332 1188 tom.
1346 1124 1416 1204 XII,
1429 1141 1462 1204 p.
1481 1133 1550 1204 1⁴²,
1563 1134 1598 1186 n⁰
1611 1125 1674 1200 Ll.)

624 1335 662 1404 Iu
685 1335 825 1410 nomine
852 1345 970 1410 sancte
987 1345 1023 1410 ct
1040 1335 1224 1412 individue
1244 1337 1429 1412 Trinitatis.
1450 1337 1631 1410 Heinricns
1647 1338 1709 1410 Dei
1724 1338 1834 1432 gratia
1852 1338 1983 1410 lloma-

574 1479 698 1532 norum
720 1481 783 1533 rex
806 1469 840 1532 et
857 1481 993 1556 semper
1015 1469 1201 1556 augustus,
1225 1460 1396 1534 universis
1413 1481 1555 1556 presens
1579 1461 1746 1556 scriptum
1766 1459 1982 1534 intuentibus

574 1583 728 1656 veritatis
747 1584 982 1658 testimouium
998 1594 1188 1680 acceptare.
1204 1585 1382 1657 Talentum
1400 1606 1480 1656 curn
1502 1585 1597 1656 lucro
1614 1594 1744 1657 certum
1760 1593 1812 1656 est
1824 1606 1904 1658 cnm
1925 1605 1983 1658 re·

574 1715 710 1801 portare
725 1707 787 1800 qui
810 1691 878 1779 sibi
892 1707 1021 1782 credita
1046 1728 1115 1780 non
1139 1707 1293 1780 abutitur
1314 1714 1495 1802 potestate.
1519 1707 1604 1778 Cum
1626 1707 1743 1801 itaque
1759 1705 1878 1780 divina
1895 1709 1982 1780 Pro-

574 1829 731 1904 videntia
756 1831 793 1903 in
817 1832 950 1906 romani
975 1831 1072 1928 regui
1098 1831 1331 1924 gubernacula
1355 1850 1418 1903 nos
1448 1829 1623 1904 vocaverit
1646 1828 1718 1926 (t),
1740 1839 1855 1905 mente
1882 1831 1981 1906 firma

575 1954 757 2028 statuimus
769 1963 810 2027 ut
823 1955 1036 2050 ubicumque
1049 1954 1313 2048 cognoverimus
1326 1954 1418 2046 juste
1431 1975 1473 2026 ac
1486 1953 1732 2028 rationabiliter
1746 1953 1921 2044 ordinata,
1937 1977 1981 2029 eu

575 2078 764 2152 solidemus
778 2087 813 2152 et
826 2079 1030 2172 iniuriarum
1047 2077 1241 2153 ardoribus
1259 2079 1373 2151 locum
1385 2075 1608 2172 denegemus.
1625 2077 1739 2163 Quare
1752 2087 1822 2152 tam
1836 2100 1983 2174 presen-

574 2202 669 2275 tibus
685 2225 792 2298 quam
810 2204 957 2302 posteris
974 2213 1096 2278 notum
1115 2224 1192 2278 esse
1206 2203 1369 2276 volumus
1380 2201 1477 2297 quod
1496 2201 1704 2297 liarquardo
1720 2202 1845 2276 abbate
1859 2213 1895 2276 et
1910 2205 1980 2278 lra-

574 2327 685 2400 tribus
699 2327 773 2400 suis
789 2327 834 2402 de
853 2328 994 2402 Uteriua
1010 2328 1107 2402 Valle
1121 2348 1168 2401 err
1186 2349 1258 2400 unu
1273 2335 1371 2424 parte
1387 2335 1423 2399 et
1444 2325 1581 2399 rusticis
1603 2325 1649 2400 de
1665 2323 1924 2402 Gederameteiu
1945 2341 1981 2403 et

573 2472 694 2525 eorum
716 2451 943 2546 complicibus
964 2473 1011 2526 ex
1033 2451 1139 2525 altera
1154 2472 1269 2524 coram
1291 2449 1391 2522 nobis
1408 2449 1622 2544 litigantibus
1642 2471 1747 2546 super
1768 2451 1979 2546 quibusdam

572 2576 659 2650 silve
683 2575 983 2650 communionibus
1007 2598 1076 2672 quc
1098 2573 1268 2650 Almendu
1291 2583 1344 2648 eet
1369 2574 1560 2670 appellata,
1585 2573 1767 2668 diligenter
1791 2574 1873 2648 bina
1897 2575 1980 2650 inde

571 2698 701 2774 auditis
723 2699 878 2795 partibus
896 2700 1053 2796 visisque
1072 2709 1107 2772 et
1124 2699 1253 2773 auditis
1270 2697 1415 2796 predicti
1438 2697 1578 2771 claustri
1600 2697 1808 2794 privilegiis,
1831 2720 1911 2771 cum
1932 2699 1979 2772 ab

570 2822 687 2895 inclito
708 2823 863 2916 genitore
882 2833 999 2896 nostru
1020 2823 1194 2898 Friderico
1218 2823 1366 2918 glorioso
1388 2823 1620 2896 Romanorum
1647 2822 1852 2918 imperatore
1876 2833 1911 2896 et
1932 2824 1979 2898 ab

572 2945 650 3020 aliis
676 2946 977 3042 predecessoribus
1002 2947 1146 3038 nostris,
1172 2956 1247 3020 turn
1265 2969 1287 3020 ι
1308 2947 1375 3020 loci
1396 2945 1490 3019 illins
1510 2945 1693 3020 fundatore
1713 2945 1900 3020 ltabodone
1920 2949 1979 3044 pie

571 3070 905 3166 memorie'Spirensi
923 3071 1086 3166 episcopo
1103 3069 1217 3144 eidem
1232 3071 1381 3144 claustro
1398 3069 1555 3162 indultis,
1572 3069 1818 3143 sententialiter
1829 3069 1979 3144 ordina-

572 3193 689 3266 vimus
712 3203 747 3268 et
758 3196 862 3288 juxta
883 3193 1129 3290 prelibatorum
1152 3203 1303 3268 tenorem
1326 3191 1586 3290 privilegiorum
1608 3192 1745 3266 firmum
1761 3215 1837 3266 esse
1854 3193 1979 3268 decre·

571 3317 688 3390 vimus
702 3327 743 3390 ut
756 3319 793 3390 in
804 3318 892 3392 silva
905 3317 1015 3392 muco
1030 3319 1363 3413 prefati-monasterii
1374 3317 1557 3411 adjacenti,
1571 3317 1617 3391 de
1629 3339 1700 3412 qua
1714 3317 1780 3388 fuit
1790 3317 1975 3410 contentio,

461 3515 470 3532 ,
571 3453 763 3516 conventus
776 3443 850 3539 ipse
866 3443 913 3517 ad
925 3463 1062 3516 omnem
1081 3465 1181 3516 suam
1193 3443 1375 3515 utilitatem
1389 3443 1532 3516 liberam
1547 3441 1672 3516 habeut
1685 3443 1975 3516 communionem.

569 3565 727 3639 Ceterum
744 3565 774 3638 si
789 3565 931 3660 quando
946 3575 1085 3662 propter
1102 3577 1286 3640 extraneos
1303 3587 1366 3640 scu
1383 3573 1574 3640 vastatores
1586 3564 1780 3638 communis
1793 3565 1881 3638 silva
1897 3587 1979 3639 cus-

569 3689 735 3763 todienda
760 3698 833 3782 est,
863 3689 1056 3763 secuudum
1080 3688 1176 3786 quod
1207 3690 1243 3763 iu
1271 3688 1466 3765 laudatoris
1490 3689 1672 3785 privilegio
1700 3689 1896 3764 ordinatum
1923 3702 1978 3764 eat

570 3821 737 3886 teneatur.
754 3811 799 3885 Ut
813 3813 917 3886 etiarn
932 3821 1050 3887 contra
1063 3813 1274 3910 sepedictam
1287 3812 1467 3887 ecclesiam
1480 3813 1633 3907 maligno
1650 3811 1773 3909 spiritu
1790 3811 1978 3908 aliquando

569 3936 852 4030 degrassantibns
873 3937 1032 4012 obicibus
1053 3937 1232 4012 resistatur
1252 3937 1499 4030 validioribus,
1517 3937 1698 4034 privilegiu
1713 3959 1735 4010 ι
1750 3937 1979 4034 predecesso-

569 4061 666 4135 ribus
693 4061 818 4135 nostris
843 4061 957 4135 eidem
983 4061 1127 4136 ecclesie
1144 4061 1270 4134 tradita
1291 4070 1365 4134 ratu
1388 4061 1508 4134 haberi
1532 4071 1566 4134 et
1587 4059 1686 4134 firma
1706 4061 1879 4150 volentes,
1897 4068 1978 4132 sta-

569 4185 700 4260 tuimus
715 4195 755 4258 ut
768 4185 798 4259 si
814 4187 992 4261 memorati
1014 4186 1133 4259 rustici
1153 4184 1237 4258 huic
1255 4195 1371 4259 nostra
1384 4186 1511 4282 pagine
1524 4207 1613 4258 ausu
1633 4183 1813 4258 temerario
1834 4182 1979 4257 obviare

568 4311 852 4408 presumpserint,
869 4333 959 4408 pene
974 4312 1175 4406 subjaceant
1190 4321 1328 4384 centum
1346 4331 1539 4383 marcarum
1555 4309 1644 4382 auri.

618 4433 734 4510 Testes
757 4435 862 4530 hujus
880 4445 995 4508 nostre
1014 4435 1240 4508 ordinationis
1260 4447 1342 4507 sunt
1359 4437 1572 4529 Bercugcrus
1587 4423 1758 4528 Spirensis
1772 4429 1974 4526 episcopus,
2117 4483 2119 4486 -

604 4741 640 4817 (t)
659 4741 810 4802 Notandum
821 4743 894 4818 quod
904 4742 950 4812 bic
960 4742 1047 4817 prima
1056 4742 1115 4800 vice
1124 4759 1172 4800 rex
1183 4742 1218 4800 de
1230 4757 1261 4800 se
1273 4741 1333 4816 ipso
1345 4747 1472 4816 tauquam
1484 4755 1597 4814 reguum
1608 4739 1774 4814 gubammtc
1786 4737 1914 4813 loquitor.
