4602 6084
537 653 579 716 68
1035 649 1254 711 intueatur
1280 649 1455 710 secono!
1751 645 1834 726 [lina.
1851 645 1937 709 lm

538 807 619 858 cum
631 784 817 858 videantur
826 787 1011 882 prefecisse
1025 786 1126 860 vobis
1141 785 1261 858 etaliis
1272 783 1430 859 homines
1443 783 1612 856 scismatis
1623 791 1658 854 et
1668 782 1839 856 discordie
1853 783 1942 856 lilios

537 931 680 1007 prorsus
694 909 796 983 vobis
812 909 952 984 inutiles
968 922 1003 984 ct
1018 921 1088 984 tam
1106 909 1208 982 nobis
1221 930 1326 1004 qnam
1349 917 1465 981 nostro
1483 906 1626 1002 imperio
1638 906 1876 997 adversantem
1897 903 1943 978 de

536 1053 687 1126 quorum
703 1035 874 1128 presentia
888 1035 988 1130 qnasi
1007 1055 1054 1107 ex
1076 1033 1181 1129 adipe
1199 1033 1352 1130 prodiret
1368 1032 1532 1126 iniqnitas
1545 1051 1614 1126 qne
1631 1052 1695 1103 vos
1710 1027 1870 1102 redderet
1890 1029 1942 1100 in·

534 1156 670 1250 quietos
688 1165 723 1228 et
748 1155 841 1230 tedio
865 1156 1185 1230 contraventionnm
1216 1154 1384 1242 afficeret,
1406 1163 1445 1224 ut
1464 1150 1530 1226 hoc
1552 1160 1691 1248 possent
1706 1152 1743 1222 in
1768 1161 1942 1247 posterum

536 1279 660 1354 nostris
682 1281 854 1376 imputare
879 1281 1059 1376 operibus,
1089 1289 1125 1352 et
1150 1280 1201 1351 sic
1226 1279 1352 1350 lamam
1374 1277 1482 1350 nostri
1506 1275 1655 1348 nominis
1679 1275 1877 1368 denigrare,
1902 1296 1943 1348 ec

534 1413 688 1478 vestrum
716 1405 846 1476 bonum
872 1413 999 1477 statum
1032 1403 1255 1477 nibilominus
1274 1403 1486 1498 perturbare.
1513 1401 1613 1476 Unde
1636 1423 1715 1472 cnm
1743 1389 1942 1492 hujusmodi

533 1528 713 1601 manifesta
732 1528 934 1622 gravamina
960 1528 1127 1600 serenitas
1143 1537 1257 1600 nostra
1280 1549 1349 1600 non
1365 1525 1473 1622 possit
1486 1547 1551 1598 nec
1573 1525 1698 1598 debeat
1717 1523 1943 1618 equanimiter

533 1652 719 1742 sustinere,
753 1673 823 1746 que
853 1661 923 1724 tam
956 1653 1029 1724 Deo
1061 1673 1168 1747 quam
1197 1651 1397 1724 bominibus
1429 1649 1557 1723 debent
1590 1648 1711 1720 merito
1738 1647 1940 1743 displicere,

532 1796 596 1848 nos
619 1776 681 1870 qni
706 1776 807 1847 vobis
831 1785 865 1848 et
882 1776 961 1848 aliis
984 1775 1145 1850 fidelibus
1167 1777 1273 1848 nostri
1296 1775 1431 1870 imperii
1457 1775 1580 1848 adesse
1599 1783 1755 1846 tenemur
1781 1771 1942 1867 propensi

531 1908 567 1971 et
582 1898 759 1994 prodesse,
778 1900 932 1972 volentes
944 1901 1114 1994 pressuris
1126 1908 1161 1972 et
1172 1899 1477 1994 inquietationibus
1486 1898 1609 1972 vestris
1620 1905 1824 1992 perpetuum
1839 1893 1944 1966 linem

533 2023 709 2116 imponere
718 2031 753 2096 et
761 2045 824 2096 vos
831 2021 875 2096 de
885 2032 998 2096 cetero
1011 2024 1077 2095 sub
1086 2033 1201 2096 nostra
1209 2023 1386 2117 ctimperii
1396 2031 1562 2118 potestate
1570 2020 1713 2118 pacifice
1724 2038 1941 2109 conservare,

533 2147 790 2218 concessionem
814 2155 964 2218 nostram
989 2145 1177 2241 predictam
1205 2147 1271 2241 ipsi
1299 2149 1451 2220 Romane
1464 2147 1614 2244 Ecclesie
1636 2145 1682 2218 de
1704 2143 1805 2217 vobis
1823 2143 1945 2214 merito

535 2268 704 2340 duximus
716 2267 966 2358 revocandam,
984 2269 1139 2340 volentes
1153 2279 1187 2341 ct
1200 2270 1369 2365 imperiali
1381 2271 1574 2343 sancientes
1591 2268 1704 2342 edicto
1715 2277 1756 2339 ut
1770 2266 1815 2340 de
1831 2275 1944 2338 cetero

534 2392 601 2464 sub
620 2404 736 2466 nostro
747 2403 782 2465 et
795 2393 964 2488 imperiali
978 2391 1132 2466 dominio
1146 2394 1302 2468 debeatis
1316 2416 1453 2491 semper
1467 2395 1652 2468 consistere
1664 2402 1699 2465 ct
1710 2413 1862 2482 manere,
1880 2411 1944 2462 nec

534 2538 596 2612 per
610 2539 673 2589 nos
694 2527 729 2590 et
754 2537 969 2590 successores
985 2526 1120 2589 nostros
1134 2519 1289 2592 debeatis
1304 2541 1458 2614 unquam
1483 2519 1626 2592 alienari
1644 2539 1705 2590 seu
1724 2515 1881 2590 subtrahi
1899 2515 1944 2586 ab

534 2639 668 2735 imperii
684 2649 861 2734 potestate.
881 2641 981 2714 Unde
1007 2639 1166 2713 lidolitati
1179 2651 1293 2714 vestre
1308 2643 1514 2716 mandamus
1533 2642 1600 2714 sub
1628 2641 1745 2713 debito
1764 2639 1846 2712 fidei
1874 2659 1945 2732 qua

535 2763 634 2835 nubis
654 2773 687 2835 et
704 2763 847 2858 imperio
867 2763 1031 2836 tenemini
1048 2763 1191 2836 firmiter
1212 2765 1442 2859 injungentes,
1462 2774 1635 2860 quatenus
1651 2765 1815 2837 innostra
1829 2773 1865 2835 et
1881 2762 1945 2833 inr-

534 2885 621 2982 perii
637 2885 803 2959 fidelitate
817 2885 862 2958 de
869 2895 981 2958 cetero
994 2886 1212 2980 persistentes
1227 2889 1313 2959 nulli
1327 2889 1386 2960 alii
1396 2887 1463 2961 nisi
1474 2887 1574 2960 uobis
1589 2897 1623 2958 et
1635 2886 1779 2982 imperio
1789 2885 1945 2958 debeatis

534 3007 714 3081 intendere
740 3031 800 3080 seu
817 3031 950 3104 perere.
971 3011 1127 3082 Preterea
1149 3011 1384 3084 commisimus
1408 3013 1586 3108 Raynaldo
1613 3011 1695 3085 duci
1719 3011 1848 3106 Spoleti
1876 3009 1942 3106 (a),

535 3132 660 3206 dilecto
675 3131 770 3203 fideli
784 3143 918 3222 nostro,
936 3154 1041 3227 super
1059 3133 1125 3205 boc
1139 3145 1272 3208 nostras
1286 3136 1398 3228 vices,
1416 3137 1473 3208 cui
1490 3137 1593 3208 ctiam
1612 3135 1774 3209 dedimus
1790 3135 1827 3205 in
1842 3157 1946 3206 man-

534 3256 625 3329 datis
641 3264 679 3326 ut
697 3256 799 3327 vobis
821 3277 868 3328 cx
887 3265 985 3350 parte
1003 3265 1118 3328 nostra
1137 3268 1331 3332 constanter
1345 3261 1520 3355 promittat
1539 3269 1574 3332 et
1587 3259 1616 3332 si
1636 3281 1776 3332 necasse
1789 3259 1893 3330 luerit
1905 3278 1947 3329 ac

534 3379 715 3452 volueritis
726 3379 850 3452 debeat
859 3379 996 3452 realiter
1010 3379 1045 3451 iu
1057 3381 1172 3454 anima
1183 3391 1298 3454 nostra
1306 3384 1423 3474 jurare
1435 3383 1531 3477 quod
1540 3381 1947 3477 nunquamvosamplins

535 3526 556 3575 a
575 3513 691 3574 nostro
712 3511 747 3574 et
760 3501 896 3595 imperii
910 3502 1064 3575 dominio
1082 3505 1335 3575 subtrahemus.
1353 3505 1423 3576 Vos
1447 3527 1530 3598 ergo
1548 3503 1735 3577 intendatis
1748 3511 1783 3575 et
1797 3501 1947 3598 pareatis

533 3625 692 3698 eidem...
720 3624 756 3695 in
782 3623 942 3695 omnibus
965 3645 1185 3720 quecumque
1210 3627 1254 3700 dc
1278 3628 1427 3700 servitiis
1454 3629 1499 3725 (b)
1526 3629 1707 3701 nostriset
1735 3625 1872 3722 imperii
1900 3646 1948 3696 cx

534 3759 631 3845 parte
644 3747 751 3819 nostri
762 3746 924 3818 culminis
941 3744 1083 3818 duxerit
1097 3747 1321 3842 injungenda.
1340 3751 1381 3820 Ut
1394 3759 1508 3822 autem
1522 3749 1677 3845 predicta
1690 3748 1809 3822 omnia
1825 3767 1949 3842 perpe·

535 3881 634 3942 tuum
651 3871 756 3943 robur
772 3869 943 3940 firmitatis
959 3869 1152 3962 obtineant,
1173 3883 1347 3966 presentes
1369 3873 1498 3946 litteras
1512 3875 1606 3947 bulla
1625 3895 1731 3946 aurea
1749 3871 1886 3970 typario
1904 3869 1947 3965 (c)

535 4001 649 4064 nostre
664 3991 849 4084 majestatis
866 3992 1032 4086 impressa
1044 3992 1211 4085 jussimus
1225 3996 1440 4066 communiri.

583 4118 707 4188 Datum
722 4116 927 4207 brundusii,
947 4117 1027 4188 XXI
1040 4117 1149 4210 junii,
1166 4119 1276 4212 prime
1292 4119 1500 4191 indictionis.

577 4341 615 4420 (a)
628 4341 775 4402 Bconcldi
787 4345 896 4404 comitia
905 4343 984 4422 filio,
997 4346 1086 4419 male;
1102 4345 1201 4407 foranu
1216 4343 1326 4424 Spoleti
1338 4345 1417 4408 duco
1422 4345 1502 4426 filio.

578 4443 614 4524 (b)
629 4447 792 4518 Sententiis,
808 4449 894 4508 male.

579 4549 614 4628 (c)
634 4549 723 4626 Tappo,
734 4553 818 4610 male.
