4658 6132
343 622 440 684 lnior.
456 619 500 700 3,]
794 613 990 678 HISTORIA
1015 615 1307 680 otetousttctt.
1695 619 1750 682 1¹11

343 775 479 830 necnon
504 761 539 826 et
558 760 656 847 gratu
677 749 762 823 satis
786 757 821 824 et
842 758 983 846 accepta
1000 751 1141 826 servitia
1155 773 1226 847 que
1243 750 1421 824 Conradus
1437 749 1676 844 delioenlooh
1694 752 1754 825 di-

342 879 453 952 lectus
472 875 586 950 fidelis
605 881 720 946 noster
737 893 872 969 semper
886 872 1046 946 exhibuit
1066 873 1261 949 celsitudini
1275 883 1391 948 nostre
1408 883 1443 948 et
1455 895 1526 970 que
1546 873 1699 950 debono
1715 875 1753 949 io

344 1001 468 1076 melius
486 999 654 1074 exhibere
669 997 794 1095 poterit
815 996 1040 1092 infuturum,
1061 997 1107 1074 de
1121 1000 1240 1074 innata
1260 997 1495 1073 munificentie
1510 1008 1626 1072 nosue
1642 1000 1752 1094 gratia

342 1149 412 1222 qua
426 1122 668 1198 benemeritos
681 1131 716 1196 et
732 1120 851 1196 fideles
865 1129 998 1195 nostros
1015 1123 1259 1198 consuevimus
1274 1123 1471 1220 prevenire,
1486 1123 1708 1196 concedimus
1718 1132 1754 1197 et

343 1248 514 1324 donamus
525 1246 640 1319 sibiet
654 1243 729 1318 sois
742 1243 929 1318 heredibus
943 1244 1197 1340 inperpetuum
1208 1246 1408 1319 comitatum
1419 1245 1544 1320 llolisii
1559 1266 1639 1317 cum
1656 1245 1751 1319 omni

342 1371 486 1464 bonore,
496 1369 600 1464 justis
613 1367 809 1442 tenimentis
821 1375 857 1440 et
869 1367 1085 1463 pertinentiis
1098 1369 1184 1461 suis,
1201 1369 1291 1442 sicut
1304 1369 1363 1443 alii
1378 1369 1521 1444 comites
1535 1377 1688 1466 tempore
1699 1391 1753 1442 re-

344 1493 399 1590 gis
416 1493 588 1568 Guillelmi
605 1492 715 1566 felicis
728 1491 894 1566 memorie
907 1492 1102 1565 consobrini
1121 1494 1228 1566 nostri
1249 1494 1447 1568 comitatum
1465 1494 1580 1590 ipsum
1599 1494 1752 1568 tenuisse

345 1627 380 1694 et
393 1617 589 1716 possedisse
609 1625 798 1691 noscuntur
812 1623 882 1690 tam
900 1615 938 1688 in
957 1615 1118 1690 demanio
1131 1639 1237 1712 quam
1252 1617 1289 1690 in
1305 1617 1463 1710 servitio,
1480 1617 1642 1692 videlicet
1655 1617 1751 1712 quod

345 1742 382 1815 in
399 1741 559 1816 demanio
573 1741 610 1813 in
626 1739 825 1814 demanium
845 1747 880 1812 et
897 1738 992 1834 qnod
1010 1739 1047 1812 in
1065 1739 1204 1814 servitio
1223 1741 1260 1813 in
1276 1741 1474 1831 servitium,
1493 1741 1591 1816 salvo
1611 1741 1752 1814 servitio

342 1865 440 1964 quod
466 1865 549 1940 inde
568 1865 665 1938 curie
684 1872 801 1938 nostre
822 1861 980 1938 debetur.
1007 1865 1058 1936 De
1079 1863 1222 1962 speciali
1242 1886 1383 1962 quoque
1410 1863 1518 1960 gratia
1538 1863 1752 1938 celsitudinis

344 1997 459 2063 nostre
481 2012 552 2084 qua
577 1989 669 2063 dicto
691 1987 808 2061 comiti
831 1986 878 2060 ad
898 1986 1020 2060 merita
1038 1987 1304 2084 respondemus,
1323 1989 1513 2062 clausulam
1536 1987 1630 2062 illum
1654 1988 1750 2062 salvo

343 2113 508 2188 mandato
529 2123 564 2186 et
584 2111 801 2187 ordinatione
820 2119 936 2185 nostra
958 2133 1029 2205 que
1050 2109 1087 2184 in
1107 2111 1185 2184 aliie
1205 2111 1397 2208 privilegiis
1419 2112 1600 2185 consuevit
1621 2111 1749 2208 apponi

343 2239 493 2334 presenti
512 2235 697 2334 privilegio
711 2234 879 2331 jussimus
893 2257 962 2310 non
976 2235 1131 2308 inscribi.
1148 2235 1204 2310 Ad
1218 2235 1324 2330 hujus
1341 2237 1459 2332 itaque
1471 2235 1702 2309 concessionis
1716 2245 1751 2308 et

344 2361 539 2437 donationis
553 2369 668 2435 nostre
682 2359 882 2434 memoriam
894 2369 930 2434 et
946 2359 1053 2434 robur
1070 2370 1237 2456 perpetuo
1251 2361 1438 2434 valiturum
1452 2381 1594 2456 presens
1610 2359 1750 2456 privile-

344 2485 440 2581 gium
453 2507 516 2582 per
527 2507 653 2558 manus
669 2483 825 2582 Procopii
843 2481 888 2558 de
902 2483 1032 2560 blatern
1052 2483 1175 2558 notarii
1193 2491 1227 2557 et
1244 2482 1357 2558 fidelis
1372 2483 1478 2557 nostri
1494 2481 1568 2556 fieri
1583 2491 1618 2554 et
1637 2481 1750 2576 sigillo

343 2611 532 2704 majestatis
551 2618 667 2683 nostre
686 2609 854 2704 jussimus
877 2607 1100 2696 communiri,
1120 2627 1229 2700 anno,
1252 2627 1370 2680 mense
1394 2615 1429 2680 et
1449 2605 1638 2680 indictione
1658 2604 1750 2678 sub-

343 2733 491 2831 scriptis.

391 2859 517 2932 Datum
535 2856 651 2954 Capua
670 2855 740 2953 (l),
761 2877 852 2930 anno
871 2855 1044 2931 dominice
1057 2855 1302 2930 incarnationis
1320 2855 1501 2930 millesimo
1515 2855 1752 2932 ducentesimo

345 2979 508 3056 vicesimo
536 3001 646 3072 nono,
672 3000 791 3054 mensa
816 2977 1008 3070 decembri,
1036 2977 1135 3051 tertie
1157 2976 1373 3069 indictionis,
1399 2976 1587 3074 imperante
1609 2977 1750 3052 domino

344 3111 459 3176 nostro
474 3103 647 3178 Friderioo
663 3103 727 3178 Dei
746 3103 858 3198 gretia
879 3101 1105 3177 invictissimo
1126 3102 1356 3174 Romanorum
1376 3100 1596 3197 imperatore,
1616 3123 1751 3198 semper

344 3236 505 3322 augusto,
522 3229 709 3306 Jerusalem
723 3237 757 3303 et
770 3227 886 3302 Sicilie
897 3249 992 3323 rege,
1013 3249 1105 3301 anno
1125 3227 1260 3323 imperii
1277 3227 1353 3320 ejus
1368 3225 1521 3320 decimo,
1537 3227 1637 3320 regni
1652 3228 1749 3300 leru-

344 3349 452 3422 sulem
469 3350 602 3445 quinto,
618 3350 718 3445 regni
732 3371 817 3424 vero
830 3351 946 3424 Sicilie
960 3349 1131 3424 tricesimo
1144 3350 1311 3442 secundo,
1328 3350 1482 3423 feliciter.
1498 3349 1621 3422 Amen.

379 3627 415 3702 (t)
436 3629 610 3704 «Imperator
620 3631 757 3690 contendit
769 3631 886 3706 Capuam
901 3629 947 3688 ubi
968 3645 1030 3688 cum
1049 3629 1150 3705 ingenti
1165 3629 1260 3704 gaudio
1272 3629 1359 3687 mule
1375 3629 1482 3688 Domini
1502 3629 1634 3688 celebrat:
1646 3635 1676 3688 et
1686 3635 1751 3687 nmo

345 3725 472 3786 »multos
488 3727 522 3786 de
541 3727 607 3786 Sora
622 3728 669 3804 qui
682 3728 781 3805 captivi
797 3729 958 3789 tenebantur
974 3727 1074 3787 ibidem
1093 3741 1159 3785 suae
1169 3725 1286 3786 reddidit
1299 3726 1448 3787 libertati.»
1461 3727 1536 3786 llice.
1547 3741 1583 3786 ns
1600 3725 1628 3785 S.
1643 3725 1748 3800 Gna,

345 3821 471 3882 Olmie.
488 3823 525 3882 od
536 3841 603 3884 urm.
