4642 6106
566 609 629 672 scr
1063 605 1278 672 rnrnnnrcr
1303 609 1479 672 sncounr
1792 611 1873 692 [ιιι.
1891 611 1978 676 rear.

614 745 690 839 Ego
706 743 877 816 Vivianus
894 741 1047 816 notarius
1067 753 1176 818 totum
1195 743 1291 840 qnod
1312 767 1419 844 snpra
1438 745 1635 820 continetur
1654 745 1690 818 iu
1709 745 1830 820 litteris
1850 747 1981 822 domini

550 867 783 966 'imperatoris
806 889 870 940 sun
886 867 1000 962 sigillo
1019 889 1097 941 cere
1117 869 1261 942 munitis
1283 869 1452 966 scriptum
1475 873 1613 961 inveni,
1634 879 1671 943 et
1693 891 1773 943 cum
1797 870 1982 946 Aoccrsino

568 993 702 1067 Feulini
728 1001 763 1065 et
780 991 953 1065 Bacelerio
970 993 1137 1066 Bumaoci
1165 993 1349 1088 diligenter
1371 993 1565 1068 adscultavi
1588 993 1673 1068 viris
1695 993 1867 1088 litterulis,
1889 995 1984 1092 ipsae

570 1119 701 1190 litteras
714 1115 969 1212 exemplando,
993 1117 1042 1188 nil
1060 1116 1195 1191 addens
1211 1117 1268 1190 vel
1282 1117 1498 1210 diminuens,
1514 1127 1549 1190 et
1565 1117 1612 1192 cd
1626 1121 1788 1212 majorem
1804 1117 1908 1194 fidem
1922 1121 1984 1194 ba·

571 1237 721 1316 bendum
742 1241 880 1337 puplice
903 1261 959 1313 me
977 1239 1185 1338 subscripsi,
1208 1241 1244 1314 ln
1267 1263 1360 1316 nnnc
1384 1241 1521 1314 Domini
1544 1241 1726 1315 millesimo
1749 1242 1985 1317 ducentesimo

571 1366 745 1462 trigesimo
759 1365 886 1462 primo,
904 1363 963 1438 die
977 1365 1054 1436 XVI
1069 1361 1236 1438 kalendas
1259 1365 1357 1458 maii,
1375 1364 1565 1439 indictione
1578 1373 1713 1460 quarta.

432 1991 494 2030 Ν
632 1973 838 2085 Gregorius
860 1999 962 2084 papa
983 1973 1217 2058 Friderioum
1239 1969 1501 2098 Romanorum
1526 1971 1793 2082 impensiorem
1815 1971 1991 2056 hortatur

579 2117 621 2191 ut
638 2106 900 2218 Hospitaleriis
922 2117 960 2189 et
977 2104 1201 2216 Templnriis
1225 2104 1353 2190 ablata
1375 2105 1522 2190 restitui
1544 2106 1677 2213 faciat,
1693 2107 1742 2190 de
1759 2105 1992 2217 quibusdum

580 2265 680 2352 quae
697 2239 818 2324 abbas
835 2239 1063 2324 Caenemarii
1077 2265 1125 2324 ex
1138 2247 1246 2349 porte
1262 2237 1345 2350 ejus
1362 2239 1435 2322 sibi
1448 2239 1646 2350 proposuit
1659 2241 1708 2324 ad
1720 2249 1870 2350 tempus
1887 2239 1993 2323 nliud

581 2399 805 2484 responsum
829 2373 1008 2480 remittit,
1023 2381 1228 2482 monetque
1245 2397 1295 2455 ne
1311 2372 1398 2457 illos
1421 2373 1469 2456 de
1487 2398 1606 2484 regno
1621 2374 1688 2486 qni
1710 2373 1899 2458 Ecclesiae
1917 2373 1993 2458 ad-

581 2507 785 2591 haeserunt
797 2504 1042 2588 transfretare
1055 2505 1272 2616 compellet.

662 2747 778 2830 (ment.
794 2747 949 2828 elingem
962 2748 1083 2826 osmer.
1099 2745 1153 2823 Ill,
1166 2763 1234 2810 nun
1250 2747 1305 2824 lv,
1317 2746 1361 2808 ι’·
1376 2745 1616 2828 rra-rums.)

632 2962 832 3056 Gregorius,
859 2972 949 3055 etc,
971 2961 1152 3038 Frederico
1171 2963 1403 3036 Romanorum
1425 2961 1621 3059 imperatori
1644 2983 1779 3058 semper
1795 2972 1945 3057 augusto
1962 2973 1998 3036 et

585 3086 659 3180 regi
675 3085 800 3182 Sicilie.
818 3085 854 3158 Si
871 3107 952 3158 vere
965 3085 1154 3180 desideras,
1169 3087 1260 3160 sicut
1272 3085 1391 3176 decet,
1407 3095 1448 3158 nt
1461 3087 1563 3158 Terre
1584 3089 1708 3160 Sancte
1729 3085 1905 3178 negotium
1926 3107 1996 3160 non

587 3212 744 3284 turbetur
763 3209 826 3284 sed
844 3211 959 3308 polius
975 3211 1163 3304 dirigatur,
1183 3211 1328 3309 expedit
1350 3220 1388 3284 ut
1406 3209 1650 3308 Hospitalarios
1666 3221 1701 3285 et
1714 3211 1923 3307 Templarios
1935 3232 1999 3307 per

587 3357 675 3431 quos
689 3345 778 3408 terra
791 3334 849 3408 illa
861 3345 913 3407 est
927 3335 1015 3409 inter
1026 3337 1152 3410 multas
1163 3335 1342 3430 angustias
1353 3333 1520 3408 hactenus
1531 3335 1723 3430 gubernata
1735 3344 1770 3408 et
1783 3335 1858 3408 siue
1869 3333 2000 3430 quibus

589 3481 807 3554 nequequam
821 3480 924 3554 posse
938 3457 1097 3534 credatur
1111 3459 1309 3555 gubernari,
1321 3459 1414 3531 nulla
1428 3459 1663 3533 molestatione
1674 3459 1797 3555 fatiges
1808 3461 1871 3536 sed
1884 3461 2000 3556 potius

588 3581 813 3657 beneficentio
844 3583 955 3678 gratia
982 3585 1220 3680 prosequaris,
1236 3585 1287 3657 sic
1308 3604 1417 3678 agens
1434 3581 1612 3679 proprium
1626 3583 1808 3672 iuteresse,
1839 3593 1879 3656 ut
1902 3585 2000 3681 apud

590 3711 701 3780 Deum
717 3708 984 3802 incomparabile
1003 3707 1245 3781 tibimeritum
1259 3729 1437 3804 compares
1455 3715 1490 3780 et
1506 3705 1601 3802 apud
1618 3705 1776 3780 homines
1792 3727 1918 3782 nomen
1932 3709 2003 3782 bo—

592 3855 689 3903 nnm.
710 3833 800 3904 Saue
822 3841 862 3902 nt
881 3841 1057 3904 taceamus
1079 3831 1175 3925 quod
1196 3833 1300 3906 uobis
1321 3831 1528 3906 mordaciter
1547 3831 1884 3927 exprobraturquod
1899 3833 2002 3928 quasi

593 3965 831 4028 momentonea
844 3955 984 4029 videtur
995 3956 1102 4030 luisse
1114 3956 1285 4052 possessio
1299 3955 1345 4028 de
1359 3955 1427 4028 illis
1440 3975 1510 4050 que
1523 3975 1586 4050 per
1599 3975 1662 4028 noe
1675 3953 1743 4028 sibi
1757 3955 1913 4030 restituta
1926 3956 2002 4030 lue·

593 4091 691 4170 runt,
706 4101 800 4153 nnnc
813 4081 949 4153 illorum
964 4101 1152 4175 gravamen
1164 4088 1200 4153 et
1213 4077 1443 4152 amaritudine
1454 4077 1591 4173 plenam
1606 4099 1675 4152 non
1689 4097 1874 4175 possumus
1885 4079 2005 4153 obau-

594 4207 669 4280 dire
688 4205 864 4300 querelam
891 4205 1151 4278 lamentantium
1173 4203 1270 4301 qnod
1295 4224 1407 4300 nuper
1428 4211 1509 4275 snut
1526 4211 1561 4276 et
1575 4203 1652 4277 aliis
1672 4203 1827 4300 spoliati,
1842 4225 1922 4278 curn
1939 4225 2005 4278 nec

594 4331 722 4403 vellent
734 4349 799 4402 neo
817 4329 972 4401 valerent
987 4329 1077 4421 juris
1094 4328 1251 4402 ordinem
1270 4327 1457 4400 declinare.
1474 4326 1588 4414 Quare
1601 4347 1671 4400 non
1688 4336 1742 4400 eet
1757 4326 1904 4401 dubium
1917 4329 2005 4423 quin

593 4453 723 4529 exinde
748 4451 869 4548 gravia
892 4451 1025 4548 possint
1040 4453 1142 4526 Terre
1159 4453 1282 4526 Sancte
1305 4449 1488 4546 dispendia
1506 4449 1699 4544 imminere,
1714 4471 1795 4524 cnm
1813 4449 2005 4544 indigentia

596 4580 790 4652 laborantes
803 4597 874 4649 non
892 4575 1042 4649 babeant
1056 4575 1150 4650 unde
1164 4584 1289 4649 terram
1305 4575 1418 4671 ipsam
1434 4573 1572 4648 valeant
1584 4595 1680 4648 more
1693 4575 1792 4648 solito
1809 4573 2003 4648 defensare.

598 4705 642 4776 Ut
656 4703 762 4798 igitur
785 4701 993 4775 conscientie
1010 4701 1148 4797 proprie
1165 4723 1230 4774 nec
1248 4721 1319 4772 non
1337 4699 1430 4773 lame
1447 4708 1516 4773 tam
1536 4707 1651 4774 nostre
1663 4719 1768 4795 quum
1784 4695 2009 4796 tueprovide
