4642 6106
572 565 632 625 nto
1073 563 1286 625 Fatosntct
1311 563 1483 626 securint
1793 555 1873 642 [tn.
1891 557 1979 620 lm

619 695 814 768 Friderious
838 695 1104 794 [Romanorum]
1124 695 1325 794 imperator,
1346 701 1683 794 sempsr'angustus,
1709 693 1920 766 Hierusalem
1945 703 1983 763 et

572 821 686 894 Sicilie
700 842 762 892 rex
765 874 1259 893 .............
1280 822 1336 896 Ad
1351 819 1618 918 supplicationes
1633 817 1745 889 fratris
1758 815 1918 890 Hermoni
1935 815 1984 888 de

572 947 751 1040 Petregors
765 944 817 1042 (l)
834 945 959 1018 domus
974 945 1095 1018 militie
1108 945 1239 1042 Templi
1254 947 1289 1020 in
1305 947 1420 1020 Sicilia
1433 943 1633 1020 etCalabn'a
1646 939 1853 1036 preceptoris
1864 939 1981 1013 eidem

572 1069 691 1142 domni
708 1068 840 1163 Templi
860 1068 1083 1142 concedimus
1099 1079 1134 1142 ct
1148 1069 1392 1144 confirmamus
1410 1065 1460 1164 (c)
1474 1069 1576 1160 J'uxtu
1593 1067 1669 1159 ejus
1693 1061 1873 1159 privilegia
1892 1060 1983 1134 teni·

572 1201 725 1264 mentum
744 1199 911 1263 terrarum
927 1190 1097 1264 cultarum
1112 1201 1147 1264 et
1163 1193 1368 1264 incultarum
1384 1189 1481 1287 quod
1496 1189 1623 1262 dicitur
1635 1189 1825 1261 Pantaunm
1844 1185 1981 1258 Salsum

571 1315 607 1386 in
624 1315 809 1388 tenimento
828 1313 979 1405 lentini,
996 1315 1087 1387 sieut
1106 1337 1221 1388 comes
1234 1316 1433 1411 Rapnaldus
1451 1313 1497 1387 de
1513 1312 1649 1385 Modica
1663 1311 1716 1406 (2)
1729 1311 1843 1384 eidem
1857 1305 1980 1380 domni

571 1445 803 1526 concesserat,
823 1439 963 1510 barcam
980 1439 1027 1512 ud
1041 1461 1144 1512 usum
1160 1439 1316 1536 piscandi
1343 1461 1405 1535 per
1427 1449 1536 1512 totum
1555 1457 1720 1530 magnum
1744 1435 1874 1506 llnmen
1892 1433 1981 1504 Len·

573 1563 648 1650 tini,
666 1562 847 1658 piscariam
860 1563 1032 1635 alosarum
1050 1563 1223 1635 ellectum
1238 1563 1352 1636 balate
1366 1565 1402 1634 in
1417 1562 1492 1658 ipso
1506 1559 1684 1634 llnminca
1700 1567 1796 1655 petra
1814 1558 1881 1629 lata
1898 1577 1983 1628 con·

573 1687 636 1760 sita
654 1687 690 1758 in
708 1693 808 1782 portu
826 1685 1008 1758 barcarum
1021 1685 1087 1782 (3),
1105 1695 1189 1776 etc.;
1211 1687 1435 1760 tenimentum
1451 1693 1616 1758 terrarum
1630 1692 1665 1756 et
1675 1681 1823 1756 nemoris
1838 1677 1984 1754 ecclesie

572 1810 687 1882 Sancti
704 1809 874 1882 Lconardi
900 1808 946 1881 de
967 1809 1109 1905 Templo
1135 1809 1310 1883 incudem
1331 1810 1517 1883 tenimento
1539 1806 1693 1898 Lentim,
1715 1807 1814 1898 cnjus
1834 1805 1921 1876 lineo
1944 1801 1982 1874 hi

573 1943 656 2005 sunt
672 1959 681 2002 :
698 1931 744 2004 ab
765 1954 834 2004 una
846 1942 944 2027 parte
959 1933 1054 2006 littus
1072 1933 1197 2022 maris,
1215 1933 1261 2008 ab
1280 1933 1348 2007 alia
1369 1935 1498 2006 llnmen
1518 1951 1684 2025 magnum
1698 1928 1851 2018 lentini,
1870 1947 1985 2022 asep-

575 2055 743 2129 tentrione
756 2065 838 2126 sunt
852 2054 965 2128 divise
982 2055 1262 2150 pertinentiarum
1278 2057 1404 2130 Catane
1424 2077 1534 2150 usqne
1545 2053 1591 2128 ad
1609 2063 1758 2127 montem
1769 2051 1897 2124 Album
1908 2071 1985 2124 arc·

576 2200 699 2252 narum
713 2187 748 2250 et
766 2176 895 2250 deinde
912 2179 1109 2275 proceditur
1125 2203 1237 2276 usqne
1250 2179 1298 2254 ad
1313 2181 1408 2252 littus
1421 2179 1526 2252 muris
1542 2189 1578 2252 et
1594 2199 1656 2274 per
1672 2179 1767 2250 littus
1784 2175 1831 2250 ad
1855 2175 1984 2268 logiam

576 2300 720 2396 predicti
743 2302 896 2374 lluminis
919 2302 1035 2396 magni
1057 2303 1203 2376 lentini.
1226 2305 1370 2400 lnsnper
1394 2303 1572 2398 quoddam
1594 2301 1722 2374 viniale
1744 2301 1780 2372 in
1800 2299 1987 2372 tenimento

575 2424 708 2498 Lentini
729 2425 763 2496 in
784 2426 859 2498 loco
876 2425 937 2520 qui
958 2425 1085 2498 dicitnr
1105 2427 1280 2500 Bullotoni
1302 2429 1405 2520 juxta
1427 2437 1534 2500 terras
1554 2425 1669 2498 Sancti
1690 2423 1854 2522 Rapneri3
1873 2425 1988 2496 manle

575 2549 813 2621 ltahalmassar
834 2547 869 2619 in
889 2547 1012 2622 eodem
1038 2549 1225 2624 tenimento
1240 2551 1391 2642 lentini,
1413 2552 1501 2624 inlra
1517 2549 1612 2646 quod
1635 2549 1747 2622 casale
1768 2555 1822 2622 est
1842 2545 1987 2620 ccclesia

576 2671 691 2742 Sancti
708 2671 934 2744 Bartholomei
949 2671 1104 2764 ejusdem
1121 2673 1246 2746 domus
1264 2674 1413 2770 Templi;
1431 2672 1618 2770 qnamdam
1632 2683 1756 2746 terram
1771 2693 1841 2766 qne
1859 2670 1988 2745 dicitnr

577 2795 778 2866 Custumcra
801 2793 837 2864 iu
857 2793 1051 2868 confinibus
1069 2797 1191 2868 casalis
1209 2795 1255 2869 de
1271 2797 1465 2890 Bnlgurano
1481 2795 1526 2870 de
1545 2795 1667 2870 eodem
1693 2795 1879 2868 tenimento
1896 2796 1985 2867 [en-

578 2917 653 2988 tini.
673 2919 815 3012 lusnper
834 2917 1055 2990 concedimus
1071 2929 1112 2990 nt
1128 2919 1229 2991 liceat
1243 2919 1406 2992 iratribus
1424 2919 1549 2992 domus
1564 2919 1695 3015 Templi
1708 2939 1843 2991 sumere
1857 2939 1984 3012 aquarn

578 3062 744 3134 amagno
765 3039 908 3112 numine
926 3039 1058 3111 Lentini
1083 3052 1118 3112 et
1142 3041 1268 3114 ducere
1291 3065 1354 3138 per
1378 3054 1485 3116 terras
1508 3043 1685 3116 tenimenti
1704 3043 1847 3116 ecclesie
1868 3042 1984 3114 Sancti

579 3164 745 3238 Lconardi
760 3163 805 3236 de
819 3164 959 3259 Templo
974 3175 1010 3236 et
1023 3163 1231 3238 conductum
1247 3167 1283 3238 in
1301 3167 1386 3240 alias
1401 3178 1507 3242 terras
1521 3169 1557 3240 in
1569 3189 1715 3261 purgem
1733 3189 1832 3240 snam
1846 3177 1985 3262 propter

578 3291 703 3382 logiam
715 3289 832 3380 magni
842 3287 994 3360 ssuminis
1005 3288 1138 3360 lentini
1150 3297 1184 3362 ct
1193 3289 1374 3384 piscariam
1384 3292 1433 3364 ibi
1445 3293 1569 3381 lacere,
1580 3301 1685 3384 atque
1696 3291 1797 3363 liceat
1805 3288 1907 3363 dictis
1918 3291 1985 3361 fra·

579 3415 686 3486 tribus
701 3433 837 3485 sumere
851 3433 977 3506 aquam
988 3433 1008 3484 a
1021 3411 1113 3484 dicto
1127 3413 1268 3485 flumine
1281 3413 1378 3507 quod
1389 3413 1516 3488 dicitnr
1525 3413 1570 3486 dc
1581 3415 1724 3487 lentico
1738 3424 1773 3486 et
1784 3412 1911 3487 ducere
1923 3434 1986 3507 per

577 3549 682 3610 terrae
703 3537 824 3610 casalis
837 3536 1086 3609 llahalmassar.
1102 3537 1257 3610 Pretcrea
1271 3533 1515 3610 confirmamus
1532 3537 1623 3610 bona
1638 3535 1794 3630 ejusdem
1810 3535 1984 3609 demusin

577 3662 761 3734 tenimento
770 3659 990 3750 paternionis,
1005 3659 1167 3732 videlicet
1177 3661 1414 3736 molendinum
1430 3661 1475 3734 de
1488 3661 1625 3751 Salinis,
1637 3659 1846 3756 terrasapnd
1858 3657 1986 3732 Cardo·

578 3784 700 3875 nilum,
715 3795 822 3857 terras
832 3783 916 3856 alius
929 3791 965 3855 et
974 3783 1151 3875 olivetum,
1164 3793 1289 3856 terram
1301 3784 1429 3858 dictam
1439 3785 1629 3880 deLegano
1638 3794 1673 3858 ct
1686 3785 1753 3860 alia
1763 3785 1853 3858 bona
1863 3793 1899 3857 et
1909 3803 1986 3879 pos·

622 3985 664 4065 (a)
686 3988 741 4064 Ap.
757 3991 874 4050 Plrrurn
888 3993 918 4048 et
931 3987 1019 4062 inira,
1033 3985 1171 4060 concedit,
1185 3983 1349 4067 mosterot.

591 4160 593 4164 v
606 4159 769 4169 ——--.-—-—

617 4271 651 4343 (tl
670 4271 778 4329 Scilicet
790 4273 956 4330 llermannus
968 4272 1002 4329 de
1013 4271 1163 4345 Pierregort
1175 4271 1320 4346 (Perigord)
1333 4271 1376 4330 vel
1389 4273 1423 4331 de
1436 4273 1571 4348 Pan-agos,
1582 4273 1628 4348 qui
1639 4275 1799 4345 amornec,
1812 4285 1906 4330 meuse
1915 4287 1987 4328 mar·

582 4368 618 4424 tio
633 4367 675 4425 vel
689 4368 779 4442 aprili,
793 4369 918 4442 mugieter
936 4368 1031 4426 domus
1047 4369 1256 4446 Templariorum
1274 4371 1330 4443 jam
1342 4377 1453 4429 vocatur
1465 4371 1492 4428 in
1508 4373 1618 4430 Coctia.
1629 4369 1715 4430 Guill.
1730 4373 1806 4444 cpe,
1816 4369 1881 4428 edit.
1892 4369 1984 4440 Gula,

582 4481 610 4536 p.
625 4465 686 4521 ten.
694 4465 790 4522 Errare
801 4471 891 4522 numm
903 4466 1027 4523 videntur
1040 4467 1085 4541 qni
1098 4469 1131 4526 ad
1140 4485 1203 4526 ann.
1216 4471 1284 4527 ttec
1294 4467 1598 4544 magisteriom‘ejnsdem
1611 4469 1697 4543 prima
1708 4470 1767 4527 vioe
1781 4475 1940 4526 memorant.

554 4573 558 4582 ’
616 4561 654 4632 (2)
672 4561 746 4618 ldsnr
758 4577 790 4618 ac
799 4561 894 4618 llccc:
903 4562 975 4634 qood
988 4564 1015 4619 in
1028 4563 1196 4622 documentis
1205 4567 1360 4624 normannis
1372 4566 1537 4640 frequentius
1546 4573 1665 4642 apparet.

617 4655 651 4728 tt)
670 4657 730 4716 Vid.
741 4657 930 4716 documentum
941 4675 1003 4716 ann.
1018 4663 1097 4730 llll,
1112 4677 1204 4720 mense
1214 4663 1300 4736 junio.
