4658 6132
556 617 597 680 et
1054 617 1265 682 ltulltssttlcl
1291 623 1463 688 saeuum
1767 624 1846 702 [bru.
1866 625 1952 687 1229.

557 753 671 839 solus,
695 749 826 844 quique
849 749 991 844 antique
1018 751 1251 829 misericordie
1275 780 1338 832 sue
1354 781 1424 833 non
1440 759 1567 832 oblitus
1583 779 1624 831 ea
1646 757 1811 830 miracula
1831 759 1956 830 nostris

556 874 768 970 temporibus
790 873 970 946 innovavit
993 896 1063 968 que
1084 877 1206 952 fecisse
1226 879 1352 975 legitur
1376 883 1412 954 in
1432 883 1557 958 diebus
1581 880 1749 976 antiquis,
1775 881 1858 976 quia
1875 903 1955 954 cum

554 1000 629 1096 ipse
643 1007 682 1072 ut
694 1007 808 1070 nolam
821 994 867 1093 (a)
881 997 984 1070 iaciat
999 1000 1185 1093 potentiam
1204 1025 1303 1076 suam
1322 1028 1457 1103 semper
1471 1027 1540 1078 non
1560 1005 1596 1077 in
1613 1003 1783 1098 cquisaut
1798 1003 1955 1076 curribus

553 1123 730 1218 glorietur,
754 1144 848 1194 nunc
866 1122 964 1195 dedit
979 1123 1046 1196 sibi
1064 1125 1207 1219 gloriam
1227 1128 1263 1200 in
1279 1131 1451 1226 paucitate
1469 1131 1621 1202 viromm
1639 1137 1680 1200 ut
1696 1136 1904 1222 cognoscant
1921 1137 1956 1200 et

553 1247 744 1340 intelligent
758 1267 878 1318 omnes
891 1256 1011 1340 gentes
1023 1248 1119 1342 quod
1133 1250 1208 1346 ipsc
1223 1252 1268 1323 sit
1282 1255 1442 1326 terribilis
1456 1255 1493 1326 in
1505 1251 1769 1348 magnificentia,
1787 1251 1956 1346 gloriosus

553 1372 589 1444 in
602 1373 777 1464 majestate
790 1379 825 1442 et
837 1370 1005 1444 mirabilis
1020 1371 1056 1442 in
1070 1374 1221 1448 consiliis
1236 1399 1341 1472 snper
1354 1377 1443 1450 lilios
1453 1376 1702 1473 hominumn),
1724 1397 1804 1448 cum
1820 1375 1856 1446 in
1870 1396 1956 1470 pan·

553 1496 603 1568 cis
618 1495 742 1568 diebus
767 1494 840 1566 istis
856 1493 1059 1568 miraculose
1078 1498 1193 1593 potius
1221 1522 1324 1594 quam
1350 1501 1501 1574 virtuose
1527 1501 1704 1595 negotium
1732 1498 1819 1570 illud
1845 1495 1888 1593 (e)
1913 1496 1957 1568 sit

553 1619 695 1691 feliciter
718 1627 912 1714 peractum,
933 1619 1067 1712 quoda
1088 1620 1200 1715 longis
1217 1623 1392 1695 retroactis
1411 1621 1621 1718 temporibus
1642 1621 1741 1694 multi
1755 1627 1910 1715 potentes
1924 1628 1957 1690 et

553 1742 682 1816 diversi
697 1742 869 1838 principes
885 1743 978 1816 orbis
992 1765 1057 1816 nec
1071 1744 1107 1816 in
1124 1747 1344 1820 multitudine
1358 1747 1511 1842 gentium
1528 1746 1579 1843 (d)
1593 1767 1658 1818 nec
1677 1767 1739 1840 per
1754 1753 1883 1816 metum
1897 1751 1957 1814 eut

553 1866 732 1961 quodlibet
754 1865 852 1938 aliud
876 1867 988 1939 faeere
1018 1877 1215 1962 potuerunt.
1253 1871 1282 1942 0
1309 1893 1414 1966 quam
1432 1871 1606 1944 laudanda
1629 1867 1684 1964 (a)
1705 1877 1758 1942 est
1776 1865 1956 1940 clementia

554 1989 720 2062 Creatoris
731 1989 775 2085 (t)
787 1997 821 2061 ct
832 2011 937 2082 quam
949 1989 1134 2064 metuenda
1142 2013 1278 2090 semper
1288 1995 1438 2090 potentia
1447 1994 1584 2067 virtutis
1594 1993 1718 2090 ipsius,
1734 1991 1818 2086 quia
1828 2012 1908 2062 cum
1921 1989 1957 2062 in

554 2113 747 2185 bumilitate
763 2111 888 2184 mentis
902 2121 937 2186 et
953 2111 1138 2187 devotione
1150 2116 1264 2190 cordis
1281 2139 1418 2214 semper
1439 2117 1706 2214 processerimus
1718 2113 1765 2188 ad
1779 2112 1957 2186 servitium

554 2243 711 2306 sanctum
725 2236 814 2327 ejus,
829 2235 929 2308 nobis
943 2235 1412 2335 abipsoprincipiooonsilio
1427 2239 1668 2337 (pernuntio
1685 2259 1749 2312 sue
1765 2258 1836 2310 non
1850 2235 1959 2309 defuit

553 2355 701 2452 pietatis.
723 2357 870 2451 Oquam
888 2357 1113 2453 glorificanda
1130 2371 1182 2434 est
1194 2362 1375 2438 ineffabilis
1395 2361 1630 2438 misericordia
1642 2359 1880 2456 Redempton's
1898 2357 1958 2453 qui

554 2503 659 2576 super
674 2479 838 2554 devotum
860 2483 1028 2578 populum
1050 2505 1152 2558 suum
1170 2487 1320 2581 peccatis
1345 2488 1470 2560 nostris
1488 2485 1693 2560 iacientibus
1706 2482 1840 2556 tamdiu
1854 2481 1959 2554 dere-

554 2605 673 2676 lictum
697 2625 790 2677 nunc
810 2626 857 2677 ex
879 2606 949 2678 alto
973 2606 1179 2700 respiciens,
1201 2609 1317 2705 ipsum
1334 2609 1526 2682 secundnm
1542 2608 1800 2680 miserationum
1817 2625 1958 2678 suarum

555 2727 812 2801 multitudinem
831 2726 998 2799 visitavit.
1024 2729 1114 2800 llcee
1136 2751 1230 2801 nunc
1252 2731 1394 2824 quidem
1417 2731 1492 2806 dies
1514 2731 1572 2802 illa
1593 2729 1750 2803 salubris
1768 2726 1959 2802 advenitin

553 2873 624 2946 qua
636 2851 710 2924 veri
722 2851 914 2923 christicole
928 2851 1076 2924 salutare
1092 2874 1194 2924 sunm
1212 2853 1571 2948 accipiuntnDomino
1583 2855 1655 2926 lleo
1668 2874 1746 2942 suo,
1767 2860 1807 2923 ut
1819 2869 1962 2944 cognos-

555 2983 610 3046 oat
635 2983 670 3046 et
697 2973 865 3066 intelligat
886 2973 979 3046 orbis
1004 2983 1170 3046 terrerum
1197 2975 1292 3068 qnod
1311 2975 1386 3071 ipse
1399 2985 1451 3048 est
1464 2986 1498 3050 et
1514 2997 1583 3048 non
1600 2976 1690 3048 alius
1707 2973 1768 3068 qui
1781 2993 1960 3047 servorum

554 3119 698 3170 suorum
710 3097 855 3170 salutem
870 3096 1011 3191 quando
1030 3099 1107 3170 vult
1120 3107 1155 3170 et
1165 3100 1340 3192 quomodo
1357 3100 1434 3172 vult
1451 3107 1624 3194 operatur.
1640 3097 1959 3173 lleoolimusautem

555 3220 651 3316 quod
675 3241 721 3292 ex
744 3219 787 3292 iis
814 3240 884 3313 que
900 3229 1114 3314 ‘procurante
1133 3219 1308 3294 Altissimo
1335 3220 1371 3292 in
1397 3221 1567 3317 principio
1598 3241 1757 3294 accessus
1783 3216 1890 3290 nostri
1914 3213 1961 3288 ad

555 3343 671 3416 Ancon
689 3340 739 3440 (t)
753 3343 853 3416 nobis
871 3341 1014 3414 feliciter
1031 3342 1268 3437 contigerunt,
1293 3352 1443 3416 vestram
1458 3343 1675 3418 devotionem
1698 3343 1843 3414 fecimus
1862 3341 1963 3435 plene

557 3477 696 3541 certam.
715 3468 814 3538 Nunc
833 3475 949 3539 autem
969 3466 1014 3540 de
1035 3467 1327 3562 subsequentibus
1345 3467 1517 3562 prosperis
1537 3467 1630 3540 omni
1648 3465 1777 3562 gaudio
1801 3473 1837 3535 et
1856 3461 1963 3535 felici·

557 3601 625 3665 tate
637 3591 824 3685 maj0ribus
840 3613 909 3686 que
920 3601 1082 3687 operante
1096 3583 1169 3664 sola
1184 3591 1312 3665 virtute
1332 3591 1451 3666 divina
1468 3591 1569 3664 nobis
1580 3589 1799 3687 postmodum
1815 3607 1963 3660 omersc-

597 3776 636 3849 (τι)
659 3776 800 3854 Prologus
813 3775 929 3835 brevior
943 3791 991 3853 ap.
1006 3775 1094 3837 llatt.
1107 3777 1215 3850 Parte,
1230 3779 1273 3839 lta
1286 3783 1347 3838 estc
1362 3771 1786 3837 monmorenciacensem
1796 3772 1830 3831 in
1842 3769 1965 3831 nomm

557 3891 585 3943 et
598 3880 760 3963 glorientur
767 3881 883 3960 pariter
894 3881 967 3941 recti
978 3879 1061 3940 corde
1073 3883 1124 3962 qni
1134 3889 1169 3942 ut
1182 3889 1295 3955 notam,
1310 3889 1363 3944 cre.

597 3985 637 4062 (b)
656 3987 784 4048 Addltur
796 4003 845 4064 ap.
860 3985 947 4048 Matt.
962 3987 1056 4049 Paris.
1070 4006 1078 4046 r
1091 3987 1152 4047 Pro
1164 3985 1310 4048 voluntate
1323 4004 1377 4048 rua
1391 3993 1518 4066 tempora
1526 3992 1643 4047 memor
1651 3991 1679 4046 ct
1685 3981 1864 4045 nemnem
1876 3977 1964 4042 cordo

559 4095 689 4175 pontiam
700 4095 734 4154 ic
746 4111 838 4154 enum
851 4099 1027 4154 omnum.

599 4203 637 4274 (r)
659 4198 912 4277 Ap.,Sudcnrlorl,
923 4203 1021 4258 scaete
1035 4203 1110 4260 terre
1118 4197 1270 4282 negotiaori.

603 4301 646 4382 (d)
668 4303 746 4364 ado.
761 4319 808 4378 sp.
825 4303 908 4363 Matr.
924 4304 1018 4365 Parte.
1034 4321 1043 4364 r
1057 4302 1116 4365 Nec
1123 4320 1180 4384 pcr
1191 4303 1265 4363 cirre
1277 4308 1537 4384 momentumque
1545 4297 1676 4382 moder.

605 4407 642 4486 (ι)
663 4409 744 4469 llaec
757 4413 787 4466 et
800 4410 951 4484 sequentis
962 4423 1057 4486 usque
1070 4409 1109 4468 sd
1123 4425 1159 4468 cc
1171 4403 1283 4490 [igitur]
1296 4405 1396 4490 bucer
1407 4425 1499 4468 senno
1510 4408 1618 4470 (lerunt
1630 4423 1678 4484 op.
1693 4405 1781 4467 Matr.
1797 4404 1893 4466 Puris.

604 4511 648 4593 U)
669 4511 918 4589 Apsudendorl,
932 4509 1138 4591 emptore.

605 4615 646 4698 (g)
668 4615 726 4692 ap.
742 4615 921 4690 Sudendort,
936 4615 1037 4696 Defuit
1049 4617 1193 4678 seruitutis
1206 4624 1233 4680 ct
1247 4619 1383 4699 quonium
1395 4619 1481 4680 male.

606 4719 647 4800 (Ιι)
669 4721 752 4783 Alias
764 4737 853 4801 urqrtt
864 4719 1054 4782 aramme.
