4658 6132
534 651 574 713 96
1032 655 1444 722 Fulusn1c1·sttculln1
1751 663 1828 746 [aar.
1847 665 1933 728 1229.

533 786 706 860 exercitus
721 787 771 858 sic
781 787 846 858 luit
862 788 1005 862 satiatus
1018 792 1118 866 bonis
1129 795 1290 866 omnibus
1303 805 1338 867 et
1348 794 1493 869 refertus
1505 797 1600 891 quod
1614 807 1727 892 preter
1737 800 1936 893 peregrinos

533 921 568 984 et
577 911 710 1004 aliquos
725 912 809 983 forte
822 933 990 1007 pauperes
1001 917 1234 990 mendicantes
1248 919 1284 988 in
1300 920 1469 1008 exercitu,
1490 921 1621 1014 ubique
1638 921 1754 992 nullus
1767 922 1833 992 fuit
1845 923 1935 994 alins

533 1035 618 1129 quin
631 1035 821 1108 necessaria
832 1038 1028 1132 recepisset,
1041 1035 1196 1136 alterpm
1208 1063 1291 1133 uno,
1307 1043 1392 1115 alter
1405 1065 1467 1138 pro
1482 1043 1620 1116 duobus
1634 1044 1811 1118 mensibus
1824 1047 1934 1118 abun·

521 1159 670 1250 denter,
685 1167 719 1232 et
732 1159 848 1232 adbuc
858 1155 1048 1234 ¹secundum
1062 1165 1313 1238 miserationem
1325 1163 1480 1239 divinam
1491 1177 1530 1238 ut
1540 1168 1772 1241 manifestaret
1784 1169 1936 1263 apertius

532 1283 676 1376 gloriam
694 1305 793 1356 suam
808 1283 922 1377 nobis,
938 1287 1181 1380 tranquillitate
1197 1289 1301 1361 maris
1313 1297 1348 1362 et
1361 1290 1451 1362 aeris
1464 1299 1581 1363 oonua
1598 1300 1755 1363 naturam
1772 1289 1935 1385 temporis

533 1405 592 1479 diu
613 1429 655 1480 ac
676 1407 737 1480 diu
759 1408 960 1481 mirabiliter
982 1411 1204 1505 perdurante,
1233 1413 1360 1485 vasella
1385 1413 1540 1508 predicta
1565 1413 1740 1488 redierunt
1762 1413 1878 1486 Accon
1900 1423 1936 1485 et

532 1531 656 1603 itemm
674 1553 715 1604 ac
740 1533 872 1606 iterum
888 1544 923 1606 et
945 1535 1143 1608 multotiens
1167 1544 1285 1631 postea
1311 1546 1392 1608 sunt
1411 1533 1561 1610 reversa.
1588 1537 1630 1608 Et
1652 1537 1762 1609 taliter
1775 1534 1935 1609 iaciendo

531 1655 871 1750 frequenteronerata
885 1651 1069 1732 currebant
1079 1659 1234 1731 similiter
1247 1659 1341 1730 omni
1356 1659 1427 1748 die,
1442 1661 1488 1732 ita
1499 1659 1595 1754 quod
1608 1659 1750 1734 inantea
1763 1658 1808 1732 de
1820 1679 1936 1731 ncces·

533 1779 631 1852 sariis
648 1781 808 1852 omnibus
818 1780 1031 1854 abundantia
1045 1781 1247 1854 indeficiens
1260 1793 1295 1855 et
1308 1783 1473 1856 mirabilis
1488 1785 1523 1854 in
1535 1783 1688 1856 exercitu
1703 1803 1838 1877 semper
1849 1781 1931 1872 ruit,

532 1903 759 1975 existentibus
776 1904 875 1976 nobis
898 1905 1028 1978 ibidem
1045 1915 1080 1978 et
1093 1906 1139 1978 ad
1158 1905 1445 1980 reedificationem
1469 1907 1577 2002 ipsius
1599 1903 1700 1979 castri
1715 1904 1934 1999 magnificam

532 2025 787 2098 intendentibus
798 2025 860 2123 (c),
870 2029 1036 2120 quesicut
1047 2030 1447 2123 speramusetcredimus
1463 2029 1563 2102 nobis
1574 2037 1608 2101 et
1621 2028 1857 2101 christianitati
1875 2030 1935 2102 toti

532 2149 597 2221 erit
609 2150 806 2222 memoriale
826 2151 862 2221 in
882 2147 1000 2223 evum.
1022 2153 1111 2223 Dum
1124 2152 1188 2226 hec
1205 2153 1340 2226 anobis
1359 2163 1394 2225 e't
1409 2153 1598 2248 peregrinis
1616 2151 1777 2224 omnibus
1792 2151 1934 2224 sollicite

533 2281 724 2366 agerentur,
746 2273 791 2346 de
802 2274 951 2347 Soldano
965 2275 1153 2370 Babylonio
1166 2275 1212 2349 ad
1226 2298 1289 2349 nos
1302 2287 1337 2349 et
1347 2277 1392 2350 de
1402 2277 1502 2349 nobis
1513 2277 1559 2350 ad
1573 2275 1761 2348 Soldanum
1772 2275 1934 2348 eumdem

533 2394 645 2466 nuntii
660 2396 777 2489 plures
792 2405 826 2466 et
841 2397 969 2491 pluries
984 2397 1123 2470 iverunt
1137 2407 1172 2471 et
1184 2408 1354 2470 venerunt
1366 2399 1448 2470 hino
1467 2398 1561 2472 inde.
1579 2399 1647 2483 Qui
1660 2398 1830 2470 Soldanus
1841 2395 1935 2468 dieta

533 2516 746 2590 una'untnm
759 2513 891 2591 distans
906 2541 927 2592 a
940 2519 1041 2592 nobis
1059 2529 1094 2592 et
1107 2520 1278 2594 Soldanus
1291 2523 1394 2594 etiam
1406 2522 1468 2616 qui
1484 2523 1628 2594 Sabarai
1636 2521 1683 2616 (b)
1696 2519 1823 2594 dicitur
1833 2521 1936 2592 irater

532 2643 606 2734 ejus
619 2663 698 2712 cum
717 2663 758 2714 eo
774 2643 869 2737 apud
883 2641 1056 2716 civitatem
1076 2644 1238 2717 Gazaram
1259 2645 1423 2718 diffusum
1440 2645 1605 2718 babentes
1619 2645 1824 2734 exercitum,
1840 2651 1934 2714 etex

531 2764 636 2836 altera
650 2773 746 2859 parte
762 2764 807 2860 (c)
821 2766 917 2860 apud
933 2767 1106 2838 civitatem
1120 2768 1296 2862 Neapolim
1311 2768 1481 2841 Soldanus
1501 2768 1658 2840 Damasci
1685 2787 1793 2861 nepos
1815 2785 1935 2838 eorum

532 2908 610 2959 cum
623 2887 802 2960 innumera
813 2889 1034 2963 multitudine
1046 2889 1193 2961 militum
1209 2899 1244 2962 et
1261 2891 1416 2985 peditum
1430 2891 1542 2982 gentis
1554 2911 1617 2962 sne
1630 2889 1676 2964 ad
1686 2911 1792 2961 unam
1805 2887 1935 2961 dietam

531 3031 639 3106 prope
652 3031 716 3083 nos
734 3022 768 3083 et
783 3007 1007 3084 christianum
1028 3013 1220 3085 exercitum
1241 3011 1478 3104 morabantur;
1499 3022 1533 3085 et
1557 3035 1637 3084 cum
1662 3012 1707 3086 de
1720 3011 1936 3084 restitutione

532 3145 621 3206 terre
646 3141 762 3207 sancte
784 3135 829 3207 ab
854 3135 1016 3208 alterutra
1041 3133 1189 3231 partium
1216 3157 1278 3230 per
1304 3137 1531 3208 internuntios
1555 3145 1768 3226 tractaretur,
1794 3135 1935 3208 tandem

532 3237 631 3332 lesus
649 3257 803 3330 Christus
819 3259 881 3330 Dei
900 3257 991 3330 filius
1014 3257 1175 3331 devotam
1199 3267 1350 3331 nostram
1375 3259 1573 3353 patientiam
1592 3281 1639 3330 ex
1660 3259 1729 3330 alto
1748 3257 1936 3352 roepiciens

532 3381 770 3477 compatiendo
782 3381 882 3454 nobis
899 3379 1162 3454 misericorditer
1176 3377 1218 3453 in'
1227 3403 1264 3454 se
1279 3382 1354 3477 ipso
1369 3381 1420 3452 sio
1432 3381 1512 3453 lecit
1523 3381 1620 3475 quod
1634 3379 1806 3453 Soldanus
1821 3379 1936 3473 Baby-

532 3507 623 3580 lonie
647 3504 796 3577 restituit
824 3505 923 3577 nobis
946 3503 1120 3577 civitatem
1141 3513 1294 3578 sanctam
1319 3505 1524 3594 Jerusalem,
1548 3505 1663 3576 locum
1684 3501 1853 3576 videlicet
1873 3500 1936 3574 ubi

531 3629 638 3724 pedes
652 3627 773 3700 Christi
786 3635 963 3718 steterunt,
980 3628 1095 3698 locum
1109 3627 1212 3700 etiam
1228 3627 1290 3698 ubi
1303 3626 1378 3700 veri
1392 3627 1587 3700 adoratores
1600 3625 1637 3696 in
1656 3625 1781 3721 spiritu
1795 3635 1831 3697 et
1843 3623 1936 3697 veri·

530 3753 600 3826 tate
616 3753 748 3824 Patrem
770 3759 908 3844 patrum
926 3751 1082 3822 adorant.
1110 3751 1153 3822 lit
1173 3736 1212 3821 ut
1228 3751 1273 3822 de
1293 3749 1506 3822 restitutione
1529 3747 1730 3840 hujusmodi
1748 3757 1859 3820 certos
1873 3760 1938 3820 vos

531 3897 592 3970 per
607 3875 744 3968 singula
755 3874 937 3965 iaciamus,
954 3873 1070 3945 sciatis
1083 3873 1180 3968 quod
1194 3893 1263 3945 nou
1278 3875 1390 3946 solum
1405 3873 1598 3944 restitutum
1621 3881 1673 3944 est
1693 3871 1794 3943 nobis
1810 3891 1938 3964 corpus

531 3997 680 4070 civitatis
693 4006 826 4086 sancte,
847 3996 910 4069 sed
927 4005 997 4068 tota
1013 3995 1177 4068 conuada
1201 3995 1291 4067 sicut
1311 3995 1490 4068 deseendit
1509 3995 1593 4066 inde
1609 3995 1721 4088 usquo
1737 3992 1784 4066 ad
1801 3992 1939 4066 mariti-

530 4143 622 4193 mam
635 4129 670 4192 et
680 4129 829 4192 castrum
843 4120 988 4213 loppen,
999 4127 1038 4189 nt
1048 4118 1218 4213 peregrini
1234 4117 1280 4190 da
1291 4127 1404 4190 cetero
1419 4117 1775 4212 processumliberum
1786 4115 1939 4188 habeant

531 4243 577 4316 ad
588 4243 783 4338 sepulcrum
796 4241 932 4312 Domini
947 4250 982 4313 et
1000 4261 1159 4313 securum
1176 4240 1258 4313 inde
1271 4261 1484 4334 regressum,
1502 4249 1649 4335 excepto
1660 4237 1823 4312 videlicet
1841 4236 1939 4330 quod

573 4437 610 4520 (a)
630 4441 656 4500 A
670 4439 760 4500 verbo
773 4437 985 4500 intendentibus
997 4441 1142 4517 usquead
1156 4438 1190 4500 dc
1203 4437 1336 4515 Soldorm
1352 4455 1400 4518 ap.
1416 4439 1500 4500 Porta
1513 4438 1632 4499 dsunt.

573 4541 609 4622 (b)
628 4544 710 4606 uuas
724 4545 864 4624 Susarri&
877 4548 909 4605 ln
923 4545 1011 4605 Mate
1027 4545 1122 4605 Paris.
1139 4544 1256 4624 Xapltct
1273 4543 1531 4624 (unck-Arctet).
1669 4609 1674 4621 ,

575 4648 612 4727 (c)
633 4649 711 4710 Ado.
726 4666 773 4726 ap.
784 4651 871 4711 Matt.
886 4651 1044 4736 Patierin
1056 4651 1171 4712 ciuitate
1181 4647 1494 4733 Sicbcraqucll'ecpolir
1505 4647 1589 4730 culpo
1600 4647 1940 4710 marmoratum·

528 4751 884 4832 pertractaturum
1013 4745 1015 4750 ’
1796 4765 1797 4768 ‘
