4658 6132
351 643 448 706 rnre.
463 639 505 726 a]
800 643 997 708 nrsronrn
1021 643 1313 709 crisonarias.
1700 643 1758 708 155

350 774 532 873 hospitalis
544 783 661 848 sancte
678 775 785 849 Maria
799 777 1085 852 Theotonicorum
1104 779 1141 850 in
1158 777 1346 850 Jerusalem
1363 796 1385 848 a
1403 773 1487 848 divo
1502 772 1678 868 quondam
1696 796 1757 847 au·

350 907 453 995 gusto
471 898 612 972 domino
627 898 832 994 imperatore
845 900 1018 975 Friderico
1036 923 1103 976 avo
1124 909 1240 976 nostro
1257 899 1393 995 pietatis
1410 897 1538 970 intuitu
1557 897 1759 993 prolongata

351 1021 560 1118 multiplices
573 1021 706 1094 fructus
720 1022 848 1118 prodiit
860 1025 964 1099 laude
975 1024 1113 1120 dignos,
1130 1033 1198 1098 eta
1211 1023 1352 1096 domino
1363 1020 1540 1116 quondam
1554 1021 1759 1118 imperatore

351 1145 499 1218 ilenrico
522 1145 638 1218 inclite
663 1146 909 1221 recordationis
932 1157 1029 1244 patre
1051 1155 1167 1220 nostro
1191 1145 1407 1218 libertatibus
1429 1145 1624 1241 premunita
1650 1146 1759 1218 incre-

351 1275 506 1339 mentum
530 1267 682 1362 suscepit
701 1269 922 1364 spiritualiter
945 1279 980 1341 et
998 1269 1228 1366 temporaliter
1242 1267 1389 1342 Domino
1412 1267 1625 1360 famulando,
1643 1277 1759 1342 eterne

351 1389 586 1463 retributionis
607 1390 734 1463 intuitu
752 1400 786 1463 et
806 1413 870 1488 pro
886 1391 1042 1466 remedio
1062 1393 1253 1466 animarum
1280 1389 1538 1488 progenitorum
1564 1399 1758 1463 nostrorum

350 1512 533 1587 recolende
545 1514 708 1587 memorie
719 1523 754 1587 et
767 1535 830 1610 pro
844 1523 958 1588 nostre
976 1517 1096 1588 salutis
1110 1537 1150 1588 ac
1165 1515 1272 1610 glorie
1286 1515 1495 1586 incremento
1509 1513 1620 1609 ipsius
1633 1513 1759 1586 domus

351 1635 462 1709 favori
476 1644 511 1708 et
525 1637 693 1732 profectui
709 1636 943 1730 intendentes,
961 1637 1007 1711 de
1023 1638 1156 1711 liberali
1169 1636 1404 1710 munificentia
1423 1643 1555 1728 nostra,
1573 1633 1686 1710 eidem
1702 1657 1758 1709 sa-

351 1781 408 1832 cre
425 1759 545 1833 domui
565 1761 787 1836 concedimus
804 1762 994 1836 libertatem
1012 1786 1193 1860 aquarum,
1212 1763 1398 1836 herbarum
1414 1771 1448 1834 et
1467 1762 1639 1858 lignorum
1653 1761 1759 1835 sicco-

350 1907 429 1956 rum
438 1907 480 1958 ac
489 1884 655 1960 viridium
668 1885 800 1980 ubique
814 1887 850 1959 in
862 1909 968 1982 regno
984 1897 1113 1976 nostru,
1130 1897 1200 1961 tarn
1215 1885 1360 1960 interris
1372 1885 1479 1958 nostri
1494 1883 1638 1958 dominii
1652 1906 1756 1979 quam

352 2008 515 2081 comitum
533 2018 569 2084 ct
584 2009 754 2082 baronum
772 2017 978 2103 nostrorum,
1003 2033 1065 2108 pro
1084 2033 1151 2084 usu
1174 2011 1266 2084 dicte
1286 2010 1411 2082 domus
1425 2018 1460 2081 et
1478 2008 1623 2080 aliarum
1638 2006 1758 2082 domo-

351 2153 427 2203 rum
453 2131 577 2205 domus
601 2133 756 2226 ejusdem
778 2143 814 2206 et
831 2155 894 2229 pro
917 2133 1056 2232 pascuis
1081 2135 1281 2209 animalium
1306 2133 1487 2209 domorum
1509 2131 1753 2227 predictarum.

351 2256 518 2327 Volumus
541 2256 644 2329 etiarn
667 2255 810 2330 domum
833 2258 956 2354 prefati
971 2257 1149 2354 hospitalis
1167 2257 1318 2330 uberiori
1340 2267 1375 2330 et
1391 2257 1530 2352 speciali
1549 2257 1659 2351 gratia
1676 2279 1756 2354 pre·

352 2378 503 2472 gaudere
521 2387 560 2450 ut
578 2387 727 2452 rectores
741 2389 776 2452 et
794 2381 914 2452 iratres
929 2380 1038 2477 ipsius
1051 2381 1230 2476 hospitalis
1245 2403 1324 2452 cum
1342 2379 1470 2452 familia
1487 2401 1552 2451 sua
1571 2378 1617 2452 ad
1635 2379 1756 2454 defen·

353 2500 483 2574 sionem
498 2522 631 2594 eorum,
648 2523 764 2575 rerum
773 2514 808 2575 ct
818 2524 1042 2598 personarum
1057 2526 1211 2590 suarum,
1228 2525 1290 2600 per
1300 2524 1445 2598 regnum
1454 2512 1608 2574 nostrum
1622 2503 1755 2599 predic

351 2635 424 2696 tum
445 2626 590 2699 ubilibet
607 2627 762 2700 deierant
778 2627 906 2701 omnia.
928 2630 1119 2701 Statuentes
1133 2637 1167 2699 et
1180 2628 1380 2700 auctoritate
1399 2627 1566 2724 presentis
1582 2627 1755 2722 privilegii

354 2747 572 2842 injungentes
588 2747 731 2824 firmiter
753 2750 924 2824 universis
947 2773 992 2824 ue
1016 2750 1143 2845 aliquis
1164 2759 1386 2824 memoratam
1406 2749 1560 2838 domum,
1585 2751 1704 2824 iratres
1720 2761 1756 2824 et

353 2872 538 2946 confratres
551 2873 661 2969 ipsius
675 2894 780 2968 supra
793 2873 957 2968 predictis
972 2869 1046 2972 [in]
1059 2873 1192 2968 aliquid
1206 2874 1385 2947 molestare
1403 2882 1588 2968 presumat.
1606 2875 1753 2960 Quodsi

351 2995 608 3092 presumpserit,
622 2997 658 3068 in
671 3017 735 3070 sue
750 2997 949 3070 temeritatis
964 2996 1152 3070 vindictam
1168 3007 1307 3070 centum
1322 2995 1427 3070 libras
1437 2995 1513 3070 auri
1524 2995 1603 3092 puri
1618 3017 1755 3092 compo

354 3127 425 3209 nat,
445 3119 663 3194 medietatem
679 3141 814 3193 camere
832 3129 948 3194 nostre
963 3128 998 3192 et
1010 3121 1112 3192 aliam
1133 3120 1351 3194 medietatem
1368 3121 1478 3216 passis
1494 3119 1655 3212 injuriam
1676 3141 1754 3215 pcr-

352 3241 497 3315 scldam.
520 3241 577 3315 Ad
596 3243 695 3334 cujus
712 3243 763 3316 rei
783 3251 909 3319 certam
930 3241 1140 3316 evidentiam
1157 3251 1192 3314 et
1207 3251 1408 3338 perpetuam
1434 3239 1626 3314 firmitatem
1649 3239 1756 3339 [pre-

352 3385 430 3438 sens
451 3361 694 3461 privilegium]
718 3387 780 3462 per
801 3387 924 3438 manus
938 3363 1068 3438 Alberti
1085 3365 1131 3438 de
1147 3365 1298 3439 Catbaua
1318 3364 1442 3439 notarii
1460 3373 1495 3438 et
1512 3363 1623 3438 fidelis
1648 3366 1755 3438 nostri

353 3487 455 3564 scribi
478 3497 513 3562 et
532 3489 645 3581 sigillo
665 3489 851 3582 majestatis
864 3497 978 3563 nostre
987 3489 1153 3584 jussimus
1164 3487 1386 3582 communiri,
1401 3509 1505 3582 anno,
1519 3509 1637 3561 mense
1652 3497 1687 3561 et
1699 3489 1754 3562 iu-

355 3611 506 3686 dictione
520 3611 733 3708 subscriptis.

399 3737 525 3808 Datum
537 3735 664 3823 Baroli,
677 3756 769 3808 anno
783 3736 955 3810 dominice
966 3734 1210 3806 incarnationis
1223 3733 1403 3807 millesimo
1415 3732 1650 3807 ducentesimo
1661 3731 1755 3806 vice·

354 3857 440 3930 simo
454 3878 558 3949 nono,
572 3879 690 3932 meuse
702 3858 853 3953 augusti,
866 3858 1019 3932 munde
1036 3857 1245 3949 indictionis,
1263 3855 1399 3954 imperii
1414 3855 1544 3930 domini
1559 3856 1665 3928 nostri
1677 3855 1754 3928 Fri-

354 3977 473 4067 derici‚
491 3981 555 4054 Dei
570 3981 680 4076 gralia
696 3981 912 4055 invictissimi
935 3983 1164 4055 Romanorum
1182 3979 1414 4076 imperatorie,
1440 3999 1575 4074 semper
1595 3978 1751 4072 augusti,

375 4106 543 4178 erusalem
568 4115 603 4178 et
617 4105 731 4180 Sicilie
749 4105 841 4199 regis
862 4127 953 4179 anno
968 4127 1071 4196 nono,
1089 4104 1187 4199 regni
1206 4103 1392 4178 Jerusalem
1407 4109 1542 4197 quarto,
1556 4101 1654 4196 regni
1674 4121 1754 4177 vem

355 4225 469 4302 Sicilie
484 4228 656 4304 tricesimo
669 4229 835 4318 secundo,
853 4229 1007 4302 feliciter.
1022 4227 1144 4302 Arnen.
