4710 6076
372 3936 486 3986 [ttqntsgra
503 3935 521 3985 i¹

488 3947 500 3975 o

353 3989 535 4039 apriltrncuntc.1

562 619 622 680 ara
1084 624 1257 691 navarat
1282 629 1451 691 snrrrtu
1492 649 1497 660 ·
1787 631 1868 712 [nra.
1888 630 1975 696 naar.

646 779 655 860 l
660 781 760 843 Edidit
773 781 966 863 anormnnr,
984 781 1235 869 Urlundenb.sttr
1245 788 1292 852 dis
1305 789 1400 855 emt.
1418 789 1467 853 der
1477 788 1641 868 neuma,
1658 793 1698 866 11,
1712 791 1774 873 td.)

613 969 780 1044 Henricus
796 973 963 1067 septimus
977 973 1098 1050 divina
1112 977 1249 1052 lavante
1264 979 1445 1054 elementia
1459 981 1691 1054 Romanorum
1712 1002 1776 1054 rex
1791 989 1827 1054 et
1841 1003 1978 1078 semper

564 1102 733 1188 augustus
751 1094 913 1166 omnibus
932 1109 1108 1191 presentes
1125 1099 1254 1174 litteras
1273 1100 1480 1197 inspecturis
1502 1101 1538 1174 in
1559 1111 1777 1198 perpetuum.
1798 1103 1904 1176 iuxta
1923 1125 1978 1176 ra·

564 1239 638 1290 mos
652 1219 809 1292 ordinate
829 1220 981 1293 caritatis
1000 1219 1196 1317 Aquensem
1217 1225 1396 1299 ecclesiam
1414 1225 1599 1322 specialem
1615 1235 1766 1298 nostram
1787 1235 1823 1300 at
1841 1226 1977 1322 imperii

564 1342 729 1438 capellam
756 1351 849 1416 tanto
875 1345 1087 1440 propensiori
1113 1347 1239 1420 ellectu
1261 1359 1484 1422 manutenere
1506 1371 1547 1422 ao
1570 1349 1792 1422 facultalibus
1811 1350 1977 1446 ampliare

564 1477 732 1560 tenemur,
750 1477 881 1562 quantu
899 1491 945 1541 ex
958 1469 1110 1565 eoquod
1128 1471 1163 1542 in
1178 1495 1220 1546 ea
1235 1473 1331 1569 regie
1344 1473 1523 1569 dignitatis
1539 1474 1675 1547 initium
1690 1475 1886 1571 accepimus
1904 1475 1977 1548 sin-

562 1594 673 1688 gulari
701 1593 855 1688 gaudere
882 1593 1073 1668 dinoscitur
1098 1599 1327 1692 prerogativa.
1356 1601 1445 1672 Hinc
1468 1609 1521 1673 est
1546 1599 1642 1694 quod
1675 1599 1822 1696 presenti
1848 1599 1976 1696 scripto

563 1719 803 1790 universorum
825 1718 950 1792 noticie
964 1719 1180 1794 declaramus
1199 1723 1394 1818 quodcum
1412 1725 1618 1799 Wilbelmns
1632 1723 1806 1820 Aquensis
1820 1723 1977 1798 ministe-

561 1843 656 1916 rialis
688 1851 805 1916 noster
832 1843 947 1916 dictus
969 1846 1137 1918 Bawaras
1165 1847 1305 1921 feodum
1331 1849 1532 1922 balneorum
1558 1849 1647 1921 inira
1679 1871 1797 1922 muros
1827 1846 1977 1922 civitatis

562 1969 735 2062 Aquensis
749 1968 1012 2042 constitutorum
1031 1992 1111 2042 cum
1131 1972 1205 2044 suis
1223 1972 1439 2068 appendiciis
1454 1973 1552 2046 titulo
1565 1972 1778 2048 venditionis
1792 1973 1837 2046 de
1859 1984 1977 2048 nostru

562 2092 787 2187 permissione
801 2093 963 2166 alienaret
976 2103 1011 2166 et
1029 2095 1064 2165 in
1080 2117 1205 2168 manus
1217 2105 1349 2168 nostras
1364 2096 1566 2190 resignaret,
1583 2118 1646 2170 nos
1664 2095 1709 2170 de
1723 2095 1879 2169 fidelium
1896 2117 1977 2169 nos·

561 2226 692 2288 trorum
714 2215 856 2290 oonsilio
875 2217 1019 2290 ecclesie
1037 2220 1167 2313 prelate
1185 2219 1232 2293 ad
1245 2241 1464 2293 communem
1481 2220 1664 2293 utilitatem
1683 2220 1826 2294 fratrum
1845 2218 1976 2294 ibidem

560 2343 631 2412 Deo
657 2341 895 2413 famulantium
921 2341 958 2414 id
985 2340 1153 2415 duximus
1176 2343 1424 2418 eonferendum
1447 2367 1488 2417 ao
1514 2353 1680 2440 perpetuo
1706 2343 1969 2440 possidendum.

559 2465 601 2536 Et
620 2473 659 2535 ut
678 2465 743 2536 hec
764 2473 880 2538 nostra
903 2466 1078 2538 concessio
1099 2467 1224 2539 futuris
1251 2467 1465 2564 temporibus
1490 2467 1735 2541 inviolabiliter
1757 2468 1973 2560 observetur,

559 2589 650 2661 bano
664 2598 792 2661 cartam
807 2589 937 2663 exinde
952 2589 1121 2662 conscribi
1139 2599 1174 2663 et
1187 2590 1300 2686 sigillo
1316 2601 1433 2664 nostro
1448 2592 1593 2664 lecimus
1615 2591 1786 2686 insigniri.

607 2715 723 2787 Testes
745 2722 861 2786 autern
884 2715 988 2808 hujus
1011 2715 1241 2788 concessionis
1263 2725 1345 2788 sunt
1361 2715 1410 2788 bii
1433 2715 1582 2788 Siiridus
1600 2715 1824 2806 llloguntinus
1842 2713 1976 2786 archie-

559 2838 738 2932 piscopuS,
756 2838 937 2910 Heinricus
955 2837 1165 2912 Coloniensis
1185 2840 1484 2936 archiepiscopus,
1503 2839 1736 2913 Theodericus
1757 2837 1976 2912 Treverensis

558 2959 856 3058 archiepiscopus,
883 2962 1091 3036 Lodewicus
1113 2963 1190 3036 dux
1209 2965 1389 3057 Bawarie,
1413 2963 1622 3038 lodewicus
1647 2963 1860 3060 lantgravius
1880 2961 1975 3034 Thu-

560 3085 689 3180 ringio,
707 3086 816 3159 etalii
834 3088 1068 3183 quamplures.

608 3209 692 3282 Acta
707 3220 789 3282 sunt
804 3211 868 3283 bec
887 3233 978 3284 anno
996 3211 1132 3285 Domini
1152 3213 1197 3285 tt.
1217 3213 1279 3285 CC.
1297 3213 1407 3286 xxvi
1416 3267 1427 3306 ,
1450 3211 1639 3287 indictione
1653 3213 1728 3302 XV,
1748 3210 1846 3318 regni
1868 3211 1974 3284 nostri

562 3344 764 3408 annosexto
778 3333 843 3430 (l).

793 3648 846 3658 σ-υ
852 3649 993 3658 σιω-ῃ-

617 3925 800 4008 Henricus
821 3923 1080 4007 Romanorum
1099 3925 1237 4046 rexad
1254 3950 1383 4033 preces
1399 3923 1548 4006 Hearici
1566 3923 1674 4006 ducis
1688 3921 1974 4032 Limburgensis

564 4069 600 4142 et
614 4057 800 4142 Welrami
813 4058 861 4139 de
875 4055 1051 4166 blonljoie
1064 4055 1192 4138 fratris
1204 4055 1238 4166 ej
1243 4083 1287 4140 as
1300 4058 1349 4140 de
1364 4057 1522 4140 consilio
1536 4056 1752 4166 principum
1765 4054 1973 4138 Wilhelmo

599 4369 637 4441 (l)
655 4367 722 4425 Cum
734 4365 785 4424 loci
797 4373 826 4423 et
837 4365 936 4422 mensis
948 4363 1098 4422 notationes
1111 4365 1212 4436 desint,
1232 4363 1411 4421 verisimiliter
1429 4363 1464 4421 ad
1482 4363 1551 4422 hanc
1568 4365 1640 4438 apud
1657 4363 1853 4437 dquisgrenum
1871 4363 1972 4420 curiam

563 4466 753 4524 documentum
772 4463 843 4522 istud
857 4462 1041 4537 reponendum
1053 4477 1209 4532 censemus,
1224 4461 1288 4520 licet
1299 4461 1334 4518 od
1346 4461 1448 4518 midam
1460 4461 1532 4535 opud
1545 4460 1709 4536 llerbipolim
1727 4465 1820 4518 mense
1834 4459 1971 4518 novembri

563 4578 633 4620 anno
645 4561 822 4636 praecedente
838 4559 1013 4630 celebratam,
1027 4559 1174 4633 praecipuo
1192 4575 1226 4616 ex
1245 4558 1399 4616 nominibus
1415 4558 1538 4628 testium,
1550 4565 1593 4616 sat
1612 4557 1683 4616 beno
1700 4573 1807 4631 quoque
1821 4573 1852 4614 se
1867 4571 1972 4614 aecum-

565 4660 667 4718 rnodet.
680 4659 710 4716 ln
724 4659 802 4716 annis
814 4658 886 4730 regni
901 4656 1074 4714 numerandis
1090 4664 1119 4713 ct
1133 4655 1168 4712 ab
1185 4655 1322 4714 electionis
1334 4655 1378 4713 die
1396 4655 1590 4730 computandis,
1604 4655 1662 4712 sive
1672 4655 1706 4712 ad
1718 4671 1817 4712 annum
1833 4657 1901 4732 4226
1915 4654 1973 4712 sive

562 4757 596 4814 ad
609 4772 709 4814 annnrn
722 4757 790 4815 4227
804 4761 831 4813 te
841 4755 953 4824 referas,
968 4755 1097 4829 septimus
1108 4769 1168 4812 esse
1180 4753 1299 4811 deberet.
1313 4753 1374 4812 vid.
1390 4769 1497 4827 quoque
1508 4769 1536 4828 p.
1549 4755 1610 4811 212.
