4652 6092
503 589 565 654 492
1054 587 1366 651 contrectasse

504 728 572 800 tius
590 725 764 799 offendere
787 721 890 796 etad
911 722 967 796 sui
991 722 1137 818 gloriam
1160 725 1191 798 si
1212 725 1338 821 poterit
1355 731 1461 796 totam
1481 731 1635 798 euertere
1660 731 1785 798 wram
1809 733 1917 798 tuam.

505 851 575 926 Sed
590 871 671 924 eum
683 845 923 922 uerecundum
934 855 970 922 et
981 847 1232 924 dedecorosum
1246 851 1291 923 sit
1303 849 1391 922 mihi
1402 858 1442 922 ut
1453 857 1572 924 contra
1586 857 1621 922 te
1634 869 1738 944 quem
1750 850 1923 926 Ecclesiae

507 973 617 1048 filium
635 983 758 1072 reputo
774 953 907 1047 sa'eviat
922 993 1028 1066 quem
1047 975 1180 1070 pacem
1199 976 1302 1071 culpa
1321 995 1391 1048 non
1405 983 1547 1070 gravat,
1563 982 1598 1046 st
1612 972 1753 1048 credam
1764 975 1861 1069 quod
1877 975 1923 1048 ob

506 1099 734 1174 reverentiam
749 1098 868 1172 matris
879 1096 1054 1170 Ecclesiae
1070 1097 1107 1170 in
1120 1098 1343 1173 offensionem
1358 1099 1451 1172 illins
1465 1119 1534 1172 non
1548 1119 1719 1192 surgeres,
1736 1119 1862 1173 verens
1879 1121 1925 1174 ne

506 1225 544 1298 in
559 1233 594 1297 ta
609 1233 791 1320 propterea
806 1232 917 1295 mater
930 1221 1084 1295 Ecclesia
1103 1234 1218 1297 rueret
1232 1223 1453 1314 christianos,
1473 1221 1674 1298 filiationem
1687 1231 1783 1296 tuam
1800 1245 1924 1298 moneo

506 1349 654 1446 qualiter
676 1347 900 1422 considerans
920 1366 968 1421 ex
992 1347 1140 1442 presenti
1162 1348 1289 1444 scripto
1312 1368 1410 1421 meae
1430 1347 1629 1421 intentionis
1653 1349 1866 1444 propositum
1889 1359 1925 1422 et

505 1471 602 1569 quod
614 1471 830 1547 sitFridem'oi
841 1471 1142 1568 gravisimpietas,
1155 1481 1274 1546 oontm
1287 1494 1368 1547 eum
1380 1481 1546 1568 tanquam
1560 1493 1779 1546 communem
1790 1473 1922 1546 hostem

505 1621 548 1672 ac
567 1599 744 1672 aemulum
764 1598 857 1671 vires
875 1605 953 1671 tuas
970 1619 1149 1694 opponens
1167 1599 1337 1694 sagaciter
1354 1609 1388 1672 te
1408 1607 1443 1673 et
1459 1607 1585 1672 terram
1600 1607 1695 1672 tuam
1719 1599 1764 1670 ab
1787 1598 1923 1674 insidiis

506 1723 583 1815 ejus
599 1731 704 1818 atque
723 1722 868 1818 pertidia
886 1743 986 1796 eures
1009 1721 1218 1816 defendere,
1240 1723 1364 1796 melius
1380 1723 1471 1796 sicut
1491 1723 1603 1818 possis
1621 1721 1688 1820 (l).
1707 1721 1821 1794 Placet
1834 1723 1923 1816 qui-

507 1846 588 1921 dem
602 1856 642 1920 ut
654 1848 873 1922 severitatem
886 1847 971 1920 tanti
983 1847 1123 1944 tyranni
1136 1848 1227 1922 bello
1242 1847 1417 1944 potentiae
1430 1855 1511 1921 tuae
1523 1847 1719 1941 confringas
1731 1855 1792 1919 aut
1804 1846 1923 1920 latenti

506 1973 536 2045 si
552 1973 681 2068 poteris
696 1972 804 2046 vitam
818 1975 895 2066 ojus
908 1973 998 2044 lerro
1012 1973 1069 2045 vel
1088 1993 1223 2047 veneno
1240 1971 1441 2068 praecidas,
1461 1972 1592 2044 nullam
1610 1970 1740 2045 exinde
1756 1991 1847 2044 amc
1862 1981 1925 2044 aut

506 2096 770 2170 christianorum
797 2097 1015 2194 principibus
1046 2098 1207 2172 nocivam
1232 2098 1436 2172 sententiam
1464 2106 1682 2194 portaturus;
1718 2095 1865 2170 sciturus
1889 2105 1924 2170 te

507 2222 659 2318 prolecto
673 2221 703 2293 si
718 2221 770 2294 sic
781 2221 902 2294 leceris
915 2221 962 2295 ud
975 2222 1122 2316 gratiam
1133 2231 1273 2296 sannae
1286 2223 1406 2296 matris
1417 2222 1590 2296 Ecclesiae
1603 2219 1882 2296 reuocandum.»

557 2346 735 2440 [Sequitur
752 2345 901 2420 namatio
928 2347 1091 2442 colloquii
1116 2347 1204 2420 inter
1225 2347 1466 2443 imperatorem
1482 2356 1518 2421 et
1540 2345 1722 2420 soldanum
1751 2346 1860 2419 habiti
1885 2347 1921 2419 in

506 2488 578 2564 quo
598 2467 763 2542 soldanus
786 2467 850 2542 has
872 2469 1001 2544 litteras
1019 2471 1162 2569 papales
1178 2471 1376 2568 imperatori
1398 2470 1561 2546 ostendit.
1586 2471 1675 2544 Pace
1695 2481 1812 2544 autem
1834 2491 1923 2544 con-

506 2592 620 2685 clusa,
639 2591 835 2665 Fridericus
850 2592 898 2666 ad
913 2615 1059 2688 regnum
1074 2595 1289 2684 revertitur]

555 2715 713 2811 Cumque
730 2715 917 2812 imperator
932 2717 1028 2814 apud
1045 2719 1269 2792 Brundisium
1287 2719 1401 2816 primo
1424 2719 1566 2815 navigio
1583 2719 1721 2793 rediens
1736 2719 1919 2812 attigisset,

507 2840 603 2914 cives
616 2841 678 2936 qui
693 2863 715 2915 a
729 2841 869 2915 nomine
881 2841 1034 2916 Caesaris
1047 2841 1152 2917 fidem
1164 2851 1326 2916 eruerant
1336 2843 1533 2939 patentibus
1547 2843 1783 2940 imperialibus
1797 2843 1924 2938 aquilis

507 2965 723 3038 mirabantur
734 2965 830 3040 unde
840 2966 928 3040 haec
940 2966 1041 3061 signa
1052 2975 1242 3062 portentur,
1257 2989 1338 3040 cum
1353 2967 1506 3042 defuncti
1518 2965 1672 3040 Caesaris
1684 2987 1811 3040 nomen
1824 2967 1923 3062 inge·

508 3091 689 3164 muissent.
720 3145 729 3162 .
761 3145 770 3162 .
800 3144 809 3162 .
830 3088 876 3162 At
892 3091 1065 3165 intellecta
1082 3091 1235 3166 &esuris
1246 3091 1320 3166 vita
1332 3093 1489 3166 conversi
1504 3091 1603 3165 laetis
1618 3091 1789 3186 recipiunt
1800 3090 1924 3164 Cassa·

507 3235 581 3288 rem
598 3215 759 3289 vocibus.
789 3267 800 3287 .
831 3267 840 3286 .
872 3267 882 3287 .
907 3216 1004 3288 Tunc
1019 3216 1119 3308 Troja
1142 3237 1221 3288 oum
1237 3215 1386 3290 misisset
1402 3215 1545 3289 domino
1561 3215 1661 3312 panis
1681 3216 1871 3289 buccellam
1888 3225 1925 3289 et

509 3339 585 3412 vini
599 3341 775 3413 urceolum
792 3348 832 3412 ut
850 3348 928 3437 post
945 3340 1092 3438 prandia
1111 3341 1249 3415 cederet
1264 3337 1329 3439 (o),
1346 3341 1455 3414 muris
1469 3340 1505 3412 in
1520 3341 1662 3436 planum
1674 3341 1793 3414 effusis
1809 3341 1925 3414 extitit

507 3461 673 3536 desolata.
692 3465 790 3537 Tunc
802 3473 893 3537 terra
903 3464 999 3538 Santi
1012 3463 1150 3554 Severi,
1167 3464 1286 3538 Casula
1297 3465 1435 3538 Novum
1450 3473 1486 3538 et
1497 3465 1566 3538 alia
1579 3466 1656 3540 locu
1670 3464 1816 3560 Apuliae
1829 3485 1923 3561 quae

508 3585 615 3660 atide
639 3587 794 3662 Caesads
812 3589 1055 3682 deviaverant,
1075 3609 1156 3662 eum
1181 3589 1218 3661 in
1235 3610 1351 3664 errore
1372 3589 1606 3687 persisterent,
1627 3591 1718 3666 mala
1733 3599 1769 3666 et
1783 3590 1924 3664 desola-

506 3710 619 3785 tiones
634 3734 656 3786 u
674 3713 814 3786 domino
828 3713 1026 3806 subierunt,
1041 3721 1108 3788 etc.
1127 3710 1181 3810 (2)
1208 3767 1217 3786 .
1250 3769 1259 3787 .
1291 3768 1300 3786 .
1331 3767 1340 3786 .

548 3916 590 3991 (a)
611 3913 814 3978 Verlstmlllter
826 3922 970 3978 maneret.

545 4258 581 4334 (t)
601 4256 641 4314 ct.
658 4273 741 4333 supra
752 4275 781 4334 p.
796 4261 844 4330 85,
861 4265 919 4317 not.
934 4263 960 4316 t.

545 4358 580 4434 (t)
600 4357 640 4416 Cl.
654 4375 735 4434 supra
749 4375 778 4434 p.
794 4359 957 4418 testate.
1070 4352 1073 4358 ’
