4710 6076
375 631 474 692 iactet.
492 628 534 709 1.]
824 627 1020 692 HISTORIA
1044 625 1336 690 ntnnontantca
1727 625 1788 688 ³65

374 763 570 838 Fridericna
581 761 627 836 de
638 761 926 860 Drnhendingan,
934 761 1157 838 Eberhardns
1167 761 1302 858 dapifer
1314 767 1348 832 et
1360 757 1451 832 titius
1463 760 1495 852 ej
1499 781 1540 834 na
1553 759 1598 834 de
1608 760 1785 856 Watpnrc‚

376 885 558 962 Cnnradna
569 887 736 983 pincerna
747 885 793 962 de
806 887 1062 980 Winterstetan,
1078 887 1199 960 tranas
1217 886 1262 960 dc
1278 887 1529 976 Summanowa,
1545 885 1727 959 Heinricns
1743 885 1788 960 de

375 1009 612 1098 Ravensbnrc,
630 1008 809 1084 Conrndns
823 1009 869 1084 da
881 1010 1128 1098 Schmidevelt,
1145 1017 1181 1083 et
1197 1008 1256 1082 alii
1270 1009 1503 1104 quamplures.

424 1134 550 1208 Datum
573 1131 669 1229 apnd
696 1133 919 1226 Nurimbsrc,
946 1155 1038 1208 anno
1060 1133 1233 1208 dominice
1254 1133 1496 1208 incamationis
1519 1132 1700 1208 millasimo
1722 1135 1789 1210 du-

378 1258 565 1334 centesimo
582 1258 750 1334 vicesimo
772 1259 938 1355 septimo,
958 1258 1210 1333 tertiodecimo
1231 1255 1398 1330 kalendas
1412 1257 1582 1349 januarii,
1601 1257 1790 1332 indictione

376 1401 499 1478 pnma.
516 1429 520 1434 -

784 2179 897 2243 ΑΝΝΟ
918 2179 1017 2242 1228.
1034 2213 1074 2228 -
1093 2178 1334 2242 tttntcttottn
1357 2179 1384 2242 1.

854 2525 1304 2560 ψ·-

425 2921 611 3006 Henricus
626 2921 888 3006 Romanorum
902 2947 969 3004 rex
985 2919 1206 3005 Eberhardo
1220 2919 1487 3033 salzburgensi
1503 2923 1782 3040 archiepiscopo
1814 2947 1983 3058 affl,

373 3055 505 3140 scribit
520 3080 560 3139 se
583 3055 808 3138 sententiam
824 3053 864 3136 in
881 3053 1049 3138 favonem
1064 3053 1243 3138 ecelesiae
1258 3054 1545 3168 Salzbungensis
1561 3069 1694 3145 contra
1710 3089 1782 3146 ec-

372 3189 528 3274 clesiam
545 3187 781 3274 Gurkenscm
797 3212 910 3298 super
922 3185 1115 3298 regalibus
1132 3187 1250 3270 latam
1265 3186 1342 3300 (1),
1359 3189 1455 3274 siout
1472 3201 1579 3302 pater
1596 3221 1689 3279 suus
1702 3196 1783 3306 ipse

372 3321 461 3407 fecit
477 3320 556 3433 (2),
579 3346 781 3406 renovasse
802 3330 841 3404 et
861 3319 1038 3430 episcopo
1061 3319 1247 3404 Gnrkcnsi
1273 3323 1476 3408 mandasse
1498 3335 1541 3410 ut
1562 3328 1705 3440 regalia
1731 3330 1781 3414 ab

372 3455 456 3564 ipso
471 3453 752 3564 archiepiscopo
773 3453 947 3563 recipiat,
967 3452 1159 3536 licentiam
1178 3454 1301 3538 eidem
1315 3457 1524 3542 concedens
1548 3469 1591 3544 ut
1611 3463 1781 3571 praedic-

371 3595 456 3670 tnm
468 3587 707 3698 episcopum,
728 3586 760 3670 si
773 3612 871 3698 opus
886 3586 1020 3692 fucrit,
1036 3587 1177 3674 auxilio
1189 3590 1298 3674 ducis
1312 3589 1487 3676 Austriae
1499 3603 1537 3678 et
1549 3595 1779 3680 marchionis

372 3718 503 3804 lstniae
516 3720 565 3804 ad
578 3721 619 3803 id
634 3731 816 3838 coerceat.

414 3943 435 4026 J
453 3961 623 4041 (Memorat.
641 3978 690 4042 ap.
711 3962 910 4044 mmm,
928 3961 1093 4028 annoto.
1114 3981 1169 4026 oon
1187 3962 1332 4041 laconio,
1354 3983 1385 4046 p.
1406 3976 1475 4044 nto,
1491 3975 1522 4030 et
1535 3986 1581 4048 ap.
1605 3969 1725 4044 Canon,
1741 3986 1780 4031 cx

490 4069 575 4148 copta
588 4068 767 4144 anthentica,
781 4086 851 4134 ann.
871 4075 974 4148 4444.)

417 4281 545 4356 Datum
558 4277 655 4379 apud
664 4281 804 4377 ligram,
825 4281 982 4357 kalendis
992 4284 1154 4376 januarii,
1169 4283 1357 4363 indictione
1374 4287 1401 4358 1.

405 4668 442 4742 (4)
459 4669 500 4730 ct.
518 4685 599 4747 sopra
611 4671 780 4747 privilegium
792 4671 902 4732 Heni-ici
912 4671 969 4746 vil,
981 4672 1037 4731 dat.
1050 4675 1122 4748 apud
1134 4675 1329 4749 dqnnpanum
1342 4677 1377 4734 29
1390 4677 1479 4735 martii
1490 4680 1569 4752 4227,
1582 4697 1610 4756 p.
1624 4687 1686 4743 342.

383 4769 387 4784 ·
404 4765 441 4840 (2)
457 4767 497 4828 ot.
513 4783 595 4845 supra
605 4769 773 4846 privitcgium
783 4767 910 4830 Ftidatici
920 4769 959 4842 11,
974 4769 1029 4830 dat.
1041 4771 1197 4845 Brundusii,
1207 4773 1354 4849 membr.
1368 4775 1447 4848 4227,
1459 4791 1488 4852 p.
1501 4779 1536 4836 20
1547 4784 1576 4838 et
1586 4783 1631 4840 24.
