4658 6132
380 632 482 694 lurra.
498 630 528 692 2
872 627 1032 692 ts‘ronltt
1056 629 1347 693 ntetonrtntcs
1738 623 1797 690 185

382 766 492 838 rimns
505 773 540 838 et
559 773 698 862 paratos
717 763 763 838 ad
786 784 889 838 omne
912 774 1068 838 nostrum
1088 765 1343 860 beneplacitum
1360 772 1396 836 et
1418 760 1634 850 mandatnm,
1654 759 1796 835 eosdem

382 891 542 963 consules
559 909 623 985 pro
635 898 732 985 parte
747 889 903 961 omnium
917 889 1119 962 Pisanorunn
1137 890 1172 962 in
1183 889 1350 982 jamdicta
1366 887 1577 962 restituimus
1592 885 1795 959 libertalenl

382 1037 424 1088 ca
441 1014 487 1088 de
508 1024 622 1088 cetero
643 1013 862 1099 ntidebesnt
877 1025 912 1085 et
930 1013 1101 1107 gaudere,
1126 1015 1217 1088 sicut
1236 1014 1287 1086 uti
1310 1021 1565 1086 consueverunt
1592 1010 1793 1106 priusquam

383 1139 466 1214 inde
484 1139 627 1212 inissent
645 1161 707 1233 per
728 1140 965 1234 supradictum
985 1141 1141 1213 comitem
1168 1139 1340 1230 destituti,
1356 1139 1454 1212 salvo
1473 1147 1588 1208 tamen
1604 1155 1710 1230 super
1727 1133 1793 1206 hoc

378 1265 457 1357 jure
479 1263 577 1358 regni
595 1263 701 1336 nostri
716 1265 977 1337 lerosolirnitani
996 1287 1038 1339 ac
1051 1269 1130 1359 jure
1145 1264 1300 1336 similiter
1319 1261 1533 1336 eorumdem.
1553 1259 1608 1332 Ad
1628 1260 1728 1350 cujus
1743 1257 1793 1332 rei

380 1386 592 1460 evidentiam
611 1407 753 1483 presens
768 1389 933 1483 scripturn
945 1387 1020 1461 lieri
1029 1401 1064 1462 et
1083 1390 1177 1462 bulla
1195 1411 1299 1462 aurea
1318 1387 1453 1483 typario
1474 1395 1587 1458 nostre
1605 1383 1793 1477 majestatis

381 1510 548 1608 impressa
559 1511 729 1603 jussimus
746 1513 964 1584 communiri.

430 1636 541 1728 llnjns
558 1647 674 1708 autern
685 1635 736 1720 rei
752 1645 855 1708 testes
866 1647 947 1708 sunt
960 1636 1062 1711 Oddo
1074 1636 1118 1709 de
1132 1635 1415 1730 Montebalyardo
1427 1633 1682 1706 comestabulus
1693 1631 1793 1727 regni

382 1759 657 1845 lerosolimitani,
677 1760 839 1833 Balianns
854 1760 1018 1834 dominus
1035 1761 1198 1855 sydonis,
1214 1761 1363 1832 loannes
1381 1759 1426 1834 de
1438 1759 1620 1848 Ybellono,
1638 1757 1792 1830 Guarce-

383 1879 456 1952 rins
473 1881 703 1974 Alemannus,
716 1882 828 1979 Aymo
841 1905 948 1979 nepos
967 1884 1123 1976 ejusdem
1148 1884 1345 1976 Guarnerii,
1364 1883 1536 1980 dymarns
1553 1903 1660 1978 nepos
1680 1881 1793 1956 fratris

382 2005 525 2101 Aymari
540 2007 585 2080 de
602 2007 706 2080 domo
719 2007 912 2104 hospitalis,
929 2017 964 2081 et
979 2009 1036 2080 alii
1051 2031 1155 2103 qnam
1173 2009 1301 2103 plures.

432 2125 517 2200 Acta
540 2141 621 2200 snnt
640 2129 705 2202 hec
726 2151 818 2202 anno
836 2129 1009 2203 dominice
1023 2129 1267 2202 incarnationis
1287 2128 1470 2202 millesimo
1486 2127 1722 2202 ducentesimo
1735 2129 1792 2200 vi·

382 2252 515 2346 gesimo
532 2275 636 2346 nono,
657 2269 775 2327 mense
785 2254 916 2350 aprilis,
933 2255 1085 2328 secunde
1099 2254 1308 2342 indictionis,
1323 2254 1513 2350 imperante
1523 2254 1664 2328 domino
1675 2263 1791 2328 nostro

382 2377 575 2470 Frederico,
593 2379 655 2451 Dei
678 2380 787 2473 gratia
808 2379 1054 2474 gloriosissimo
1073 2381 1303 2452 Romanorum
1321 2379 1547 2473 imperatore,
1574 2399 1711 2473 semper
1727 2399 1792 2452 an·

383 2509 503 2592 gusto,
523 2501 710 2573 Jerusalem
727 2509 762 2572 et
781 2499 896 2573 Sicilie
912 2521 1012 2594 rege,
1038 2521 1130 2572 anno
1149 2500 1291 2572 Romani
1318 2500 1452 2596 imperii
1471 2501 1546 2592 ejus
1561 2520 1670 2591 nono,
1688 2497 1788 2594 regni

381 2624 568 2696 Jerusalem
581 2631 716 2717 quarto,
732 2624 831 2716 regni
845 2646 931 2697 vero
944 2624 1059 2696 Sicilie
1080 2623 1252 2718 trigesimo
1265 2623 1392 2718 primo,
1415 2625 1569 2697 feliciter.
1586 2624 1712 2698 Arnen.

400 2785 403 2792 .
430 2748 554 2820 Datum
568 2748 665 2844 apud
681 2747 811 2839 Aeson,
827 2770 934 2840 anno,
949 2770 1068 2822 mense
1081 2759 1117 2821 et
1134 2747 1321 2820 indictione
1333 2749 1541 2844 prescriptis.

434 3320 861 3432 Geroldns,palriarcha
874 3327 1443 3438 Hierosolymilanus,omnibus
1459 3327 1597 3410 Christi
1606 3325 1782 3412 fidelibus
1806 3327 1980 3436 [3Ἧᾲῗῆ

378 3453 465 3561 quis
490 3454 663 3538 fueritin
692 3467 793 3542 terna
819 3472 949 3544 sancta
977 3462 1214 3571 imperatoris
1241 3487 1440 3570 processus
1466 3463 1688 3568 denuntiat,
1712 3464 1782 3546 in-

375 3611 513 3670 cusans
536 3592 642 3698 qnod
668 3591 733 3674 ille
754 3603 841 3702 post
869 3621 982 3677 sunm
1011 3597 1113 3703 apud
1145 3595 1270 3678 Accon
1298 3597 1463 3678 reditum
1489 3595 1713 3704 Templsriis
1745 3606 1782 3679 et

372 3719 463 3802 viris
490 3723 678 3834 religiosis
701 3725 861 3836 injurias
879 3737 917 3810 et
929 3729 1071 3810 damna
1086 3728 1227 3811 ibidem
1245 3754 1422 3838 expressa
1441 3729 1622 3812 intulerit.

451 3935 542 4009 (Edit.
553 3953 603 4016 ap.
619 3939 746 4002 Mans.
760 3942 880 4017 Panis„
896 3943 973 4004 Hirt.
988 3944 1059 4024 maj.
1074 3939 1206 4026 Astylon,
1224 3943 1447 4017 adanu-1²29,
1461 3961 1493 4022 p.
1510 3943 1592 4023 all.)

417 4121 598 4210 Geroldus,
614 4125 805 4220 patriarcha
819 4128 1160 4224 Hierosolymitanus,
1178 4129 1349 4201 universis
1359 4129 1481 4201 Christi
1490 4127 1651 4202 fidelibus
1661 4129 1696 4200 in
1706 4132 1780 4203 llo-

367 4243 463 4316 nrino
480 4247 637 4318 salntem.
659 4249 769 4334 Quam
785 4250 986 4324 mirabiliter
999 4253 1044 4324 ab
1063 4253 1161 4324 initio
1177 4274 1288 4346 usque
1306 4253 1353 4326 ad
1367 4251 1469 4324 linem
1485 4253 1521 4323 in
1539 4273 1647 4346 grave
1663 4256 1778 4347 preju-

367 4365 498 4440 dicinrn
526 4371 654 4464 negotii
676 4373 757 4446 Jesu
782 4375 905 4448 Christi
930 4385 965 4448 et
991 4375 1071 4448 lidei
1096 4377 1280 4450 christiane
1305 4387 1537 4472 contemptum
1564 4377 1778 4472 inpartibus

367 4489 559 4566 cismarinis
582 4498 785 4590 processerit
808 4499 991 4594 imperator
1016 4501 1044 4572 si
1065 4501 1166 4595 plene
1183 4501 1403 4594 intelligatur,
1428 4501 1464 4572 in
1488 4523 1651 4596 processu
1669 4501 1779 4597 ipsius

366 4617 518 4709 aplanta
533 4619 632 4713 pedis
648 4641 759 4714 usque
774 4624 820 4697 ad
830 4625 991 4696 verticem
1009 4647 1076 4695 non
1095 4625 1217 4719 polerit
1228 4625 1356 4696 sanitas
1371 4623 1538 4716 inveniri;
1559 4625 1725 4720 quonism
1742 4625 1779 4698 in

366 4738 517 4814 adventu
541 4765 606 4816 suo
631 4749 949 4820 excommunicatus
974 4749 1068 4821 venit
1097 4749 1159 4822 vix
1180 4769 1298 4821 secum
1322 4749 1455 4823 ducens
1479 4750 1604 4822 milites
1626 4749 1776 4844 qnadra-
