4602 6084
578 613 620 676 42
1077 618 1289 679 uoluente!
1314 619 1487 679 sectant
1794 621 1979 698 [ers-‚1221

578 751 764 824 Tbeotonia
784 763 819 824 et
842 753 900 826 alii
927 754 1157 848 predicatores
1182 777 1243 850 per
1264 776 1370 848 regna
1392 755 1530 828 diversa
1559 755 1699 826 monitis
1726 758 1925 850 apostolicis
1945 769 1980 830 et

577 876 728 965 statutis,
753 874 903 969 denique
920 899 984 949 rex
999 877 1170 950 Jobaunes
1189 891 1224 950 et
1237 879 1398 972 magister
1415 880 1540 953 domus
1554 878 1839 980 Theotonicorum
1856 881 1980 954 nocuis

577 999 701 1072 oblatis
719 999 1002 1093 promissionibus
1021 1003 1077 1075 vel
1096 1021 1225 1097 paucos
1248 1003 1304 1076 vel
1325 1000 1480 1092 infimos,
1501 1001 1597 1072 velut
1613 1022 1734 1073 omnes
1753 1003 1881 1076 recenti
1895 1025 1979 1078 casn

575 1121 731 1194 Damiate
753 1130 823 1194 tam
843 1123 1026 1196 enormiter
1053 1133 1302 1212 consternatos,
1327 1125 1374 1198 ad
1400 1123 1651 1218 susceptionem
1677 1124 1789 1196 erucis
1814 1125 1980 1200 iuducere

576 1243 786 1340 potuissent,
807 1267 852 1317 ne
874 1267 935 1340 per
959 1247 1158 1340 hujusmodi
1186 1246 1357 1320 delectum
1374 1247 1586 1340 contingeret
1600 1248 1776 1340 negotium
1794 1247 1974 1343 impediri,

576 1367 661 1440 nibil
677 1367 722 1440 de
734 1369 1011 1462 contingentibus
1028 1371 1233 1460 omittentes,
1252 1369 1476 1442 convenimus
1490 1368 1585 1463 apud
1599 1377 1755 1443 sanctum
1769 1371 1978 1444 Germanum

575 1514 654 1563 eum
673 1491 928 1564 venerabilibus
945 1493 1030 1564 viris
1047 1495 1085 1564 P.
1110 1493 1160 1588 (l)
1180 1491 1365 1565 Albanensi
1381 1491 1543 1587 episcopo
1559 1501 1593 1563 et
1609 1491 1667 1588 pie
1681 1493 1845 1566 memorie
1862 1494 1904 1566 G.
1925 1492 1978 1590 (2)

574 1615 663 1686 tituli
685 1615 793 1686 sancti
809 1615 944 1688 blartini
962 1617 1160 1711 presbytero
1175 1617 1356 1707 cardinali,
1372 1624 1408 1687 et
1420 1624 1459 1686 ut
1472 1615 1706 1688 animarentur
1719 1637 1839 1688 omnes
1853 1619 1979 1690 nostris

573 1737 813 1830 largitionibus
831 1747 865 1810 et
886 1739 1080 1833 promissis,
1103 1740 1247 1811 termino
1270 1739 1416 1833 passagii
1443 1761 1555 1832 usque
1575 1739 1621 1812 ad
1640 1739 1820 1812 biennium
1838 1742 1975 1834 prolouss

574 1873 671 1956 gato,
697 1863 920 1956 personaliter
936 1863 1079 1936 transire
1099 1863 1318 1957 promisimus
1331 1872 1366 1934 et
1380 1861 1508 1934 ducere
1529 1861 1622 1934 mille
1639 1861 1764 1934 milites
1782 1861 1829 1936 ad
1847 1863 1975 1958 stipen-

574 1985 632 2057 dia
648 1993 762 2056 nostra
776 1985 942 2058 tenendos
957 1984 1004 2058 ad
1023 1985 1202 2057 biennium
1221 1985 1257 2056 iu
1275 1985 1453 2057 servitium
1467 1993 1556 2058 terre
1573 1993 1709 2074 sancte,
1734 1985 1868 2058 mittere
1886 1987 1975 2060 inira

573 2108 723 2203 spatium
747 2117 962 2203 pretaxatum
983 2131 1043 2203 per
1063 2107 1222 2201 quinque⁴
1236 2108 1396 2180 videlicet
1408 2107 1570 2180 terminos
1585 2107 1645 2180 cll
1660 2107 1781 2182 uncias
1795 2107 1842 2182 ud
1859 2119 1975 2204 partes

572 2231 812 2303 ultramarinas
838 2231 974 2303 statutis
998 2232 1223 2325 assignandas
1242 2233 1414 2328 personis,
1441 2241 1579 2304 eentum
1602 2231 1745 2327 insuper
1770 2231 1974 2306 cbelandras

571 2354 699 2428 babere
726 2377 767 2427 ac
797 2357 823 2426 L
859 2357 973 2449 galeas
1003 2365 1038 2427 et
1070 2378 1132 2450 pro
1160 2357 1299 2429 duobus
1327 2357 1479 2428 millibus
1507 2355 1663 2450 equitum
1688 2355 1789 2428 oertis
1819 2357 1973 2430 terminis

570 2477 768 2574 passagium
782 2478 958 2551 exhibere.
980 2479 1115 2564 Quibus
1131 2480 1349 2576 solempniter
1367 2479 1575 2571 constitutis,
1596 2478 1754 2552 misimus
1768 2479 1971 2572 magistrum

570 2601 693 2674 domus
718 2602 1002 2674 Tbeotonieorum
1023 2624 1087 2698 pro
1109 2603 1276 2675 militibus
1300 2602 1505 2694 solidandis,
1526 2601 1644 2675 sedin
1667 2601 1805 2696 optione
1825 2623 1891 2674 sua
1914 2625 1973 2698 po-

568 2712 695 2796 tentem
724 2725 817 2796 viros
840 2725 967 2818 eligere
989 2733 1145 2798 strenuos
1170 2736 1204 2798 et
1228 2747 1290 2820 pro
1314 2727 1444 2798 meritis
1461 2747 1685 2821 personarum
1701 2726 1748 2800 ad
1770 2747 1870 2800 suam
1888 2749 1970 2821 pru·

568 2847 720 2920 dentiam
742 2849 912 2942 stipendia
930 2849 1094 2944 polliceri.
1114 2851 1157 2920 Et
1173 2849 1294 2922 ceteris
1312 2850 1452 2944 insuper
1467 2849 1665 2944 passagium
1684 2849 1877 2922 transituris
1889 2871 1969 2922 curn

567 2970 674 3042 nobili
702 2970 778 3041 viru
808 2970 961 3066 principe
988 2981 1022 3044 et
1046 2973 1300 3066 consanguineo
1328 2981 1442 3044 nostro
1469 2972 1674 3065 Lantgrevio
1706 2973 1895 3066 Thuringie
1925 2972 1969 3046 de

569 3091 720 3164 marchia
745 3092 907 3164 Misnensi
922 3095 1066 3187 gratiam
1090 3095 1233 3166 lecimus
1255 3104 1294 3166 ut
1321 3117 1457 3166 crucem
1473 3105 1662 3167 assumeret
1679 3105 1714 3168 et
1733 3095 1883 3186 veniret,
1907 3095 1967 3188 qui

568 3212 724 3286 eamdem
743 3215 929 3286 marchiam
948 3238 994 3287 ex
1004 3219 1083 3309 jure
1097 3217 1229 3311 imperii
1240 3217 1342 3288 simili
1357 3217 1460 3290 modo
1476 3227 1591 3290 tenere
1604 3239 1783 3312 possemus
1797 3217 1968 3290 valentem

568 3339 657 3409 ultra
674 3339 738 3408 XX
759 3336 865 3410 millia
887 3335 935 3434 (a)
961 3362 1154 3412 marcarum
1176 3341 1307 3434 argenti
1329 3362 1562 3434 perannum,
1587 3349 1622 3412 et
1643 3339 1843 3413 addidimus
1864 3339 1965 3412 etiam

569 3460 613 3533 de
631 3482 765 3533 camera
785 3473 900 3533 nostra
922 3460 1201 3556 quinquemillia
1219 3485 1411 3535 marcarum
1425 3461 1484 3556 (b),
1511 3461 1675 3556 eligentes
1693 3462 1807 3557 potius
1831 3461 1967 3533 utilitati

568 3593 682 3656 nostre
698 3583 818 3656 deesse
831 3601 935 3677 quam
950 3585 1097 3657 servicio
1112 3584 1283 3657 crucifixi.
1309 3585 1393 3656 Cum
1409 3587 1568 3692 exemplo
1587 3583 1743 3676 ejusdem
1758 3585 1965 3676 bantgravii,
1995 3593 1998 3596 ’

569 3706 668 3780 ducis
686 3705 731 3778 de
746 3705 929 3778 Limburcb
944 3717 978 3779 et
997 3707 1141 3780 aliorum
1158 3707 1353 3802 principum
1367 3728 1454 3800 quos
1472 3707 1517 3778 ad
1532 3707 1737 3780 sumendam
1751 3727 1888 3778 crucem
1903 3707 1968 3778 lar·

567 3830 755 3923 gitionibus
768 3839 803 3902 et
820 3831 995 3924 promissis
1014 3830 1234 3918 induximus,
1253 3829 1387 3901 infinita
1404 3851 1441 3901 se
1453 3829 1638 3901 multitudo
1653 3829 1819 3922 signavit,
1839 3830 1968 3922 septin-

566 3955 677 4047 gentis
698 3953 865 4024 militibus
887 3975 949 4048 per
975 3953 1137 4026 eumdem
1160 3952 1361 4046 magistrum
1388 3951 1433 4023 ad
1462 3961 1574 4022 nostra
1598 3951 1769 4046 stipendia
1791 3951 1964 4040 solidatis;

608 4145 644 4226 lul
665 4144 991 4208 Deestmilliuincod.
1361 4197 1378 4232 ,

607 4248 644 4328 (b)
663 4251 726 4310 Hoc
739 4251 986 4328 complementum
996 4267 1100 4310 sensus
1114 4267 1132 4310 a
1146 4249 1241 4310 verbls
1255 4255 1282 4311 et
1294 4246 1459 4310 addidisem
1471 4249 1552 4310 deest
1564 4251 1597 4308 in
1609 4249 1753 4310 Murteae.

602 4589 638 4660 tl)
656 4589 682 4645 le
694 4596 737 4646 est
749 4589 881 4661 Pelagius,
897 4589 968 4647 idem
978 4591 1036 4662 ipse
1050 4591 1095 4662 qui
1110 4591 1254 4648 Damiatam
1269 4591 1399 4647 amiserat.

605 4687 641 4760 (ἲ)
661 4686 765 4742 Scilicet
779 4685 874 4742 Gualo.
