4702 6110
400 665 499 730 lantes.
514 662 557 747 3.]
844 655 1042 718 tltstottltt
1067 652 1360 716 diplomatica,
1748 652 1809 714 tot

401 801 468 876 snb
483 818 574 895 pena
598 793 706 890 gratie
723 799 838 865 nostre
861 791 1015 864 districte
1033 791 1259 886 precipientes
1282 797 1321 860 ut
1336 787 1453 860 nullus
1476 787 1521 860 sit
1536 787 1598 881 qui
1616 786 1808 882 sepedictus

401 926 523 1000 tratres
546 941 635 996 ausu
649 917 776 992 ductus
793 915 973 988 temerario
990 916 1026 986 in
1042 915 1225 988 collatione
1243 915 1373 1009 prolata
1392 911 1536 986 ecclesie
1557 909 1685 984 audeat
1701 913 1811 1008 impe-

403 1047 480 1122 dire
508 1046 565 1118 vel
593 1043 759 1116 damnum
795 1039 937 1134 aliquod
970 1041 1132 1134 irrogare.
1163 1037 1265 1124 Quod
1290 1038 1352 1134 qni
1383 1035 1523 1128 lecerit,
1546 1036 1632 1110 iram
1659 1045 1810 1110 nostram

403 1191 545 1266 gravem
560 1167 684 1240 sentiet
697 1175 733 1238 et
745 1163 924 1238 offensam.

450 1296 576 1366 Datum
598 1309 691 1364 anno
715 1287 888 1362 dominice
908 1287 1153 1361 incarnationis
1174 1287 1222 1360 ill.
1248 1284 1310 1358 CC.
1334 1285 1463 1374 XXIX,
1487 1283 1622 1358 decimo
1646 1281 1811 1357 kalendas

403 1417 533 1503 martii,
553 1414 742 1488 indictione
759 1411 869 1484 tertia.

650 1713 1534 1732 -u-m-m-—a-un--n—n-—n-—a--u—ffl--u
1546 1713 1567 1724 ι·

1096 1973 1123 2046 1.

456 2139 640 2224 ilenricns
658 2139 919 2221 Romanorum
932 2163 999 2221 rex
1016 2138 1215 2224 Nicolaum
1231 2137 1555 2248 archiepiscopum
1571 2138 1813 2221 Bisnntinum
1834 2147 2010 2247 stiffi·

405 2276 453 2360 de
470 2271 664 2384 regalibus
681 2271 851 2378 investit,
870 2270 952 2382 ejus
965 2272 1162 2384 privilegia
1179 2271 1396 2370 confirmat,
1420 2274 1597 2383 cleroque
1614 2281 1652 2355 et
1668 2271 1812 2356 civibus

405 2407 564 2492 mandat
584 2414 628 2489 ut
644 2405 678 2488 ei
694 2405 743 2488 de
760 2404 940 2489 omnibns
953 2403 1111 2515 justitiis
1125 2414 1163 2489 et
1177 2405 1387 2491 rationibus
1405 2405 1583 2490 acclesiae
1595 2405 1814 2490 Bisnntinae

405 2540 516 2652 plena
533 2539 798 2648 respondeant.

487 2751 802 2834 (adustionem,
824 2747 1036 2834 Mcrluitrdiqc
1049 2747 1178 2814 ataid.
1190 2749 1249 2833 fiir
1270 2748 1317 2813 dic
1345 2748 1475 2812 Dcotrclt.
1501 2749 1608 2826 dcccli,
1625 2759 1692 2814 arat
1717 2752 1812 2830 iliad,

524 2877 552 2938 p.
572 2869 640 2934 tot,
653 2868 686 2920 n·
698 2859 784 2932 LIII,
799 2875 838 2918 ex
850 2857 1263 2936 confirmationslmparatcrls
1276 2857 1396 2921 liudolfi
1410 2859 1461 2934 ΙΙ,
1477 2867 1515 2920 24
1529 2859 1700 2937 septembris
1716 2869 1813 2934 15883

524 2965 589 3028 coll.
607 2981 676 3026 cum
688 2965 781 3042 copiis
795 2963 1007 3026 recentioribus
1017 2967 1051 3026 ln
1062 2966 1172 3026 collect
1185 2965 1283 3044 linos,
1300 2963 1394 3026 rttrn
1408 2962 1443 3025 dc
1460 2961 1594 3027 darcdoo.
1605 2963 1640 3027 dc
1650 2965 1812 3041 licaoacon,

524 3078 596 3135 tom.
611 3072 651 3146 ll,
665 3070 687 3132 d
705 3075 777 3150 tto,
786 3071 819 3130 ln
829 3069 967 3132 Blbllotlr.
983 3069 1088 3150 Paris)

454 3256 621 3332 lienricns
639 3255 701 3328 Dei
724 3255 834 3350 gratia
851 3256 1082 3329 Romanorum
1101 3277 1164 3328 rex
1186 3265 1221 3330 et
1244 3277 1380 3352 semper
1396 3265 1583 3350 angustus,
1609 3256 1812 3348 infundatis,

405 3379 698 3472 ministerialibus,
711 3379 803 3454 clero
817 3388 852 3454 at
870 3379 1020 3467 civibus,
1032 3399 1166 3454 necnon
1181 3379 1352 3453 universis
1366 3380 1500 3474 imperii
1515 3378 1677 3453 fidelibus
1691 3378 1816 3452 Bisnn-

405 3503 478 3578 tine
504 3505 664 3597 ecclesie,
688 3505 818 3600 quibus
839 3503 886 3578 he
907 3503 1019 3578 littere
1035 3513 1172 3578 ostense
1195 3505 1340 3594 inerint,
1363 3503 1507 3597 gratiam
1534 3511 1689 3576 suamet
1712 3523 1815 3574 omne
1933 3517 1936 3524 ·

405 3625 552 3700 bonum.
569 3625 800 3703 decedentem
815 3627 863 3702 ad
880 3627 1088 3722 presentiam
1105 3635 1256 3700 nostram
1272 3625 1437 3700 dilectum
1452 3625 1642 3720 principem
1659 3635 1814 3698 nostrum

405 3747 584 3824 Nicolaum
600 3750 834 3824 venerabilem
850 3750 1148 3848 archiepiscopum
1164 3749 1382 3823 Bisnntinum
1399 3747 1453 3847 (l)
1466 3749 1616 3844 benigne
1631 3759 1666 3823 et
1682 3771 1725 3822 eo
1742 3769 1813 3844 qno

408 3871 525 3948 decuit
541 3884 576 3948 et
594 3874 780 3950 debuimus
805 3874 1003 3970 accepimns
1025 3873 1167 3950 honore.
1185 3875 1341 3949 Dictnnte
1363 3895 1503 3970 quoqne
1531 3873 1705 3948 communi
1727 3895 1813 3947 sen-

444 4182 482 4258 (t)
501 4183 634 4242 liiscimus
652 4199 686 4243 ex
703 4183 816 4258 epistola
833 4181 953 4257 (Negant.
970 4181 1084 4256 (irsgcr.
1098 4183 1152 4256 lx,
1165 4198 1228 4241 ann.
1243 4183 1282 4256 ll,
1299 4191 1331 4240 ιιο
1346 4181 1394 4256 9⁰)
1409 4181 1519 4241 decanis
1538 4187 1567 4240 ot
1587 4182 1709 4258 capitulis
1720 4181 1813 4240 Sancti

407 4277 537 4338 iohannis
547 4286 577 4338 et
586 4281 678 4340 Sancti
692 4281 820 4357 Stephani
835 4279 981 4339 Bisnntinis
994 4281 1095 4338 directa
1106 4295 1241 4338 summum
1254 4279 1423 4356 pontificem,
1436 4295 1499 4338 cum
1514 4281 1543 4338 in
1557 4281 1716 4339 electionem
1727 4280 1813 4338 archi·

407 4377 526 4452 episcopi
539 4378 609 4438 intra
618 4379 761 4440 minum
769 4377 966 4454 praescriptum
978 4377 1030 4451 ipsi
1043 4378 1196 4438 consentire
1208 4393 1263 4436 non
1275 4379 1434 4452 pemmoni,
1448 4377 1587 4436 Nicolaum
1603 4378 1638 4436 de
1648 4377 1815 4452 Flavigniaco

407 4473 601 4550 lingonensem
618 4475 749 4534 mmnum
765 4475 794 4532 in
811 4475 956 4536 antistitem
970 4474 1038 4548 ipsis
1048 4475 1209 4549 providisse.
1221 4475 1338 4550 Exponit
1350 4481 1441 4533 antem
1451 4491 1523 4550 papa
1538 4475 1611 4549 quod
1622 4475 1696 4532 hunc
1706 4476 1816 4534 tandem

407 4570 529 4646 elegerit,
545 4579 687 4648 postquam
698 4573 819 4632 iohanne
833 4587 927 4632 acrum
940 4571 1141 4647 archiepiscopo
1152 4573 1187 4631 ad
1197 4572 1391 4631 mrdinelntrrm
1402 4588 1463 4630 cnm
1475 4573 1553 4632 titulo
1563 4573 1683 4648 episcopi
1691 4573 1817 4634 sabinen·

408 4667 448 4730 sis
458 4669 597 4745 maleto,
611 4671 769 4732 electionem
780 4671 816 4730 de
831 4669 931 4730 abbate
948 4670 1040 4729 Sancti
1052 4670 1164 4744 Benigni
1177 4669 1343 4730 Divionensis
1357 4671 1445 4746 primo
1462 4670 1560 4730 lacum
1581 4675 1692 4746 propter
1715 4671 1815 4729 lormae

408 4761 678 4830 decucurrisset
691 4769 750 4830 Dat.
764 4767 882 4844 Pernsii,
897 4769 927 4828 X
937 4768 1105 4842 talmatii,
1120 4785 1184 4828 ann.
1199 4767 1278 4844 1¹(20
1288 4767 1357 4828 labr.
1370 4768 1460 4843 lm).
