4602 6084
336 663 432 724 lunam.
452 658 492 745 l.]
785 652 979 718 HISTORIA
1004 649 1295 714 ntrtoatartca.
1702 645 1739 724 2l

383 798 510 868 Datum
524 791 733 883 Brundusii,
755 811 847 864 anno
866 789 1039 862 dominice
1056 785 1301 862 incarnationis
1320 785 1367 858 bl.
1386 783 1450 856 CC.
1466 782 1607 873 xxvtt,
1624 801 1742 854 meme

336 919 560 1016 septembris,
578 915 767 992 indictione
783 916 810 986 l.

390 1463 536 1548 Interea
553 1491 643 1574 pars
665 1463 1011 1575 crucesignatorum
1035 1488 1112 1545 nen
1136 1463 1304 1570 modica,
1335 1465 1374 1544 in
1399 1463 1536 1574 Apulia
1559 1491 1741 1574 superve-
1774 1465 1936 1574 ,ffigtfflg

339 1595 464 1678 niente
487 1596 725 1702 infirmitate,
748 1595 883 1678 eccidit
908 1621 977 1704 per
1003 1595 1136 1678 mertis
1159 1621 1349 1678 occasum.
1383 1597 1592 1706 Imperator
1613 1607 1739 1682 mmen

337 1755 426 1811 eum
449 1729 677 1840 Lantgravio
704 1737 742 1812 et
764 1729 921 1839 reliquis
943 1730 1213 1839 crucesignatis
1237 1755 1277 1811 se
1303 1739 1413 1838 parat
1439 1731 1489 1812 ed
1511 1731 1739 1836 transitum,

337 1859 389 1942 ita
411 1862 517 1970 quod
539 1862 578 1942 in
601 1861 663 1944 die
684 1861 895 1946 Natiuitatis
918 1861 1038 1944 beatae
1061 1861 1246 1971 Virginis,
1273 1887 1296 1942 a
1318 1861 1534 1945 Brundusio
1555 1863 1742 1946 transire-

338 2001 424 2074 tens
442 1993 545 2075 venit
561 1993 816 2103 Hydruntum,
837 2003 874 2076 et
892 2019 998 2102 spem
1016 1993 1158 2076 faciens
1181 1993 1228 2076 iis
1247 2020 1344 2102 (pnes
1362 1996 1596 2104 praemiserat
1614 1995 1675 2108 (l)
1695 1999 1742 2079 dc

337 2125 499 2207 transitu
527 2149 617 2231 suo,
647 2127 788 2209 morari
821 2127 923 2236 apud
946 2126 1187 2236 Hydrontum
1219 2153 1266 2208 ex
1293 2153 1409 2208 eausa
1436 2129 1649 2210 neccssaria
1670 2155 1743 2212 vo-

338 2255 429 2361 luit,
445 2255 511 2338 ubi
525 2283 616 2340 casu
630 2258 820 2340 accidente
833 2259 956 2340 dictus
971 2259 1221 2370 Lantgravius
1239 2259 1352 2366 obiit,
1367 2271 1405 2342 et
1422 2259 1502 2368 ipse
1519 2271 1610 2343 tunc
1628 2261 1742 2342 etiarn

338 2388 543 2496 imperator
561 2390 658 2472 siout
676 2391 932 2499 disposuerat,
953 2391 1237 2498 superveniente
1256 2391 1511 2503 aegritudine,
1531 2418 1608 2474 non
1627 2402 1742 2474 tran-

339 2521 437 2602 sivit.
470 2522 726 2619 Quamobrem
749 2549 848 2632 papa
876 2533 1003 2605 motus
1030 2533 1163 2606 contra
1188 2549 1277 2608 eum
1300 2525 1399 2632 apud
1426 2523 1641 2634 anagniam
1673 2550 1745 2632 pe-

339 2651 501 2734 nultimo
534 2655 676 2736 mensis
704 2654 976 2764 septembris...
1009 2656 1090 2738 sine
1117 2681 1241 2738 causae
1273 2657 1487 2768 cognitione
1509 2656 1745 2739 denuntiavit

339 2783 464 2892 ipsum
501 2785 768 2894 imperatorem
807 2787 914 2867 in....
955 2788 1354 2870 excommunicationis
1393 2789 1616 2871 sententiam
1645 2787 1745 2868 inei-

340 2917 453 2999 disse.
474 2917 645 3002 chaaam
670 2947 714 3002 on
739 2919 778 3002 S.
803 2921 922 3004 Grau.
950 2921 1305 3003 circuiremus.

393 3471 624 3582 fridericus,
649 3477 908 3562 Romanorum
939 3481 1161 3590 imperator,
1194 3482 1412 3568 Hermanno
1444 3485 1522 3570 filio
1554 3489 1745 3578 Ludowici
1798 3491 1923 3602 {ffli-

340 3603 542 3716 lantgravii
569 3608 788 3724 Thuringr'aa
814 3622 851 3694 et
878 3611 1051 3697 Senoniae
1073 3615 1221 3698 maritis
1243 3616 1424 3726 Palatini,
1446 3620 1529 3728 jam
1555 3623 1742 3731 defuncti,

346 3839 1745 3876 Ἡ

341 3979 454 4051 missae,
469 3980 568 4053 quibus
581 3997 629 4040 eos
643 3989 735 4040 monet
750 3990 781 4040 nt
797 4000 908 4042 cansam
919 3985 1066 4045 Guroensia
1080 3988 1200 4064 episcopi
1216 3997 1311 4049 contra
1326 3993 1559 4069 archiepiscopum
1570 3997 1744 4071 salzburgen-

340 4091 399 4134 sem
417 4077 515 4150 regnlia
533 4079 585 4136 sibi
599 4080 786 4138 vendicantem
799 4083 909 4140 audiant
921 4089 964 4156 et,
979 4084 1073 4142 silleri
1090 4086 1204 4159 poterit,
1218 4089 1373 4146 terminent.
1390 4089 1516 4164 Alioquin
1527 4109 1586 4150 rem
1598 4095 1631 4152 ad
1646 4095 1744 4153 Sedem

340 4173 514 4246 apostolicam
521 4177 670 4234 remittant.
680 4179 778 4236 Datum
786 4180 918 4252 leterani,
930 4181 990 4239 Vlll
1002 4182 1062 4240 idus
1069 4183 1170 4256 aprilis,
1184 4199 1254 4242 anno
1263 4186 1351 4259 primo
1365 4189 1490 4262 (taprilis
1500 4191 1588 4265 ⁴227).
1601 4223 1634 4235 —
1644 4191 1684 4250 Gi.
1693 4193 1746 4268 pri·

340 4270 466 4344 vilegium
481 4273 692 4332 confirmationis
705 4275 757 4333 boc
775 4275 833 4351 ipso
847 4294 917 4336 anno
930 4283 965 4338 29
978 4280 1069 4337 martii
1083 4281 1285 4357 archiepiscopo
1299 4283 1483 4360 salzburgensi
1496 4287 1531 4345 ab
1543 4289 1659 4347 llenmoo
1669 4291 1741 4364 (Vll),
1855 4311 1856 4316 ¹

340 4367 518 4427 Romanorum
531 4385 609 4444 rege,
624 4371 767 4431 indrdbrm.

377 4465 412 4539 (t)
430 4465 540 4524 Scilicet
555 4469 730 4544 qnadraginta
743 4471 825 4531 millia
839 4473 977 4530 bominum
994 4473 1022 4530 iu
1032 4474 1100 4532 lesio
1111 4475 1308 4552 Amrrmptionis
1318 4480 1417 4538 Mmiae
1427 4481 1483 4553 jam
1499 4499 1516 4539 e
1531 4489 1610 4556 portu
1623 4483 1743 4542 Brundu-

339 4559 398 4616 sioo
411 4560 559 4634 solverant3
573 4565 620 4638 qui
632 4567 723 4624 audito
735 4568 905 4641 imperatoris
914 4569 1014 4641 reditu,
1024 4572 1148 4645 protinus
1159 4589 1175 4630 e
1187 4579 1259 4632 terra
1269 4583 1361 4634 sancta
1372 4578 1400 4634 in
1412 4579 1514 4636 eisdem
1523 4579 1636 4638 navibus
1645 4582 1743 4656 quibus

341 4665 469 4716 venerant
481 4675 544 4717 cum
558 4662 712 4722 confiniens
725 4667 838 4739 regressi
853 4672 932 4738 sunt,
943 4669 1064 4742 exeeptis
1075 4669 1206 4728 militibus
1216 4673 1377 4747 octingentis
1389 4675 1488 4748 quibam
1501 4677 1555 4734 dux
1568 4679 1604 4736 de
1617 4678 1744 4753 limburg

339 4761 464 4826 praecrat.
477 4755 517 4814 OE.
533 4759 623 4818 lllarr.
636 4761 728 4819 Panas.
742 4763 817 4820 aar.
832 4765 898 4838 ιιιιιι·Ι
912 4764 1037 4839 inpar,
1050 4767 1084 4824 ad
1097 4781 1160 4825 ann.
1175 4785 1204 4842 p.
1221 4771 1283 4828 att.
