<?xml version="1.0" encoding="UTF-8"?>
<!DOCTYPE html PUBLIC "-//W3C//DTD XHTML 1.0 Transitional//EN"
    "http://www.w3.org/TR/xhtml1/DTD/xhtml1-transitional.dtd">
<html xmlns="http://www.w3.org/1999/xhtml" xml:lang="en" lang="en">
 <head>
  <title>
</title>
<meta http-equiv="Content-Type" content="text/html;charset=utf-8" />
  <meta name='ocr-system' content='tesseract 3.04.00' />
  <meta name='ocr-capabilities' content='ocr_page ocr_carea ocr_par ocr_line ocrx_word'/>
</head>
<body>
  <div class='ocr_page' id='page_1' title='image "./historiadiploma03fredgoog/historiadiploma03fredgoog_0232.png"; bbox 0 0 4642 6106; ppageno 0'>
   <div class='ocr_carea' id='block_1_1' title="bbox 324 663 1736 750">
    <p class='ocr_par' dir='ltr' id='par_1_1' title="bbox 324 663 1736 750">
     <span class='ocr_line' id='line_1_1' title="bbox 324 663 1736 750; baseline -0.004 -15"><span class='ocrx_word' id='word_1_1' title='bbox 324 673 422 743; x_wconf 78' lang='lat' dir='ltr'><strong>lttntcr.</strong></span> <span class='ocrx_word' id='word_1_2' title='bbox 438 671 484 750; x_wconf 85' lang='lat'><strong>3.]</strong></span> <span class='ocrx_word' id='word_1_3' title='bbox 777 665 974 728; x_wconf 81' lang='lat' dir='ltr'>HISTORIA</span> <span class='ocrx_word' id='word_1_4' title='bbox 998 663 1290 726; x_wconf 74' lang='lat' dir='ltr'><strong>nitnouartctt.</strong></span> <span class='ocrx_word' id='word_1_5' title='bbox 1677 668 1736 730; x_wconf 75' lang='lat'><strong>223</strong></span> 
     </span>
    </p>
   </div>
   <div class='ocr_carea' id='block_1_2' title="bbox 325 771 1737 1152">
    <p class='ocr_par' dir='ltr' id='par_1_2' title="bbox 325 771 1737 1152">
     <span class='ocr_line' id='line_1_2' title="bbox 326 771 1737 896; baseline -0.009 -8"><span class='ocrx_word' id='word_1_6' title='bbox 326 771 443 888; x_wconf 83' lang='lat' dir='ltr'><strong>(londo</strong></span> <span class='ocrx_word' id='word_1_7' title='bbox 461 804 551 880; x_wconf 88' lang='lat' dir='ltr'><strong>duos</strong></span> <span class='ocrx_word' id='word_1_8' title='bbox 574 799 704 877; x_wconf 90' lang='lat' dir='ltr'><strong>solidos</strong></span> <span class='ocrx_word' id='word_1_9' title='bbox 729 809 932 874; x_wconf 78' lang='lat' dir='ltr'><strong>turonenses</strong></span> <span class='ocrx_word' id='word_1_10' title='bbox 947 799 1015 872; x_wconf 85' lang='lat' dir='ltr'>sibi</span> <span class='ocrx_word' id='word_1_11' title='bbox 1031 799 1132 874; x_wconf 85' lang='lat' dir='ltr'><strong>liceat</strong></span> <span class='ocrx_word' id='word_1_12' title='bbox 1156 800 1308 896; x_wconf 86' lang='lat' dir='ltr'><strong>recipcre</strong></span> <span class='ocrx_word' id='word_1_13' title='bbox 1328 809 1363 873; x_wconf 90' lang='lat' dir='ltr'><strong>et</strong></span> <span class='ocrx_word' id='word_1_14' title='bbox 1385 800 1526 875; x_wconf 85' lang='lat' dir='ltr'><strong>habere.</strong></span> <span class='ocrx_word' id='word_1_15' title='bbox 1552 800 1609 874; x_wconf 85' lang='lat' dir='ltr'><strong>Ad</strong></span> <span class='ocrx_word' id='word_1_16' title='bbox 1632 789 1737 896; x_wconf 79' lang='lat' dir='ltr'><strong>hujus</strong></span> 
     </span>
     <span class='ocr_line' id='line_1_3' title="bbox 325 925 1736 1023; baseline -0.006 -15"><span class='ocrx_word' id='word_1_17' title='bbox 325 939 442 1008; x_wconf 79' lang='lat' dir='ltr'><strong>eutem</strong></span> <span class='ocrx_word' id='word_1_18' title='bbox 479 927 710 1004; x_wconf 73' lang='lat' dir='ltr'><strong>concessionis</strong></span> <span class='ocrx_word' id='word_1_19' title='bbox 740 935 854 998; x_wconf 87' lang='lat' dir='ltr'><strong>nostre</strong></span> <span class='ocrx_word' id='word_1_20' title='bbox 883 926 1086 999; x_wconf 88' lang='lat' dir='ltr'><strong>memoriam</strong></span> <span class='ocrx_word' id='word_1_21' title='bbox 1118 934 1154 998; x_wconf 87' lang='lat' dir='ltr'><strong>et</strong></span> <span class='ocrx_word' id='word_1_22' title='bbox 1179 925 1336 998; x_wconf 85' lang='lat' dir='ltr'><strong>stabilem</strong></span> <span class='ocrx_word' id='word_1_23' title='bbox 1369 925 1563 1000; x_wconf 86' lang='lat' dir='ltr'><strong>firmitatem</strong></span> <span class='ocrx_word' id='word_1_24' title='bbox 1594 949 1736 1023; x_wconf 87' lang='lat' dir='ltr'><strong>presens</strong></span> 
     </span>
     <span class='ocr_line' id='line_1_4' title="bbox 326 1047 1736 1152; baseline -0.002 -25"><span class='ocrx_word' id='word_1_25' title='bbox 326 1055 490 1152; x_wconf 87' lang='lat' dir='ltr'><strong>seriptum</strong></span> <span class='ocrx_word' id='word_1_26' title='bbox 505 1053 580 1128; x_wconf 88' lang='lat' dir='ltr'><strong>lieri</strong></span> <span class='ocrx_word' id='word_1_27' title='bbox 593 1061 628 1127; x_wconf 90' lang='lat' dir='ltr'><strong>et</strong></span> <span class='ocrx_word' id='word_1_28' title='bbox 645 1051 741 1125; x_wconf 89' lang='lat' dir='ltr'><strong>bulla</strong></span> <span class='ocrx_word' id='word_1_29' title='bbox 755 1072 860 1126; x_wconf 85' lang='lat' dir='ltr'><strong>aurea</strong></span> <span class='ocrx_word' id='word_1_30' title='bbox 877 1051 1013 1147; x_wconf 76' lang='lat' dir='ltr'>typario</span> <span class='ocrx_word' id='word_1_31' title='bbox 1037 1057 1152 1124; x_wconf 82' lang='lat' dir='ltr'><strong>nostre</strong></span> <span class='ocrx_word' id='word_1_32' title='bbox 1176 1047 1373 1144; x_wconf 80' lang='lat' dir='ltr'><strong>majestatis</strong></span> <span class='ocrx_word' id='word_1_33' title='bbox 1384 1049 1552 1146; x_wconf 88' lang='lat' dir='ltr'><strong>impressu</strong></span> <span class='ocrx_word' id='word_1_34' title='bbox 1567 1051 1736 1146; x_wconf 84' lang='lat' dir='ltr'><strong>jussimus</strong></span> 
     </span>
    </p>
   </div>
   <div class='ocr_carea' id='block_1_3' title="bbox 325 1199 1737 1520">
    <p class='ocr_par' dir='ltr' id='par_1_3' title="bbox 325 1199 1737 1520">
     <span class='ocr_line' id='line_1_5' title="bbox 325 1199 544 1252; baseline -0.014 0"><span class='ocrx_word' id='word_1_35' title='bbox 325 1199 544 1252; x_wconf 87' lang='lat' dir='ltr'><strong>communrrr.</strong></span> 
     </span>
     <span class='ocr_line' id='line_1_6' title="bbox 373 1297 1737 1396; baseline -0.001 -22"><span class='ocrx_word' id='word_1_36' title='bbox 373 1305 500 1377; x_wconf 88' lang='lat' dir='ltr'><strong>Datum</strong></span> <span class='ocrx_word' id='word_1_37' title='bbox 519 1301 555 1374; x_wconf 93' lang='lat' dir='ltr'><strong>in</strong></span> <span class='ocrx_word' id='word_1_38' title='bbox 573 1301 693 1374; x_wconf 87' lang='lat' dir='ltr'><strong>castris</strong></span> <span class='ocrx_word' id='word_1_39' title='bbox 708 1321 815 1396; x_wconf 92' lang='lat' dir='ltr'><strong>prope</strong></span> <span class='ocrx_word' id='word_1_40' title='bbox 831 1297 1058 1395; x_wconf 76' lang='lat' dir='ltr'>ceperanum,</span> <span class='ocrx_word' id='word_1_41' title='bbox 1075 1319 1167 1370; x_wconf 88' lang='lat' dir='ltr'><strong>anno</strong></span> <span class='ocrx_word' id='word_1_42' title='bbox 1182 1297 1354 1370; x_wconf 87' lang='lat' dir='ltr'><strong>dominico</strong></span> <span class='ocrx_word' id='word_1_43' title='bbox 1367 1299 1611 1372; x_wconf 82' lang='lat' dir='ltr'><strong>incarnationis</strong></span> <span class='ocrx_word' id='word_1_44' title='bbox 1628 1299 1737 1372; x_wconf 77' lang='lat' dir='ltr'><strong>mille</strong></span> 
     </span>
     <span class='ocr_line' id='line_1_7' title="bbox 326 1421 1475 1520; baseline -0.003 -22"><span class='ocrx_word' id='word_1_45' title='bbox 326 1427 413 1500; x_wconf 91' lang='lat' dir='ltr'><strong>simo</strong></span> <span class='ocrx_word' id='word_1_46' title='bbox 428 1425 665 1500; x_wconf 83' lang='lat' dir='ltr'><strong>ducentesimo</strong></span> <span class='ocrx_word' id='word_1_47' title='bbox 680 1424 869 1520; x_wconf 88' lang='lat' dir='ltr'><strong>trigesimo,</strong></span> <span class='ocrx_word' id='word_1_48' title='bbox 886 1445 1005 1497; x_wconf 87' lang='lat' dir='ltr'><strong>mense</strong></span> <span class='ocrx_word' id='word_1_49' title='bbox 1018 1423 1170 1518; x_wconf 88' lang='lat' dir='ltr'><strong>augusti,</strong></span> <span class='ocrx_word' id='word_1_50' title='bbox 1191 1424 1247 1495; x_wconf 77' lang='lat'>111⁰</span> <span class='ocrx_word' id='word_1_51' title='bbox 1264 1421 1475 1495; x_wconf 87' lang='lat' dir='ltr'><strong>indictionis.</strong></span> 
     </span>
    </p>
   </div>
   <div class='ocr_carea' id='block_1_4' title="bbox 379 2037 1910 2153">
    <p class='ocr_par' dir='ltr' id='par_1_4' title="bbox 379 2037 1910 2153">
     <span class='ocr_line' id='line_1_8' title="bbox 379 2037 1910 2153; baseline -0.003 -29"><span class='ocrx_word' id='word_1_52' title='bbox 379 2039 609 2146; x_wconf 74' lang='lat' dir='ltr'><strong>l&#39;ridericuS,</strong></span> <span class='ocrx_word' id='word_1_53' title='bbox 625 2039 885 2122; x_wconf 85' lang='lat' dir='ltr'><strong>Romanorum</strong></span> <span class='ocrx_word' id='word_1_54' title='bbox 898 2039 1119 2146; x_wconf 88' lang='lat' dir='ltr'><strong>imperator,</strong></span> <span class='ocrx_word' id='word_1_55' title='bbox 1134 2037 1273 2120; x_wconf 89' lang='lat' dir='ltr'><strong>iterum</strong></span> <span class='ocrx_word' id='word_1_56' title='bbox 1288 2048 1444 2122; x_wconf 88' lang='lat' dir='ltr'><strong>renovat</strong></span> <span class='ocrx_word' id='word_1_57' title='bbox 1457 2039 1736 2150; x_wconf 75' lang='lat' dir='ltr'><strong>archiepiscopo</strong></span> <span class='ocrx_word' id='word_1_58' title='bbox 1796 2045 1910 2153; x_wconf 54' lang='grc' dir='ltr'><strong>Ἢ·</strong></span> 
     </span>
    </p>
   </div>
   <div class='ocr_carea' id='block_1_5' title="bbox 1797 2162 1927 2206">
    <p class='ocr_par' dir='ltr' id='par_1_5' title="bbox 1797 2162 1927 2206">
     <span class='ocr_line' id='line_1_9' title="bbox 1797 2162 1927 2206; baseline 0 0"><span class='ocrx_word' id='word_1_59' title='bbox 1797 2162 1927 2206; x_wconf 71' lang='lat' dir='ltr'><strong>erem,</strong></span> 
     </span>
    </p>
   </div>
   <div class='ocr_carea' id='block_1_6' title="bbox 321 2151 1904 2552">
    <p class='ocr_par' dir='ltr' id='par_1_6' title="bbox 321 2151 1904 2552">
     <span class='ocr_line' id='line_1_10' title="bbox 326 2151 1904 2284; baseline -0.006 -27"><span class='ocrx_word' id='word_1_60' title='bbox 326 2173 535 2258; x_wconf 83' lang='lat' dir='ltr'><strong>Arelatensi</strong></span> <span class='ocrx_word' id='word_1_61' title='bbox 549 2173 721 2256; x_wconf 85' lang='lat' dir='ltr'><strong>chartam</strong></span> <span class='ocrx_word' id='word_1_62' title='bbox 736 2173 838 2281; x_wconf 87' lang='lat' dir='ltr'><strong>apud</strong></span> <span class='ocrx_word' id='word_1_63' title='bbox 856 2169 1046 2254; x_wconf 87' lang='lat' dir='ltr'><strong>Basileam</strong></span> <span class='ocrx_word' id='word_1_64' title='bbox 1067 2171 1209 2254; x_wconf 85' lang='lat' dir='ltr'><strong>editam</strong></span> <span class='ocrx_word' id='word_1_65' title='bbox 1226 2198 1305 2280; x_wconf 91' lang='lat' dir='ltr'><strong>qua</strong></span> <span class='ocrx_word' id='word_1_66' title='bbox 1321 2172 1356 2254; x_wconf 88' lang='lat' dir='ltr'><strong>ei</strong></span> <span class='ocrx_word' id='word_1_67' title='bbox 1374 2172 1574 2256; x_wconf 87' lang='lat' dir='ltr'><strong>confimnut</strong></span> <span class='ocrx_word' id='word_1_68' title='bbox 1593 2174 1737 2284; x_wconf 85' lang='lat' dir='ltr'><strong>regalia</strong></span> <span class='ocrx_word' id='word_1_69' title='bbox 1779 2151 1904 2260; x_wconf 61' lang='lat' dir='ltr'><strong>cauus.</strong></span> 
     </span>
     <span class='ocr_line' id='line_1_11' title="bbox 324 2303 1737 2416; baseline -0.002 -25"><span class='ocrx_word' id='word_1_70' title='bbox 324 2308 440 2391; x_wconf 87' lang='lat' dir='ltr'><strong>totius</strong></span> <span class='ocrx_word' id='word_1_71' title='bbox 457 2306 654 2413; x_wconf 84' lang='lat' dir='ltr'><strong>dioecesis,</strong></span> <span class='ocrx_word' id='word_1_72' title='bbox 672 2306 797 2414; x_wconf 87' lang='lat' dir='ltr'><strong>ipsam</strong></span> <span class='ocrx_word' id='word_1_73' title='bbox 812 2306 1003 2388; x_wconf 84' lang='lat' dir='ltr'><strong>civitatem</strong></span> <span class='ocrx_word' id='word_1_74' title='bbox 1017 2303 1277 2386; x_wconf 79' lang='lat' dir='ltr'><strong>Arelatensem</strong></span> <span class='ocrx_word' id='word_1_75' title='bbox 1295 2330 1365 2412; x_wconf 92' lang='lat' dir='ltr'><strong>pro</strong></span> <span class='ocrx_word' id='word_1_76' title='bbox 1382 2305 1563 2412; x_wconf 84' lang='lat' dir='ltr'><strong>indivise,</strong></span> <span class='ocrx_word' id='word_1_77' title='bbox 1584 2307 1737 2416; x_wconf 86' lang='lat' dir='ltr'><strong>plenum</strong></span> 
     </span>
     <span class='ocr_line' id='line_1_12' title="bbox 321 2436 1564 2552; baseline -0.003 -28"><span class='ocrx_word' id='word_1_78' title='bbox 321 2439 623 2552; x_wconf 86' lang='lat' dir='ltr'><strong>jurisdictionem</strong></span> <span class='ocrx_word' id='word_1_79' title='bbox 637 2447 674 2521; x_wconf 89' lang='lat' dir='ltr'><strong>et</strong></span> <span class='ocrx_word' id='word_1_80' title='bbox 692 2437 768 2521; x_wconf 83' lang='lat' dir='ltr'><strong>alie</strong></span> <span class='ocrx_word' id='word_1_81' title='bbox 783 2436 993 2548; x_wconf 84' lang='lat' dir='ltr'><strong>singularia</strong></span> <span class='ocrx_word' id='word_1_82' title='bbox 1008 2436 1206 2548; x_wconf 85' lang='lat' dir='ltr'><strong>privilegis</strong></span> <span class='ocrx_word' id='word_1_83' title='bbox 1219 2437 1361 2520; x_wconf 81' lang='lat' dir='ltr'><strong>ibidem</strong></span> <span class='ocrx_word' id='word_1_84' title='bbox 1375 2464 1564 2546; x_wconf 86' lang='lat' dir='ltr'><strong>expresse.</strong></span> 
     </span>
    </p>
   </div>
   <div class='ocr_carea' id='block_1_7' title="bbox 406 2667 1784 3391">
    <p class='ocr_par' dir='ltr' id='par_1_7' title="bbox 406 2667 1784 3391">
     <span class='ocr_line' id='line_1_13' title="bbox 406 2667 1738 2750; baseline -0.005 -18"><span class='ocrx_word' id='word_1_85' title='bbox 406 2671 528 2750; x_wconf 72' lang='lat' dir='ltr'><strong>(incolt.</strong></span> <span class='ocrx_word' id='word_1_86' title='bbox 550 2671 583 2731; x_wconf 92' lang='lat' dir='ltr'><strong>ln</strong></span> <span class='ocrx_word' id='word_1_87' title='bbox 605 2669 719 2731; x_wconf 79' lang='lat' dir='ltr'><strong>mehir.</strong></span> <span class='ocrx_word' id='word_1_88' title='bbox 745 2669 890 2731; x_wconf 81' lang='lat' dir='ltr'><strong>Procloot.</strong></span> <span class='ocrx_word' id='word_1_89' title='bbox 914 2669 1029 2730; x_wconf 87' lang='lat' dir='ltr'><strong>Mussll.</strong></span> <span class='ocrx_word' id='word_1_90' title='bbox 1054 2685 1092 2729; x_wconf 85' lang='lat' dir='ltr'><strong>ex</strong></span> <span class='ocrx_word' id='word_1_91' title='bbox 1112 2668 1247 2748; x_wconf 80' lang='lat' dir='ltr'><strong>originali</strong></span> <span class='ocrx_word' id='word_1_92' title='bbox 1270 2685 1320 2746; x_wconf 86' lang='lat' dir='ltr'><strong>ap.</strong></span> <span class='ocrx_word' id='word_1_93' title='bbox 1345 2669 1431 2730; x_wconf 70' lang='lat' dir='ltr'><strong>liure</strong></span> <span class='ocrx_word' id='word_1_94' title='bbox 1453 2667 1518 2730; x_wconf 83' lang='lat' dir='ltr'><strong>d&#39;or</strong></span> <span class='ocrx_word' id='word_1_95' title='bbox 1544 2667 1579 2729; x_wconf 81' lang='lat' dir='ltr'><strong>de</strong></span> <span class='ocrx_word' id='word_1_96' title='bbox 1600 2669 1738 2737; x_wconf 55' lang='lat' dir='ltr'><strong>turcico.</strong></span> 
     </span>
     <span class='ocr_line' id='line_1_14' title="bbox 443 2773 1734 2854; baseline 0.007 -16"><span class='ocrx_word' id='word_1_97' title='bbox 443 2773 575 2851; x_wconf 75' lang='lat' dir='ltr'><strong>d&#39;Arta,</strong></span> <span class='ocrx_word' id='word_1_98' title='bbox 590 2786 622 2837; x_wconf 83' lang='lat' dir='ltr'><strong>n·</strong></span> <span class='ocrx_word' id='word_1_99' title='bbox 637 2785 674 2838; x_wconf 84' lang='lat' dir='ltr'><strong>ro</strong></span> <span class='ocrx_word' id='word_1_100' title='bbox 694 2781 724 2837; x_wconf 82' lang='lat' dir='ltr'><strong>et</strong></span> <span class='ocrx_word' id='word_1_101' title='bbox 737 2791 782 2854; x_wconf 82' lang='lat' dir='ltr'><strong>ap.</strong></span> <span class='ocrx_word' id='word_1_102' title='bbox 800 2776 873 2838; x_wconf 84' lang='lat' dir='ltr'><strong>cod.</strong></span> <span class='ocrx_word' id='word_1_103' title='bbox 889 2775 968 2836; x_wconf 79' lang='lat' dir='ltr'><strong>‹tteto</strong></span> <span class='ocrx_word' id='word_1_104' title='bbox 986 2775 1070 2836; x_wconf 74' lang='lat' dir='ltr'><strong>tiore</strong></span> <span class='ocrx_word' id='word_1_105' title='bbox 1088 2777 1171 2850; x_wconf 74' lang='lat' dir='ltr'><strong>noir,</strong></span> <span class='ocrx_word' id='word_1_106' title='bbox 1192 2775 1285 2851; x_wconf 75' lang='lat' dir='ltr'><strong>totu,</strong></span> <span class='ocrx_word' id='word_1_107' title='bbox 1300 2775 1352 2837; x_wconf 85' lang='lat' dir='ltr'><strong>tot.</strong></span> <span class='ocrx_word' id='word_1_108' title='bbox 1377 2787 1432 2840; x_wconf 80' lang='lat'><strong>1³²</strong></span> <span class='ocrx_word' id='word_1_109' title='bbox 1452 2785 1548 2854; x_wconf 79' lang='lat' dir='ltr'><strong>roem,</strong></span> <span class='ocrx_word' id='word_1_110' title='bbox 1573 2789 1627 2842; x_wconf 80' lang='lat' dir='ltr'><strong>toa</strong></span> <span class='ocrx_word' id='word_1_111' title='bbox 1643 2790 1734 2848; x_wconf 82' lang='lat' dir='ltr'><strong>recto.</strong></span> 
     </span>
     <span class='ocr_line' id='line_1_15' title="bbox 443 2882 1736 2962; baseline 0.005 -17"><span class='ocrx_word' id='word_1_112' title='bbox 443 2883 542 2958; x_wconf 86' lang='lat' dir='ltr'><strong>Quum</strong></span> <span class='ocrx_word' id='word_1_113' title='bbox 556 2887 655 2944; x_wconf 69' lang='lat' dir='ltr'><strong>numm</strong></span> <span class='ocrx_word' id='word_1_114' title='bbox 668 2882 725 2944; x_wconf 87' lang='lat' dir='ltr'><strong>boe</strong></span> <span class='ocrx_word' id='word_1_115' title='bbox 738 2883 925 2962; x_wconf 81' lang='lat' dir='ltr'><strong>privilegium</strong></span> <span class='ocrx_word' id='word_1_116' title='bbox 937 2899 1027 2960; x_wconf 84' lang='lat' dir='ltr'><strong>supra</strong></span> <span class='ocrx_word' id='word_1_117' title='bbox 1039 2882 1260 2943; x_wconf 80' lang='lat' dir='ltr'><strong>exhibuerimus</strong></span> <span class='ocrx_word' id='word_1_118' title='bbox 1273 2883 1312 2943; x_wconf 81' lang='lat' dir='ltr'><strong>ad</strong></span> <span class='ocrx_word' id='word_1_119' title='bbox 1325 2900 1396 2944; x_wconf 82' lang='lat' dir='ltr'><strong>nnn.</strong></span> <span class='ocrx_word' id='word_1_120' title='bbox 1414 2893 1503 2958; x_wconf 75' lang='lat' dir='ltr'><strong>titt,</strong></span> <span class='ocrx_word' id='word_1_121' title='bbox 1517 2893 1556 2946; x_wconf 79' lang='lat'><strong>2⁴</strong></span> <span class='ocrx_word' id='word_1_122' title='bbox 1569 2889 1736 2952; x_wconf 83' lang='lat' dir='ltr'><strong>novembris</strong></span> 
     </span>
     <span class='ocr_line' id='line_1_16' title="bbox 443 2988 1784 3063; baseline 0.006 -13"><span class='ocrx_word' id='word_1_123' title='bbox 443 2997 474 3050; x_wconf 89' lang='lat' dir='ltr'><strong>ot</strong></span> <span class='ocrx_word' id='word_1_124' title='bbox 485 2989 525 3050; x_wconf 79' lang='lat' dir='ltr'><strong>ad</strong></span> <span class='ocrx_word' id='word_1_125' title='bbox 537 3005 609 3050; x_wconf 85' lang='lat' dir='ltr'><strong>unu.</strong></span> <span class='ocrx_word' id='word_1_126' title='bbox 627 2997 722 3063; x_wconf 74' lang='lat'><strong>1²²5,</strong></span> <span class='ocrx_word' id='word_1_127' title='bbox 734 3003 835 3049; x_wconf 87' lang='lat' dir='ltr'><strong>monsc</strong></span> <span class='ocrx_word' id='word_1_128' title='bbox 848 2989 975 3062; x_wconf 85' lang='lat' dir='ltr'><strong>martio,</strong></span> <span class='ocrx_word' id='word_1_129' title='bbox 990 2993 1110 3050; x_wconf 86' lang='lat' dir='ltr'><strong>etnuno</strong></span> <span class='ocrx_word' id='word_1_130' title='bbox 1122 2988 1336 3050; x_wconf 69' lang='lat' dir='ltr'><strong>renuntiatur</strong></span> <span class='ocrx_word' id='word_1_131' title='bbox 1346 2989 1384 3052; x_wconf 84' lang='lat' dir='ltr'><strong>ds</strong></span> <span class='ocrx_word' id='word_1_132' title='bbox 1395 2992 1534 3054; x_wconf 78' lang='lat' dir='ltr'><strong>verbourl</strong></span> <span class='ocrx_word' id='word_1_133' title='bbox 1543 2995 1667 3056; x_wconf 82' lang='lat' dir='ltr'><strong>verbum</strong></span> <span class='ocrx_word' id='word_1_134' title='bbox 1678 2998 1735 3058; x_wconf 86' lang='lat' dir='ltr'><strong>nist</strong></span> <span class='ocrx_word' id='word_1_135' title='bbox 1780 3018 1784 3028; x_wconf 90' lang='lat'>·</span> 
     </span>
     <span class='ocr_line' id='line_1_17' title="bbox 443 3091 1736 3176; baseline 0.007 -20"><span class='ocrx_word' id='word_1_136' title='bbox 443 3093 524 3174; x_wconf 84' lang='lat' dir='ltr'><strong>quod</strong></span> <span class='ocrx_word' id='word_1_137' title='bbox 538 3096 570 3156; x_wconf 92' lang='lat' dir='ltr'><strong>in</strong></span> <span class='ocrx_word' id='word_1_138' title='bbox 584 3095 649 3156; x_wconf 82' lang='lat' dir='ltr'><strong>vice</strong></span> <span class='ocrx_word' id='word_1_139' title='bbox 670 3092 723 3156; x_wconf 74' lang='lat' dir='ltr'><strong>titt</strong></span> <span class='ocrx_word' id='word_1_140' title='bbox 740 3091 861 3154; x_wconf 77' lang='lat' dir='ltr'><strong>tticlotl</strong></span> <span class='ocrx_word' id='word_1_141' title='bbox 876 3095 990 3174; x_wconf 81' lang='lat' dir='ltr'><strong>legator</strong></span> <span class='ocrx_word' id='word_1_142' title='bbox 1013 3093 1066 3156; x_wconf 80' lang='lat' dir='ltr'><strong>tibi</strong></span> <span class='ocrx_word' id='word_1_143' title='bbox 1085 3095 1191 3176; x_wconf 74' lang='lat' dir='ltr'><strong>Eupo,</strong></span> <span class='ocrx_word' id='word_1_144' title='bbox 1211 3096 1355 3159; x_wconf 80' lang='lat' dir='ltr'><strong>duximus</strong></span> <span class='ocrx_word' id='word_1_145' title='bbox 1371 3098 1446 3160; x_wconf 86' lang='lat' dir='ltr'><strong>illud</strong></span> <span class='ocrx_word' id='word_1_146' title='bbox 1463 3099 1593 3176; x_wconf 87' lang='lat' dir='ltr'><strong>dlplcmu</strong></span> <span class='ocrx_word' id='word_1_147' title='bbox 1607 3117 1669 3164; x_wconf 92' lang='lat' dir='ltr'><strong>non</strong></span> <span class='ocrx_word' id='word_1_148' title='bbox 1687 3103 1736 3166; x_wconf 89' lang='lat' dir='ltr'><strong>hie</strong></span> 
     </span>
     <span class='ocr_line' id='line_1_18' title="bbox 444 3201 1735 3284; baseline 0.008 -22"><span class='ocrx_word' id='word_1_149' title='bbox 444 3201 541 3262; x_wconf 82' lang='lat' dir='ltr'><strong>denno</strong></span> <span class='ocrx_word' id='word_1_150' title='bbox 557 3201 606 3262; x_wconf 86' lang='lat' dir='ltr'><strong>rel</strong></span> <span class='ocrx_word' id='word_1_151' title='bbox 623 3203 721 3279; x_wconf 82' lang='lat' dir='ltr'><strong>potius</strong></span> <span class='ocrx_word' id='word_1_152' title='bbox 738 3203 825 3263; x_wconf 84' lang='lat' dir='ltr'><strong>tertio</strong></span> <span class='ocrx_word' id='word_1_153' title='bbox 843 3202 1048 3276; x_wconf 82' lang='lat' dir='ltr'><strong>inserentium,</strong></span> <span class='ocrx_word' id='word_1_154' title='bbox 1068 3203 1121 3264; x_wconf 88' lang='lat' dir='ltr'><strong>sed</strong></span> <span class='ocrx_word' id='word_1_155' title='bbox 1142 3203 1248 3264; x_wconf 65' lang='lat' dir='ltr'><strong>saturn</strong></span> <span class='ocrx_word' id='word_1_156' title='bbox 1269 3206 1334 3280; x_wconf 83' lang='lat' dir='ltr'><strong>ejus</strong></span> <span class='ocrx_word' id='word_1_157' title='bbox 1353 3207 1534 3266; x_wconf 81' lang='lat' dir='ltr'><strong>montionem</strong></span> <span class='ocrx_word' id='word_1_158' title='bbox 1553 3207 1735 3284; x_wconf 70' lang='lat' dir='ltr'><strong>mumdum,</strong></span> 
     </span>
     <span class='ocr_line' id='line_1_19' title="bbox 443 3309 1642 3391; baseline 0.004 -21"><span class='ocrx_word' id='word_1_159' title='bbox 443 3325 536 3386; x_wconf 62' lang='lat' dir='ltr'><strong>mum</strong></span> <span class='ocrx_word' id='word_1_160' title='bbox 549 3324 568 3370; x_wconf 85' lang='lat' dir='ltr'><strong>e</strong></span> <span class='ocrx_word' id='word_1_161' title='bbox 580 3310 697 3370; x_wconf 86' lang='lat' dir='ltr'><strong>nemius</strong></span> <span class='ocrx_word' id='word_1_162' title='bbox 709 3313 897 3370; x_wconf 80' lang='lat' dir='ltr'><strong>memoretur.</strong></span> <span class='ocrx_word' id='word_1_163' title='bbox 912 3309 1015 3370; x_wconf 83' lang='lat' dir='ltr'><strong>Testes</strong></span> <span class='ocrx_word' id='word_1_164' title='bbox 1028 3325 1099 3370; x_wconf 86' lang='lat' dir='ltr'><strong>vcro</strong></span> <span class='ocrx_word' id='word_1_165' title='bbox 1112 3315 1142 3371; x_wconf 86' lang='lat' dir='ltr'><strong>et</strong></span> <span class='ocrx_word' id='word_1_166' title='bbox 1154 3314 1243 3370; x_wconf 85' lang='lat' dir='ltr'><strong>notun</strong></span> <span class='ocrx_word' id='word_1_167' title='bbox 1255 3309 1476 3389; x_wconf 86' lang='lat' dir='ltr'><strong>chronologicae</strong></span> <span class='ocrx_word' id='word_1_168' title='bbox 1489 3313 1531 3372; x_wconf 82' lang='lat' dir='ltr'><strong>itu</strong></span> <span class='ocrx_word' id='word_1_169' title='bbox 1543 3319 1613 3374; x_wconf 87' lang='lat' dir='ltr'><strong>sunt</strong></span> <span class='ocrx_word' id='word_1_170' title='bbox 1622 3311 1642 3391; x_wconf 81' lang='lat' dir='ltr'><strong>t)</strong></span> 
     </span>
    </p>
   </div>
   <div class='ocr_carea' id='block_1_8' title="bbox 322 3518 1734 4856">
    <p class='ocr_par' dir='ltr' id='par_1_8' title="bbox 322 3518 1734 4361">
     <span class='ocr_line' id='line_1_20' title="bbox 372 3518 1734 3622; baseline 0.005 -30"><span class='ocrx_word' id='word_1_171' title='bbox 372 3519 483 3613; x_wconf 81' lang='lat' dir='ltr'><strong>liujus</strong></span> <span class='ocrx_word' id='word_1_172' title='bbox 508 3519 557 3592; x_wconf 87' lang='lat' dir='ltr'><strong>rei</strong></span> <span class='ocrx_word' id='word_1_173' title='bbox 583 3528 686 3592; x_wconf 81' lang='lat' dir='ltr'><strong>testes</strong></span> <span class='ocrx_word' id='word_1_174' title='bbox 710 3528 792 3592; x_wconf 92' lang='lat' dir='ltr'><strong>sunt</strong></span> <span class='ocrx_word' id='word_1_175' title='bbox 814 3518 1011 3592; x_wconf 85' lang='lat' dir='ltr'><strong>Eborardus</strong></span> <span class='ocrx_word' id='word_1_176' title='bbox 1031 3520 1241 3592; x_wconf 90' lang='lat' dir='ltr'><strong>venerabilis</strong></span> <span class='ocrx_word' id='word_1_177' title='bbox 1264 3521 1525 3617; x_wconf 82' lang='lat' dir='ltr'><strong>salzburgensis</strong></span> <span class='ocrx_word' id='word_1_178' title='bbox 1547 3525 1734 3622; x_wconf 87' lang='lat' dir='ltr'><strong>archiepis-</strong></span> 
     </span>
     <span class='ocr_line' id='line_1_21' title="bbox 323 3643 1734 3741; baseline 0.004 -25"><span class='ocrx_word' id='word_1_179' title='bbox 323 3664 451 3738; x_wconf 91' lang='lat' dir='ltr'><strong>oopus,</strong></span> <span class='ocrx_word' id='word_1_180' title='bbox 481 3645 518 3716; x_wconf 93' lang='lat' dir='ltr'><strong>S.</strong></span> <span class='ocrx_word' id='word_1_181' title='bbox 553 3643 757 3718; x_wconf 90' lang='lat' dir='ltr'><strong>venerabilis</strong></span> <span class='ocrx_word' id='word_1_182' title='bbox 785 3643 1042 3739; x_wconf 83' lang='lat' dir='ltr'><strong>llatisponensis</strong></span> <span class='ocrx_word' id='word_1_183' title='bbox 1072 3644 1256 3740; x_wconf 88' lang='lat' dir='ltr'><strong>episcopus</strong></span> <span class='ocrx_word' id='word_1_184' title='bbox 1285 3645 1527 3741; x_wconf 85' lang='lat' dir='ltr'><strong>principes‚...</strong></span> <span class='ocrx_word' id='word_1_185' title='bbox 1545 3649 1734 3723; x_wconf 85' lang='lat' dir='ltr'><strong>Secovien-</strong></span> 
     </span>
     <span class='ocr_line' id='line_1_22' title="bbox 322 3767 1734 3866; baseline 0.004 -25"><span class='ocrx_word' id='word_1_186' title='bbox 322 3767 383 3860; x_wconf 85' lang='lat' dir='ltr'><strong>sis,</strong></span> <span class='ocrx_word' id='word_1_187' title='bbox 398 3769 442 3840; x_wconf 92' lang='lat' dir='ltr'><strong>N.</strong></span> <span class='ocrx_word' id='word_1_188' title='bbox 464 3768 733 3862; x_wconf 58' lang='lat' dir='ltr'><strong>beginarum...</strong></span> <span class='ocrx_word' id='word_1_189' title='bbox 758 3768 960 3842; x_wconf 86' lang='lat' dir='ltr'><strong>Mutinensis</strong></span> <span class='ocrx_word' id='word_1_190' title='bbox 979 3768 1193 3842; x_wconf 87' lang='lat' dir='ltr'><strong>venerabiles</strong></span> <span class='ocrx_word' id='word_1_191' title='bbox 1217 3769 1383 3866; x_wconf 85' lang='lat' dir='ltr'><strong>episcopi,</strong></span> <span class='ocrx_word' id='word_1_192' title='bbox 1407 3771 1448 3842; x_wconf 92' lang='lat' dir='ltr'><strong>B.</strong></span> <span class='ocrx_word' id='word_1_193' title='bbox 1466 3770 1542 3842; x_wconf 85' lang='lat' dir='ltr'><strong>dux</strong></span> <span class='ocrx_word' id='word_1_194' title='bbox 1555 3771 1734 3848; x_wconf 85' lang='lat' dir='ltr'><strong>Kariathio</strong></span> 
     </span>
     <span class='ocr_line' id='line_1_23' title="bbox 322 3891 1731 3988; baseline 0.003 -24"><span class='ocrx_word' id='word_1_195' title='bbox 322 3891 496 3987; x_wconf 87' lang='lat' dir='ltr'><strong>princeps,</strong></span> <span class='ocrx_word' id='word_1_196' title='bbox 512 3893 552 3965; x_wconf 87' lang='lat' dir='ltr'><strong>R.</strong></span> <span class='ocrx_word' id='word_1_197' title='bbox 571 3892 646 3968; x_wconf 88' lang='lat' dir='ltr'><strong>dux</strong></span> <span class='ocrx_word' id='word_1_198' title='bbox 658 3891 799 3988; x_wconf 81' lang='lat' dir='ltr'><strong>Spoleti,</strong></span> <span class='ocrx_word' id='word_1_199' title='bbox 816 3892 859 3964; x_wconf 90' lang='grc' dir='ltr'><strong>Η.</strong></span> <span class='ocrx_word' id='word_1_200' title='bbox 876 3891 1037 3985; x_wconf 84' lang='lat' dir='ltr'><strong>magister</strong></span> <span class='ocrx_word' id='word_1_201' title='bbox 1049 3891 1174 3968; x_wconf 90' lang='lat' dir='ltr'><strong>domus</strong></span> <span class='ocrx_word' id='word_1_202' title='bbox 1187 3893 1311 3966; x_wconf 87' lang='lat' dir='ltr'><strong>Sancte</strong></span> <span class='ocrx_word' id='word_1_203' title='bbox 1324 3892 1432 3966; x_wconf 87' lang='lat' dir='ltr'><strong>Maris</strong></span> <span class='ocrx_word' id='word_1_204' title='bbox 1444 3893 1731 3968; x_wconf 87' lang='lat' dir='ltr'><strong>Tbeutonicorum</strong></span> 
     </span>
     <span class='ocr_line' id='line_1_24' title="bbox 323 4015 1728 4114; baseline 0.003 -28"><span class='ocrx_word' id='word_1_205' title='bbox 323 4015 360 4087; x_wconf 94' lang='lat' dir='ltr'><strong>in</strong></span> <span class='ocrx_word' id='word_1_206' title='bbox 375 4017 576 4108; x_wconf 84' lang='lat' dir='ltr'><strong>Jerusalem,</strong></span> <span class='ocrx_word' id='word_1_207' title='bbox 598 4018 635 4089; x_wconf 89' lang='lat' dir='ltr'><strong>C.</strong></span> <span class='ocrx_word' id='word_1_208' title='bbox 654 4016 863 4111; x_wconf 83' lang='lat' dir='ltr'><strong>burgravius</strong></span> <span class='ocrx_word' id='word_1_209' title='bbox 881 4016 926 4090; x_wconf 90' lang='lat' dir='ltr'><strong>de</strong></span> <span class='ocrx_word' id='word_1_210' title='bbox 942 4017 1175 4114; x_wconf 78' lang='lat' dir='ltr'><strong>Nuyrinbcrc,</strong></span> <span class='ocrx_word' id='word_1_211' title='bbox 1196 4017 1236 4088; x_wconf 80' lang='lat' dir='ltr'><strong>tt.</strong></span> <span class='ocrx_word' id='word_1_212' title='bbox 1253 4016 1466 4110; x_wconf 86' lang='lat' dir='ltr'><strong>Filangerius</strong></span> <span class='ocrx_word' id='word_1_213' title='bbox 1489 4019 1728 4111; x_wconf 79' lang='lat' dir='ltr'><strong>marescalcus,</strong></span> 
     </span>
     <span class='ocr_line' id='line_1_25' title="bbox 323 4139 1730 4236; baseline 0.002 -25"><span class='ocrx_word' id='word_1_214' title='bbox 323 4141 362 4210; x_wconf 88' lang='lat' dir='ltr'><strong>T.</strong></span> <span class='ocrx_word' id='word_1_215' title='bbox 381 4139 426 4212; x_wconf 88' lang='lat' dir='ltr'><strong>dc</strong></span> <span class='ocrx_word' id='word_1_216' title='bbox 440 4139 580 4236; x_wconf 83' lang='lat' dir='ltr'><strong>Aquino</strong></span> <span class='ocrx_word' id='word_1_217' title='bbox 597 4163 712 4214; x_wconf 87' lang='lat' dir='ltr'><strong>comes</strong></span> <span class='ocrx_word' id='word_1_218' title='bbox 735 4141 957 4232; x_wconf 82' lang='lat' dir='ltr'><strong>Acerramm,</strong></span> <span class='ocrx_word' id='word_1_219' title='bbox 975 4141 1093 4214; x_wconf 90' lang='lat' dir='ltr'><strong>Simon</strong></span> <span class='ocrx_word' id='word_1_220' title='bbox 1119 4162 1234 4214; x_wconf 82' lang='lat' dir='ltr'><strong>comes</strong></span> <span class='ocrx_word' id='word_1_221' title='bbox 1249 4139 1448 4229; x_wconf 80' lang='lat' dir='ltr'><strong>Theatinus,</strong></span> <span class='ocrx_word' id='word_1_222' title='bbox 1467 4142 1506 4211; x_wconf 92' lang='lat' dir='ltr'><strong>L.</strong></span> <span class='ocrx_word' id='word_1_223' title='bbox 1532 4141 1730 4234; x_wconf 82' lang='lat' dir='ltr'><strong>langravius</strong></span> 
     </span>
     <span class='ocr_line' id='line_1_26' title="bbox 324 4262 1000 4361; baseline 0 -25"><span class='ocrx_word' id='word_1_224' title='bbox 324 4262 369 4336; x_wconf 87' lang='lat' dir='ltr'><strong>de</strong></span> <span class='ocrx_word' id='word_1_225' title='bbox 382 4265 610 4360; x_wconf 80' lang='lat' dir='ltr'><strong>Lulremberg,</strong></span> <span class='ocrx_word' id='word_1_226' title='bbox 629 4275 664 4338; x_wconf 89' lang='lat' dir='ltr'><strong>et</strong></span> <span class='ocrx_word' id='word_1_227' title='bbox 676 4265 735 4340; x_wconf 90' lang='lat' dir='ltr'><strong>ulii</strong></span> <span class='ocrx_word' id='word_1_228' title='bbox 749 4287 856 4360; x_wconf 88' lang='lat' dir='ltr'><strong>quam</strong></span> <span class='ocrx_word' id='word_1_229' title='bbox 870 4266 1000 4361; x_wconf 86' lang='lat' dir='ltr'><strong>plures.</strong></span> 
     </span>
    </p>

    <p class='ocr_par' dir='ltr' id='par_1_9' title="bbox 322 4387 1731 4608">
     <span class='ocr_line' id='line_1_27' title="bbox 370 4387 1731 4484; baseline 0.001 -24"><span class='ocrx_word' id='word_1_230' title='bbox 370 4388 516 4483; x_wconf 88' lang='lat' dir='ltr'><strong>Signum</strong></span> <span class='ocrx_word' id='word_1_231' title='bbox 532 4389 664 4463; x_wconf 92' lang='lat' dir='ltr'><strong>domini</strong></span> <span class='ocrx_word' id='word_1_232' title='bbox 680 4388 845 4464; x_wconf 87' lang='lat' dir='ltr'><strong>Fridcrici</strong></span> <span class='ocrx_word' id='word_1_233' title='bbox 860 4388 922 4461; x_wconf 90' lang='lat' dir='ltr'><strong>Dei</strong></span> <span class='ocrx_word' id='word_1_234' title='bbox 938 4389 1048 4484; x_wconf 85' lang='lat' dir='ltr'><strong>gratia</strong></span> <span class='ocrx_word' id='word_1_235' title='bbox 1065 4387 1282 4461; x_wconf 88' lang='lat' dir='ltr'><strong>invictissimi</strong></span> <span class='ocrx_word' id='word_1_236' title='bbox 1300 4389 1531 4461; x_wconf 87' lang='lat' dir='ltr'><strong>Romanorum</strong></span> <span class='ocrx_word' id='word_1_237' title='bbox 1548 4387 1731 4484; x_wconf 89' lang='lat' dir='ltr'><strong>imperato·</strong></span> 
     </span>
     <span class='ocr_line' id='line_1_28' title="bbox 322 4508 1521 4608; baseline -0.001 -25"><span class='ocrx_word' id='word_1_238' title='bbox 322 4511 382 4604; x_wconf 88' lang='lat' dir='ltr'><strong>ris,</strong></span> <span class='ocrx_word' id='word_1_239' title='bbox 404 4533 538 4608; x_wconf 88' lang='lat' dir='ltr'><strong>semper</strong></span> <span class='ocrx_word' id='word_1_240' title='bbox 554 4513 707 4607; x_wconf 88' lang='lat' dir='ltr'><strong>augusti,</strong></span> <span class='ocrx_word' id='word_1_241' title='bbox 727 4512 915 4586; x_wconf 82' lang='lat' dir='ltr'><strong>Jerusalem</strong></span> <span class='ocrx_word' id='word_1_242' title='bbox 928 4519 963 4584; x_wconf 87' lang='lat' dir='ltr'><strong>ot</strong></span> <span class='ocrx_word' id='word_1_243' title='bbox 979 4510 1094 4582; x_wconf 88' lang='lat' dir='ltr'><strong>Sicilie</strong></span> <span class='ocrx_word' id='word_1_244' title='bbox 1108 4510 1212 4604; x_wconf 86' lang='lat' dir='ltr'><strong>regis.</strong></span> <span class='ocrx_word' id='word_1_245' title='bbox 1231 4508 1521 4606; x_wconf 79' lang='lat' dir='ltr'><strong>(Monoprommo.)</strong></span> 
     </span>
    </p>

    <p class='ocr_par' dir='ltr' id='par_1_10' title="bbox 324 4631 1731 4856">
     <span class='ocr_line' id='line_1_29' title="bbox 370 4631 1727 4728; baseline -0.002 -20"><span class='ocrx_word' id='word_1_246' title='bbox 370 4633 455 4708; x_wconf 79' lang='lat' dir='ltr'><strong>Acta</strong></span> <span class='ocrx_word' id='word_1_247' title='bbox 473 4643 556 4708; x_wconf 90' lang='lat' dir='ltr'><strong>sunt</strong></span> <span class='ocrx_word' id='word_1_248' title='bbox 572 4636 637 4708; x_wconf 88' lang='lat' dir='ltr'><strong>heo</strong></span> <span class='ocrx_word' id='word_1_249' title='bbox 658 4656 750 4709; x_wconf 86' lang='lat' dir='ltr'><strong>anno</strong></span> <span class='ocrx_word' id='word_1_250' title='bbox 767 4634 939 4709; x_wconf 87' lang='lat' dir='ltr'><strong>dominice</strong></span> <span class='ocrx_word' id='word_1_251' title='bbox 953 4633 1198 4706; x_wconf 84' lang='lat' dir='ltr'><strong>incarnationis</strong></span> <span class='ocrx_word' id='word_1_252' title='bbox 1216 4631 1415 4724; x_wconf 85' lang='lat' dir='ltr'><strong>MCCXXX,</strong></span> <span class='ocrx_word' id='word_1_253' title='bbox 1435 4653 1554 4708; x_wconf 87' lang='lat' dir='ltr'><strong>menso</strong></span> <span class='ocrx_word' id='word_1_254' title='bbox 1574 4635 1727 4728; x_wconf 84' lang='lat' dir='ltr'><strong>augusti,</strong></span> 
     </span>
     <span class='ocr_line' id='line_1_30' title="bbox 324 4755 1731 4856; baseline -0.002 -24"><span class='ocrx_word' id='word_1_255' title='bbox 324 4759 426 4832; x_wconf 83' lang='lat' dir='ltr'><strong>tercio</strong></span> <span class='ocrx_word' id='word_1_256' title='bbox 446 4757 663 4850; x_wconf 89' lang='lat' dir='ltr'><strong>indictionis,</strong></span> <span class='ocrx_word' id='word_1_257' title='bbox 687 4759 876 4856; x_wconf 85' lang='lat' dir='ltr'><strong>imperanto</strong></span> <span class='ocrx_word' id='word_1_258' title='bbox 896 4757 1037 4832; x_wconf 91' lang='lat' dir='ltr'><strong>domino</strong></span> <span class='ocrx_word' id='word_1_259' title='bbox 1058 4755 1232 4830; x_wconf 82' lang='lat' dir='ltr'><strong>Friderioo</strong></span> <span class='ocrx_word' id='word_1_260' title='bbox 1247 4756 1402 4832; x_wconf 85' lang='lat' dir='ltr'><strong>seeundo</strong></span> <span class='ocrx_word' id='word_1_261' title='bbox 1416 4757 1478 4832; x_wconf 79' lang='lat' dir='ltr'><strong>Dei</strong></span> <span class='ocrx_word' id='word_1_262' title='bbox 1491 4757 1600 4852; x_wconf 85' lang='lat' dir='ltr'><strong>gratia</strong></span> <span class='ocrx_word' id='word_1_263' title='bbox 1618 4758 1731 4830; x_wconf 87' lang='lat' dir='ltr'><strong>invic-</strong></span> 
     </span>
    </p>
   </div>
   <div class='ocr_carea' id='block_1_9' title="bbox 0 0 2328 6100">
    <p class='ocr_par' dir='ltr' id='par_1_11' title="bbox 0 0 2328 6100">
     <span class='ocr_line' id='line_1_31' title="bbox 0 0 2328 6100; baseline 0 0"><span class='ocrx_word' id='word_1_264' title='bbox 0 0 2328 6100; x_wconf 95' lang='lat' dir='ltr'><strong> </strong></span> 
     </span>
    </p>
   </div>
  </div>
 </body>
</html>
