4710 6076
341 733 440 796 lucrm.
458 725 497 812 1.]
792 723 990 788 HISTORIA
1014 723 1306 786 ntholtathn.
1579 719 1587 726 ”
1690 718 1751 780 357

343 866 438 962 regia
468 859 694 935 nibilominus
718 859 870 932 scultetis
896 870 931 932 et
956 859 1113 932 officiatis
1133 859 1258 932 nostris
1277 879 1338 953 per
1355 857 1499 952 gratiam
1518 865 1669 928 nostram
1691 855 1749 928 lir-

343 990 499 1066 rnissime
517 981 744 1084 precipiendo
759 982 965 1056 mandantes
987 991 1027 1056 nt
1047 1005 1127 1056 cnm
1148 984 1194 1056 ab
1217 981 1344 1057 abbate
1358 980 1442 1054 dicti
1462 980 1597 1054 cenobii
1613 987 1647 1052 et
1672 980 1747 1072 ejus

345 1121 520 1189 conventu
538 1107 696 1204 requisiti
720 1107 860 1197 neunt,
885 1127 1023 1180 omnem
1046 1106 1132 1201 ipsis
1152 1107 1335 1200 irrogatam
1358 1104 1519 1198 injuriam
1544 1105 1619 1177 loco
1642 1105 1748 1177 nostri

344 1237 507 1311 studeant
526 1227 718 1307 emendare
737 1239 773 1302 et
788 1251 835 1312 ne
854 1226 1071 1302 offendantur
1093 1229 1140 1304 ab
1156 1229 1333 1323 aliquibus
1354 1227 1613 1324 diligentissime
1633 1230 1750 1323 pruvi-

345 1359 441 1434 dere.
460 1357 681 1451 Quicumque
701 1373 785 1426 vero
807 1371 856 1426 ex
878 1352 963 1449 ipsis
979 1350 1136 1424 officiatis
1157 1353 1281 1425 nostris
1307 1352 1344 1424 in
1367 1353 1570 1426 executione
1593 1352 1749 1445 jamdicti

345 1481 501 1556 mandati
516 1478 623 1552 nostri
641 1476 769 1552 inerint
788 1475 1014 1570 negligentes,
1035 1475 1201 1549 offensam
1216 1485 1330 1548 nostre
1351 1476 1565 1549 celsitudinis
1586 1499 1624 1549 se
1643 1499 1749 1552 nove·

345 1607 415 1680 rint
439 1607 647 1678 incursuros.
682 1602 837 1675 preterea
855 1598 900 1672 de
912 1621 1007 1672 mera
1023 1599 1235 1692 benignitate
1247 1600 1344 1695 regia
1363 1599 1584 1694 indulgemus
1600 1610 1636 1674 ot
1654 1623 1749 1674 reco-

344 1730 543 1826 gnoscimus
558 1725 676 1800 abbati
690 1733 725 1798 et
737 1723 923 1798 conventui
937 1725 1104 1820 prelibato
1120 1723 1216 1818 quod
1231 1724 1347 1797 omnia
1361 1723 1452 1798 bona
1467 1735 1502 1796 et
1517 1727 1750 1820 possessiones

344 1853 561 1951 proprietatis
580 1872 650 1946 que
671 1848 910 1922 ministeriales
925 1858 960 1922 et
979 1849 1168 1942 burgenses
1183 1848 1307 1938 nostri,
1326 1848 1447 1921 divine
1465 1850 1749 1924 remunerationis

345 1977 487 2066 intuitu,
506 1974 582 2048 sive
602 1995 663 2070 per
680 1981 891 2046 contractum
907 1973 1089 2068 emptionis
1108 1973 1166 2045 vel
1179 1993 1241 2068 per
1255 1972 1555 2046 commutationem
1569 1973 1653 2068 ipsis
1666 1995 1748 2047 con-

345 2100 486 2173 tulerint
498 2107 570 2172 ruta
587 2096 793 2169 babebimus
808 2105 843 2170 et
858 2095 956 2168 firma
972 2094 1106 2168 cadem.
1129 2095 1216 2191 lpsis
1229 2095 1431 2169 anctoritate
1443 2097 1651 2191 presentium
1666 2119 1748 2170 con·

346 2222 523 2298 firmamus
540 2222 683 2316 insuper
706 2221 803 2315 quod
831 2219 862 2292 si
888 2220 925 2291 in
952 2219 1149 2292 civitatibus
1174 2219 1314 2307 nostris,
1343 2219 1379 2291 in
1403 2219 1562 2314 Thnrego
1587 2221 1744 2313 aeoliis,

346 2347 489 2423 domum
508 2347 574 2419 sibi
592 2365 813 2440 quonamque
836 2343 939 2418 modo
959 2344 1138 2439 acquirere
1153 2353 1313 2440 poterunt
1333 2343 1389 2416 vel
1404 2365 1613 2440 comparare,
1631 2344 1748 2419 dinos-

346 2480 444 2546 catur
465 2469 510 2543 de
532 2479 649 2543 nostra
667 2467 760 2541 bona
780 2467 958 2541 voluntate
973 2489 1061 2556 esse,
1077 2477 1112 2540 et
1125 2469 1282 2542 eamdem
1303 2468 1444 2541 domum
1467 2477 1501 2540 et
1523 2469 1588 2564 ipsi
1612 2469 1747 2543 inhabi-

344 2603 473 2668 tantem
492 2594 537 2666 ab
558 2593 653 2666 omni
671 2591 856 2666 'exactione
872 2593 1024 2689 precario
1046 2602 1081 2666 et
1103 2594 1243 2666 collecte
1261 2594 1423 2666 volumus
1445 2614 1521 2666 esse
1545 2594 1746 2684 immunem,

344 2717 539 2800 inhibentes
556 2716 622 2789 snb
634 2715 778 2788 obtentu
796 2715 905 2810 gratie
918 2725 1033 2789 nostre
1056 2717 1196 2811 nequis
1214 2739 1302 2790 ausu
1327 2715 1452 2790 ductus
1472 2719 1651 2790 temerario
1672 2739 1749 2812 pre·

346 2850 501 2916 notatum
528 2841 688 2914 abbatem
715 2848 750 2912 et
773 2862 876 2912 suum
899 2849 1107 2913 conventum
1125 2841 1161 2912 in
1178 2841 1351 2936 premissis
1366 2843 1546 2915 molestare
1560 2855 1747 2939 presumat,

346 2966 429 3062 quia
444 2965 552 3059 gratia
566 2973 682 3038 nostra
696 2973 863 3060 perpetuo
879 2985 1005 3060 expers
1015 2966 1080 3037 erit
1092 2986 1273 3060 quousque
1289 2967 1374 3062 ipsis
1386 2967 1526 3040 duxerit
1540 2968 1751 3041 satisfacien-

346 3089 445 3163 dum.
465 3088 521 3162 Ad
536 3089 642 3182 hujus
656 3089 773 3183 itaque
789 3089 868 3161 iacti
888 3101 923 3161 et
945 3088 1161 3181 indulgentie
1186 3099 1301 3163 nostre
1324 3094 1486 3185 majorem
1510 3093 1750 3166 certitudinem

346 3222 537 3310 presentem
554 3212 716 3308 paginam
728 3213 832 3285 scribi
845 3213 991 3286 fecimus
1006 3221 1041 3284 et
1053 3213 1155 3306 sigilli
1169 3214 1276 3285 nostri
1290 3215 1478 3310 patrocinio
1492 3215 1698 3288 confirmari.

397 3337 514 3410 Testes
544 3347 660 3410 antem
690 3337 752 3430 qui
782 3337 1010 3409 interfuerunt
1031 3336 1081 3407 bii
1106 3347 1187 3409 sunt
1214 3338 1390 3411 Conradus
1412 3340 1619 3412 venerabilis
1643 3341 1751 3413 abbas

349 3460 463 3532 Sancti
482 3459 587 3552 Galli,
604 3459 815 3534 Lndowicus
831 3460 972 3532 illustris
997 3458 1073 3532 dux
1087 3461 1246 3551 Bavarie,
1272 3482 1386 3534 comes
1400 3463 1610 3536 Wernberus
1627 3463 1673 3536 de
1690 3464 1751 3534 Ki-

345 3583 476 3674 buroh,
491 3605 605 3657 onmes
613 3585 844 3657 Hartmannns
854 3583 1087 3676 doDilingen,
1103 3605 1217 3656 comes
1231 3584 1449 3679 Manigoldus
1467 3583 1512 3658 de
1527 3587 1749 3682 Nollenbnrg,

347 3705 590 3780 Heberbardns
604 3707 736 3802 dapifer
750 3707 795 3780 de
808 3707 1013 3804 Walpureb‚
1036 3707 1212 3782 Conradus
1231 3708 1396 3803 pincerna
1416 3711 1461 3782 de
1477 3709 1748 3801 Winterstetten,

346 3830 517 3904 liudolfus
530 3831 575 3904 de
589 3829 727 3917 Arbun,
745 3829 965 3904 Burclrardus
976 3841 1011 3904 et
1026 3833 1198 3904 Walterus
1215 3831 1260 3904 de
1273 3832 1456 3905 lloenvels.

396 3955 521 4026 Datum
547 3953 642 4048 apud
672 3955 869 4050 Tburegnm
892 3953 961 4051 (l),
987 3977 1078 4028 anno
1106 3954 1277 4028 dominice
1301 3955 1543 4028 incarnationis
1570 3959 1750 4032 millesimo

349 4073 585 4148 ducentesimo
607 4075 770 4149 vicesimo
791 4087 913 4150 octavo
927 4077 993 4174 (2),
1012 4077 1167 4152 kalendis
1184 4077 1401 4165 novembris,
1421 4077 1608 4154 indictione
1626 4083 1747 4176 prima.

385 4431 422 4505 (t)
441 4431 487 4490 Sic
498 4447 548 4506 par
560 4433 741 4509 corruptelam
754 4451 804 4508 pro
818 4436 952 4509 Tipasam
964 4436 1092 4511 (ztiricb).
1410 4491 1412 4498 Α

386 4527 424 4600 (2)
446 4528 512 4587 Tam
525 4545 559 4588 ax
572 4530 723 4590 indictionis
737 4547 850 4592 numero
862 4547 943 4607 quarn
956 4549 989 4592 ex
999 4534 1101 4594 itineris
1111 4535 1181 4594 seria
1198 4535 1250 4594 boe
1267 4535 1433 4610 privilegium
1455 4537 1490 4594 ad
1511 4553 1573 4596 ann.
1592 4541 1662 4597 tiri
1679 4545 1752 4596 recte

346 4625 483 4698 peninum
495 4627 609 4688 ridetur.
