4642 6106
381 677 478 740 nem.
494 674 538 756 e]
828 672 1024 737 rusronrr
1048 670 1340 736 nrrnourrrcu

435 1300 668 1408 Fridericus,
694 1303 956 1386 Romanorum
977 1301 1203 1410 imperator,
1228 1307 1377 1410 petente
1400 1297 1622 1382 Eberhmrlo
1649 1297 1799 1382 archie-
1824 1307 2004 1408 *pffipr

379 1435 538 1545 piscopo
563 1433 851 1545 Selzburgensi,
870 1435 1167 1518 instrumentum
1192 1432 1408 1517 donationis
1425 1431 1509 1542 ejus
1529 1431 1601 1514 sibi
1624 1430 1797 1516 oblatum

383 1565 569 1678 approbat
594 1577 633 1650 et
658 1565 882 1674 confirmat,
906 1593 985 1678 quo
1016 1567 1118 1650 idem
1152 1565 1456 1676 archiepiscopus
1489 1567 1588 1648 sarit
1608 1589 1658 1648 ne
1681 1566 1798 1650 advo-

381 1701 481 1784 catia
506 1701 790 1811 possessionum
817 1700 972 1810 capituli
998 1701 1119 1810 ipsius
1148 1699 1189 1781 in
1217 1699 1345 1805 Helle,
1369 1699 1591 1810 Pettingen‚
1617 1697 1774 1782 Saldorf
1782 1759 1794 1806 ,

382 1831 561 1916 lliemker
588 1843 626 1916 et
651 1833 886 1944 Sundergut‚
909 1841 1002 1916 tunc
1022 1857 1188 1940 recens,
1207 1833 1257 1916 ad
1271 1857 1429 1915 manum
1447 1831 1631 1939 alienam,
1649 1840 1798 1941 praeter

383 1991 522 2050 manus
534 1965 928 2078 archiepiscoporum,
946 1975 1078 2076 postea
1092 1964 1358 2050 transferatur.

1878 1417 1945 1472 rouo·
1979 1393 1987 1419 ’

463 2181 559 2264 (uua
572 2183 606 2244 ln
618 2183 736 2257 Lnrrru,
751 2179 887 2264 spirituc.
903 2177 1053 2244 rebeum
1069 2183 1234 2244 continuat.
1243 2181 1304 2256 111,
1319 2181 1382 2242 stre
1395 2181 1571 2258 opcrlatonr.
1587 2178 1670 2255 xiil,
1679 2195 1712 2258 p.
1724 2187 1792 2243 roe.

501 2291 688 2366 -Hnrrsrz‚
709 2289 844 2352 oenus
864 2307 952 2365 sacr„
976 2297 1050 2352 tom.
1073 2291 1120 2365 11,
1143 2307 1175 2368 p.
1201 2299 1270 2352 eet.
1285 2287 1466 2350 -lloouae
1486 2289 1577 2370 eota,
1594 2295 1664 2352 tom.
1688 2290 1794 2371 XXX,

501 2415 530 2477 p.
549 2407 703 2472 terroe,
717 2413 802 2460 num.
817 2396 980 2472 ncxcnl3
995 2413 1034 2458 ex
1049 2397 1154 2476 origin
1176 2397 1207 2458 ln
1224 2395 1306 2458 arob.
1327 2397 1430 2458 cornlt.
1449 2395 1487 2456 de
1506 2394 1695 2476 ottenburg,
1716 2398 1796 2460 unde

503 2504 632 2584 sigillum
646 2505 679 2566 ln
695 2519 749 2566 ora
765 2504 896 2566 interlorl
913 2503 1048 2565 nonnlbll
1061 2503 1175 2566 laesum
1187 2502 1335 2580 appendet
1347 2518 1386 2563 cx
1397 2501 1457 2564 fllls
1471 2503 1571 2564 sericis
1585 2501 1657 2564 davi
1670 2509 1700 2565 et
1712 2503 1795 2566 rubrl

502 2606 636 2693 mom)

431 2801 471 2872 ln
492 2799 633 2873 nomine
654 2806 771 2872 sancte
791 2805 827 2870 et
846 2795 1033 2870 individue
1047 2795 1233 2869 Trinitatis.
1248 2794 1443 2869 Fridericus
1462 2793 1655 2885 secundus,
1675 2795 1797 2874 divina

383 2925 521 2999 favente
538 2922 719 2996 clementia
734 2921 965 2995 Romanorum
980 2920 1179 3016 imperator,
1194 2941 1332 3016 semper
1345 2927 1532 3014 augustus,
1552 2921 1741 2996 Jerusalem
1762 2931 1798 2997 et

383 3047 500 3122 Sicilie
514 3069 590 3121 rex.
609 3047 646 3120 Si
662 3047 783 3122 divine
801 3045 987 3140 majestatis
1003 3045 1130 3118 intuitu
1147 3067 1210 3142 per
1225 3067 1331 3140 qnam
1350 3043 1493 3118 feliciter
1509 3045 1720 3142 imperamus
1737 3069 1796 3122 ec·

384 3172 566 3246 elesiarum
580 3171 683 3245 saluti
696 3181 732 3244 et
746 3171 929 3245 commodo
941 3170 1000 3266 pia
1009 3169 1207 3268 provisione
1216 3168 1439 3261 consulimus,
1452 3169 1667 3244 celsitudinis
1681 3181 1798 3246 nostre

383 3292 501 3370 titulos
528 3295 734 3394 ampliamus
756 3304 791 3369 et
812 3295 990 3369 celestium
1014 3289 1261 3368 beneficiorum
1284 3313 1453 3366 memores
1470 3293 1600 3390 quibus
1623 3295 1798 3370 affluimus

384 3420 431 3496 de
452 3421 586 3517 premio
603 3420 838 3494 retributionis
856 3429 976 3494 eterne
997 3417 1132 3494 firmam
1153 3439 1251 3514 spem
1275 3427 1311 3492 et
1328 3417 1493 3492 fiduciam
1514 3419 1722 3516 optinemus.
1748 3420 1799 3495 Ea

383 3555 524 3643 propter
548 3544 720 3618 universis
742 3544 878 3640 imperii
896 3544 1003 3618 nostri
1022 3542 1184 3617 fidelibus
1209 3551 1279 3616 tarn
1302 3542 1520 3638 presentibus
1542 3565 1648 3638 quam
1674 3542 1801 3619 tuturis

384 3669 548 3742 volumus
566 3689 642 3742 esse
658 3677 779 3742 notum
794 3669 891 3764 quod
905 3667 1140 3762 Eberhardus,
1159 3667 1369 3742 venerabilis
1384 3667 1644 3764 salzburgensis
1660 3665 1800 3743 archie-

384 3792 561 3892 piscopus,
580 3792 727 3866 dilectus
743 3793 906 3892 princeps
919 3801 1047 3886 noster,
1066 3814 1182 3868 coram
1198 3791 1384 3866 eminentie
1397 3801 1513 3866 nostre
1529 3793 1702 3890 presentia
1716 3814 1801 3868 con·

384 3916 524 3990 stitutus
539 3918 704 4013 exposuit
716 3917 813 4012 quod
827 3939 907 3991 cum
922 3917 1104 3993 advocatia
1124 3917 1381 4014 possessionum
1395 3916 1537 4013 capituli
1552 3917 1607 3990 sui
1628 3918 1665 3990 in
1686 3919 1797 4010 Helle,

383 4039 581 4136 Pettingen,
606 4041 755 4134 saldorf,
772 4041 940 4116 Kiemlrev
961 4050 997 4115 et
1014 4041 1214 4136 Snndergut
1239 4062 1320 4114 cum
1343 4041 1416 4114 suis
1437 4041 1653 4136 pertinentiis
1675 4063 1801 4117 vacare

385 4166 527 4260 ceperit,
545 4187 589 4239 ne
602 4187 665 4262 per
681 4165 929 4240 advocatomm
945 4166 1111 4240 malitiam
1129 4165 1273 4240 ecclesie
1292 4187 1355 4238 sue
1369 4165 1558 4261 capitulum
1571 4165 1662 4238 sicut
1677 4163 1800 4240 bacte-

385 4308 454 4360 nus
466 4289 636 4363 bonorum
651 4311 793 4364 suorum
803 4289 1027 4386 dispendium
1036 4299 1097 4364 aut
1106 4292 1276 4384 iacturam
1291 4291 1492 4382 incurreret,
1500 4291 1579 4383 jure
1593 4289 1800 4364 infeudandi

383 4411 482 4506 qnod
498 4411 544 4486 ad
562 4433 643 4486 eum
667 4415 847 4510 spectabat
863 4415 1082 4489 renunciavit
1104 4423 1143 4487 ut
1159 4413 1305 4488 eandem
1326 4413 1544 4487 advocatiam
1562 4413 1638 4508 ipse
1656 4435 1699 4486 ac
1720 4435 1801 4488 suc-

385 4555 537 4610 cessores
554 4537 611 4610 sui
626 4559 763 4636 semper
777 4539 814 4611 in
832 4539 994 4612 manibus
1010 4539 1083 4610 suis
1102 4539 1271 4612 retineant
1284 4559 1349 4610 nec
1360 4535 1415 4610 ¹ad
1436 4559 1578 4609 manum
1595 4539 1801 4612 transferent

384 4659 553 4754 alienam,
571 4669 606 4736 et
621 4685 726 4760 super
741 4685 783 4738 eo
807 4661 930 4738 confici
950 4663 1031 4736 lecit
1046 4661 1226 4760 publicum
1243 4663 1522 4736 instmmenlum.
1546 4661 1687 4758 Pmpter
1703 4661 1800 4758 quod

385 4793 501 4858 nostre
511 4785 707 4862 celsitudini
723 4788 933 4884 supplicavit
947 4797 986 4860 ut
998 4788 1264 4860 instrumentum
1277 4786 1474 4862 donationis
1487 4786 1688 4879 hujusmodi
1700 4787 1801 4884 rapi-
