4702 6110
541 537 602 599 aaa
1067 543 1238 606 ucurrcr
1263 544 1430 606 snrrrur
1765 545 1845 624 [nn.
1865 545 1949 606 rsao

542 674 762 769 quisitionem
782 679 858 750 talis
879 699 993 752 coram
1020 681 1121 754 nobis
1144 681 1213 754 lata
1237 681 1301 752 luit
1316 681 1485 754 sententia
1506 689 1542 754 et
1564 679 1611 752 ab
1631 681 1794 754 omnibus
1812 679 1954 755 adstan-

542 799 637 873 tibus
653 801 854 896 approbata,
867 803 961 898 quod
975 805 1069 878 nulla
1085 805 1182 901 virgo
1202 805 1258 878 vel
1273 805 1397 878 mulier
1409 805 1446 876 in
1460 805 1555 878 nullo
1567 812 1716 900 quatuor
1727 805 1951 880 officiatorum

543 925 799 1022 principalium,
816 929 946 1002 scilicet
964 929 1123 1026 dapiferi,
1147 931 1323 1026 pincerne,
1340 929 1517 1004 camerarii
1533 937 1569 1002 et
1588 927 1802 1022 marschalci,
1821 930 1952 1006 ratione

542 1049 743 1124 hereditatis
772 1053 960 1126 succedere
984 1055 1105 1152 possit.
1129 1056 1310 1150 Propterea
1335 1053 1539 1150 requisitum
1559 1053 1624 1126 luit
1651 1063 1686 1126 et
1709 1054 1951 1127 sententiatum

541 1173 639 1270 quod
656 1175 693 1246 in
706 1179 857 1272 generali
873 1180 968 1252 nulla
982 1180 1106 1253 mulier
1121 1181 1157 1252 in
1170 1179 1286 1274 aliquo
1300 1179 1406 1252 leudo
1418 1178 1549 1252 ratione
1562 1177 1761 1251 hereditatis
1779 1178 1874 1251 fratri
1887 1199 1951 1251 suo
2008 1255 2009 1259 ,

541 1299 726 1374 succedere
747 1304 865 1398 possit.
882 1303 1087 1377 Mandamus
1102 1305 1219 1400 itaque
1232 1305 1405 1378 universis
1424 1303 1609 1376 intendatis
1623 1313 1658 1376 et
1673 1302 1951 1375 ministerialibus

539 1424 683 1498 ecclesie
701 1425 737 1497 in
752 1427 1032 1512 Quiddelenburc
1045 1437 1217 1524 quatenus
1236 1429 1397 1503 dilectam
1414 1427 1606 1524 principem
1626 1435 1778 1500 nostram
1801 1447 1951 1500 venera·

539 1549 644 1622 bilem
665 1549 874 1624 abbatissam
895 1550 940 1624 de
952 1551 1228 1636 Quiddelinbnrc
1252 1553 1369 1624 nullus
1386 1575 1474 1625 ausu
1491 1550 1618 1624 ductus
1635 1551 1816 1625 temerario
1832 1560 1950 1624 ocntm

539 1672 724 1768 prelibatus
742 1675 927 1748 sententias
952 1696 1098 1766 gravme
1122 1676 1179 1748 vel
1197 1676 1377 1748 molestam
1396 1685 1583 1771 presumat.
1604 1673 1707 1761 Quod
1724 1675 1786 1770 qui
1806 1683 1950 1748 attenta·

541 1797 628 1869 verit
645 1819 786 1892 gravem
805 1798 969 1871 offensam
984 1808 1099 1873 nostre
1116 1798 1330 1872 celsitudinis
1345 1821 1382 1872 so
1401 1799 1536 1872 noverit
1553 1797 1785 1872 incursurum.

588 1924 704 1997 Testes
716 1924 778 2018 qui
793 1923 1019 1996 interfuerunt
1032 1924 1082 1996 bii
1097 1933 1179 1996 sunt
1192 1924 1398 1998 venerabilis
1411 1925 1520 1998 abbas
1535 1925 1652 1998 Sancti
1664 1923 1764 2016 Galli,
1784 1923 1821 1997 C.
1839 1921 1888 2019 (a)
1904 1923 1948 1998 de

539 2047 731 2140 Hoheulob,
747 2047 784 2120 F.
804 2047 849 2120 de
864 2047 1147 2144 Trubendingen,
1163 2070 1279 2122 comes
1295 2051 1338 2120 Η.
1363 2049 1409 2122 de
1424 2047 1643 2140 Grelesbacb,
1658 2049 1778 2120 fratres
1790 2047 1836 2120 de
1849 2045 1949 2118 Grin-

539 2173 681 2266 delahe,
706 2194 820 2246 comes
837 2175 880 2245 Η.
907 2173 952 2248 de
966 2173 1228 2259 Valcbenstein,
1254 2175 1415 2270 pincerna
1437 2173 1482 2247 de
1500 2173 1776 2262 Quittelenburc,
1797 2191 1948 2244 comera-

537 2297 611 2369 rius
630 2297 676 2370 de
698 2297 971 2384 Quitlelenburc,
997 2299 1037 2370 Β.
1063 2298 1108 2372 de
1124 2299 1310 2390 Dietlurte,
1327 2299 1368 2370 Ο.
1394 2297 1727 2388 deQuitteleuburc,
1751 2295 1886 2392 dapifer
1903 2293 1948 2368 de

537 2421 814 2510 Qnittelenburc,
839 2421 1038 2497 Gerbardus
1060 2422 1105 2497 de
1126 2423 1344 2512 Quernberc,
1366 2423 1538 2496 lebannes
1560 2421 1605 2496 da
1625 2421 1814 2512 Viderstct,
1833 2421 1876 2492 ll.
1902 2418 1948 2491 de

538 2545 812 2640 Quittelenburo,
833 2547 942 2620 etalii
959 2548 1195 2643 quamplures.

584 2672 709 2744 Datum
722 2671 818 2766 apud
831 2669 1033 2763 Nurinberc,
1052 2691 1145 2743 anno
1159 2669 1332 2744 dominice
1346 2669 1590 2744 incarnationis
1600 2667 1796 2758 MGCXXX,
1807 2664 1946 2761 quinto-

537 2794 673 2868 decimo
691 2793 857 2868 kalendas
873 2796 1034 2886 octobris,
1053 2795 1242 2870 indictione
1253 2797 1297 2868 lll
1311 2795 1377 2892 (l).

329 3375 496 3478 pmcne,
586 3345 771 3430 Henricns
788 3345 1048 3428 Romanorum
1070 3369 1136 3427 rex
1161 3342 1497 3453 archiepiscopatui
1524 3339 1839 3453 Magdeburgensi
1861 3338 1945 3422 mi-

369 3433 508 3490 m‘m
534 3477 767 3562 nisterialem
798 3503 909 3561 snam
935 3476 1170 3562 Mechtildim
1199 3502 1368 3560 sororem
1397 3475 1557 3560 Gotlridi
1586 3485 1624 3558 et
1650 3471 1867 3558 Theoderici
1896 3473 1945 3554 de

535 3612 695 3697 German
720 3637 809 3696 cum
831 3611 958 3722 pueris
983 3609 1066 3721 ejus
1090 3612 1208 3694 donat
1227 3619 1264 3695 et
1284 3610 1324 3691 in
1347 3609 1613 3694 concambium
1639 3607 1770 3716 recipit
1794 3605 1943 3690 Latiam

535 3771 694 3830 uxerem
721 3743 879 3857 Swigeri
908 3745 1056 3828 sculteti
1083 3745 1132 3827 de
1159 3743 1384 3828 Milhausen
1412 3768 1502 3826 cum
1524 3741 1631 3852 prole
1652 3739 1748 3851 ejus.

614 3935 722 4014 (Edld.
751 3937 905 4010 Kanusrc,
927 3936 1073 4016 chtruqc
1093 3950 1150 3994 zor
1171 3933 1300 3996 Hlatort'c
1322 3930 1405 3994 dem
1426 3928 1612 3995 sommam
1631 3925 1746 4004 Made,
1774 3934 1845 3990 tom
1876 3927 1939 4000 llI,

652 4059 685 4120 p.
701 4039 782 4122 tat.)

581 4201 749 4276 Henricus
762 4203 825 4276 Dei
841 4202 954 4294 gratia
968 4202 1199 4276 Romanorum
1216 4222 1281 4274 rex
1292 4209 1328 4273 et
1342 4221 1477 4296 semper
1494 4205 1675 4294 augustus,
1691 4193 1864 4268 universis
1881 4193 1943 4264 im·

573 4378 616 4460 (a)
637 4381 696 4458 sp.
711 4381 796 4442 rere
810 4381 843 4440 c.
865 4377 1052 4460 (munau).

1569 4545 1937 4564 Μ

569 4673 604 4749 lt)
622 4675 705 4733 tracte
717 4679 806 4732 autem
821 4675 864 4732 ll.
