<?xml version="1.0" encoding="UTF-8"?>
<!DOCTYPE html PUBLIC "-//W3C//DTD XHTML 1.0 Transitional//EN"
    "http://www.w3.org/TR/xhtml1/DTD/xhtml1-transitional.dtd">
<html xmlns="http://www.w3.org/1999/xhtml" xml:lang="en" lang="en">
 <head>
  <title>
</title>
<meta http-equiv="Content-Type" content="text/html;charset=utf-8" />
  <meta name='ocr-system' content='tesseract 3.04.00' />
  <meta name='ocr-capabilities' content='ocr_page ocr_carea ocr_par ocr_line ocrx_word'/>
</head>
<body>
  <div class='ocr_page' id='page_1' title='image "./historiadiploma03fredgoog/historiadiploma03fredgoog_0261.png"; bbox 0 0 4642 6106; ppageno 0'>
   <div class='ocr_carea' id='block_1_1' title="bbox 591 615 1998 712">
    <p class='ocr_par' dir='ltr' id='par_1_1' title="bbox 591 615 1998 712">
     <span class='ocr_line' id='line_1_1' title="bbox 591 615 1998 712; baseline 0.012 -34"><span class='ocrx_word' id='word_1_1' title='bbox 591 615 653 678; x_wconf 72' lang='lat'><strong>252</strong></span> <span class='ocrx_word' id='word_1_2' title='bbox 1091 623 1305 690; x_wconf 71' lang='lat' dir='ltr'><strong>tutotuto!</strong></span> <span class='ocrx_word' id='word_1_3' title='bbox 1331 629 1505 694; x_wconf 77' lang='lat' dir='ltr'><strong>suctum</strong></span> <span class='ocrx_word' id='word_1_4' title='bbox 1813 630 1894 712; x_wconf 71' lang='lat' dir='ltr'><strong>[llus.</strong></span> <span class='ocrx_word' id='word_1_5' title='bbox 1913 631 1998 695; x_wconf 72' lang='lat' dir='ltr'><strong>lbet.</strong></span> 
     </span>
    </p>
   </div>
   <div class='ocr_carea' id='block_1_2' title="bbox 588 753 2007 2596">
    <p class='ocr_par' dir='ltr' id='par_1_2' title="bbox 588 753 2007 1984">
     <span class='ocr_line' id='line_1_2' title="bbox 592 753 2003 864; baseline 0.011 -39"><span class='ocrx_word' id='word_1_6' title='bbox 592 753 773 827; x_wconf 89' lang='lat' dir='ltr'><strong>leudinum</strong></span> <span class='ocrx_word' id='word_1_7' title='bbox 795 777 904 828; x_wconf 93' lang='lat' dir='ltr'><strong>unum</strong></span> <span class='ocrx_word' id='word_1_8' title='bbox 926 754 972 831; x_wconf 86' lang='lat' dir='ltr'><strong>od</strong></span> <span class='ocrx_word' id='word_1_9' title='bbox 992 779 1113 832; x_wconf 89' lang='lat' dir='ltr'><strong>oorom</strong></span> <span class='ocrx_word' id='word_1_10' title='bbox 1134 765 1401 858; x_wconf 76' lang='lat' dir='ltr'><strong>oportunitatem</strong></span> <span class='ocrx_word' id='word_1_11' title='bbox 1421 776 1620 841; x_wconf 79' lang='lat' dir='ltr'><strong>construens</strong></span> <span class='ocrx_word' id='word_1_12' title='bbox 1640 775 1675 840; x_wconf 92' lang='lat' dir='ltr'><strong>et</strong></span> <span class='ocrx_word' id='word_1_13' title='bbox 1697 765 1804 840; x_wconf 87' lang='lat' dir='ltr'><strong>libere</strong></span> <span class='ocrx_word' id='word_1_14' title='bbox 1825 767 2003 864; x_wconf 87' lang='lat' dir='ltr'><strong>possidere</strong></span> 
     </span>
     <span class='ocr_line' id='line_1_3' title="bbox 593 881 2003 982; baseline 0.008 -31"><span class='ocrx_word' id='word_1_15' title='bbox 593 885 839 972; x_wconf 89' lang='lat' dir='ltr'><strong>constructum,</strong></span> <span class='ocrx_word' id='word_1_16' title='bbox 853 901 896 954; x_wconf 92' lang='lat' dir='ltr'><strong>eo</strong></span> <span class='ocrx_word' id='word_1_17' title='bbox 907 881 1037 956; x_wconf 88' lang='lat' dir='ltr'><strong>scilicet</strong></span> <span class='ocrx_word' id='word_1_18' title='bbox 1050 891 1169 958; x_wconf 90' lang='lat' dir='ltr'><strong>tenore</strong></span> <span class='ocrx_word' id='word_1_19' title='bbox 1183 887 1281 982; x_wconf 89' lang='lat' dir='ltr'><strong>qnod</strong></span> <span class='ocrx_word' id='word_1_20' title='bbox 1294 911 1418 962; x_wconf 87' lang='lat' dir='ltr'><strong>census</strong></span> <span class='ocrx_word' id='word_1_21' title='bbox 1431 889 1476 962; x_wconf 88' lang='lat' dir='ltr'><strong>de</strong></span> <span class='ocrx_word' id='word_1_22' title='bbox 1490 887 1696 962; x_wconf 83' lang='lat' dir='ltr'>molendinis</span> <span class='ocrx_word' id='word_1_23' title='bbox 1711 891 1807 963; x_wconf 91' lang='lat' dir='ltr'><strong>curie</strong></span> <span class='ocrx_word' id='word_1_24' title='bbox 1817 901 2003 964; x_wconf 89' lang='lat' dir='ltr'><strong>consuetus</strong></span> 
     </span>
     <span class='ocr_line' id='line_1_4' title="bbox 592 1003 1998 1104; baseline 0.009 -30"><span class='ocrx_word' id='word_1_25' title='bbox 592 1003 788 1078; x_wconf 83' lang='lat' dir='ltr'><strong>nullatenus</strong></span> <span class='ocrx_word' id='word_1_26' title='bbox 799 1003 990 1104; x_wconf 80' lang='lat' dir='ltr'><strong>minuatur,</strong></span> <span class='ocrx_word' id='word_1_27' title='bbox 1010 1007 1073 1081; x_wconf 89' lang='lat' dir='ltr'><strong>ssd</strong></span> <span class='ocrx_word' id='word_1_28' title='bbox 1089 1009 1186 1082; x_wconf 92' lang='lat' dir='ltr'><strong>illum</strong></span> <span class='ocrx_word' id='word_1_29' title='bbox 1202 1013 1369 1088; x_wconf 87' lang='lat' dir='ltr'><strong>exhibere</strong></span> <span class='ocrx_word' id='word_1_30' title='bbox 1382 1014 1561 1088; x_wconf 75' lang='lat' dir='ltr'><strong>annuatim</strong></span> <span class='ocrx_word' id='word_1_31' title='bbox 1579 1034 1674 1086; x_wconf 92' lang='lat' dir='ltr'><strong>more</strong></span> <span class='ocrx_word' id='word_1_32' title='bbox 1687 1013 1788 1086; x_wconf 93' lang='lat' dir='ltr'><strong>solito</strong></span> <span class='ocrx_word' id='word_1_33' title='bbox 1805 1023 1998 1100; x_wconf 81' lang='lat' dir='ltr'><strong>tencantur,</strong></span> 
     </span>
     <span class='ocr_line' id='line_1_5' title="bbox 590 1127 2002 1234; baseline 0.006 -34"><span class='ocrx_word' id='word_1_34' title='bbox 590 1136 626 1200; x_wconf 89' lang='lat' dir='ltr'><strong>ct</strong></span> <span class='ocrx_word' id='word_1_35' title='bbox 640 1127 671 1198; x_wconf 93' lang='lat' dir='ltr'><strong>si</strong></span> <span class='ocrx_word' id='word_1_36' title='bbox 688 1127 830 1222; x_wconf 69' lang='lat' dir='ltr'><strong>quomo</strong></span> <span class='ocrx_word' id='word_1_37' title='bbox 843 1149 886 1203; x_wconf 88' lang='lat' dir='ltr'><strong>ee</strong></span> <span class='ocrx_word' id='word_1_38' title='bbox 903 1129 1077 1204; x_wconf 82' lang='lat' dir='ltr'><strong>devastari</strong></span> <span class='ocrx_word' id='word_1_39' title='bbox 1093 1135 1290 1230; x_wconf 83' lang='lat' dir='ltr'><strong>contigerit,</strong></span> <span class='ocrx_word' id='word_1_40' title='bbox 1311 1137 1386 1210; x_wconf 90' lang='lat' dir='ltr'><strong>snis</strong></span> <span class='ocrx_word' id='word_1_41' title='bbox 1403 1137 1600 1234; x_wconf 80' lang='lat' dir='ltr'><strong>sumptibus</strong></span> <span class='ocrx_word' id='word_1_42' title='bbox 1617 1135 1767 1210; x_wconf 81' lang='lat' dir='ltr'><strong>debcant</strong></span> <span class='ocrx_word' id='word_1_43' title='bbox 1784 1157 1944 1232; x_wconf 80' lang='lat' dir='ltr'><strong>reparare</strong></span> <span class='ocrx_word' id='word_1_44' title='bbox 1960 1159 2002 1210; x_wconf 81' lang='lat' dir='ltr'><strong>sc</strong></span> 
     </span>
     <span class='ocr_line' id='line_1_6' title="bbox 590 1255 2003 1358; baseline 0.006 -34"><span class='ocrx_word' id='word_1_45' title='bbox 590 1272 733 1324; x_wconf 91' lang='lat' dir='ltr'><strong>censum</strong></span> <span class='ocrx_word' id='word_1_46' title='bbox 761 1265 964 1326; x_wconf 88' lang='lat' dir='ltr'><strong>consuetum</strong></span> <span class='ocrx_word' id='word_1_47' title='bbox 993 1255 1129 1330; x_wconf 88' lang='lat' dir='ltr'><strong>solvere</strong></span> <span class='ocrx_word' id='word_1_48' title='bbox 1158 1256 1270 1332; x_wconf 92' lang='lat' dir='ltr'><strong>donec</strong></span> <span class='ocrx_word' id='word_1_49' title='bbox 1298 1261 1427 1334; x_wconf 76' lang='lat' dir='ltr'><strong>incunt</strong></span> <span class='ocrx_word' id='word_1_50' title='bbox 1458 1269 1627 1356; x_wconf 85' lang='lat' dir='ltr'><strong>repurntn.</strong></span> <span class='ocrx_word' id='word_1_51' title='bbox 1660 1259 1831 1332; x_wconf 89' lang='lat' dir='ltr'><strong>Presentis</strong></span> <span class='ocrx_word' id='word_1_52' title='bbox 1859 1259 2003 1358; x_wconf 85' lang='lat' dir='ltr'><strong>insuper</strong></span> 
     </span>
     <span class='ocr_line' id='line_1_7' title="bbox 590 1375 2003 1482; baseline 0.006 -34"><span class='ocrx_word' id='word_1_53' title='bbox 590 1375 708 1470; x_wconf 89' lang='lat' dir='ltr'><strong>scripti</strong></span> <span class='ocrx_word' id='word_1_54' title='bbox 728 1377 929 1450; x_wconf 76' lang='lat' dir='ltr'><strong>auctoritate</strong></span> <span class='ocrx_word' id='word_1_55' title='bbox 948 1379 1155 1454; x_wconf 81' lang='lat' dir='ltr'><strong>mandemus</strong></span> <span class='ocrx_word' id='word_1_56' title='bbox 1177 1393 1350 1478; x_wconf 87' lang='lat' dir='ltr'><strong>quotenos</strong></span> <span class='ocrx_word' id='word_1_57' title='bbox 1371 1386 1488 1458; x_wconf 90' lang='lat' dir='ltr'><strong>nullus</strong></span> <span class='ocrx_word' id='word_1_58' title='bbox 1510 1385 1659 1482; x_wconf 78' lang='lat' dir='ltr'><strong>pronos</strong></span> <span class='ocrx_word' id='word_1_59' title='bbox 1682 1384 1873 1479; x_wconf 76' lang='lat' dir='ltr'><strong>burgenses</strong></span> <span class='ocrx_word' id='word_1_60' title='bbox 1896 1385 2003 1457; x_wconf 86' lang='lat' dir='ltr'><strong>Lubi-</strong></span> 
     </span>
     <span class='ocr_line' id='line_1_8' title="bbox 589 1499 2003 1604; baseline 0.006 -33"><span class='ocrx_word' id='word_1_61' title='bbox 589 1521 709 1572; x_wconf 91' lang='lat' dir='ltr'><strong>censcs</strong></span> <span class='ocrx_word' id='word_1_62' title='bbox 723 1499 843 1574; x_wconf 82' lang='lat' dir='ltr'><strong>fideles</strong></span> <span class='ocrx_word' id='word_1_63' title='bbox 859 1511 994 1576; x_wconf 89' lang='lat' dir='ltr'><strong>nostros</strong></span> <span class='ocrx_word' id='word_1_64' title='bbox 1009 1513 1128 1578; x_wconf 82' lang='lat' dir='ltr'><strong>contre</strong></span> <span class='ocrx_word' id='word_1_65' title='bbox 1143 1509 1311 1602; x_wconf 79' lang='lat' dir='ltr'><strong>presentis</strong></span> <span class='ocrx_word' id='word_1_66' title='bbox 1328 1509 1559 1584; x_wconf 85' lang='lat' dir='ltr'><strong>concessionis</strong></span> <span class='ocrx_word' id='word_1_67' title='bbox 1579 1516 1695 1582; x_wconf 88' lang='lat' dir='ltr'><strong>nostre</strong></span> <span class='ocrx_word' id='word_1_68' title='bbox 1709 1507 1873 1604; x_wconf 80' lang='lat' dir='ltr'><strong>peginam</strong></span> <span class='ocrx_word' id='word_1_69' title='bbox 1888 1507 2003 1604; x_wconf 89' lang='lat' dir='ltr'><strong>impe-</strong></span> 
     </span>
     <span class='ocr_line' id='line_1_9' title="bbox 588 1623 2002 1724; baseline 0.004 -26"><span class='ocrx_word' id='word_1_70' title='bbox 588 1633 639 1698; x_wconf 82' lang='lat' dir='ltr'><strong>tet</strong></span> <span class='ocrx_word' id='word_1_71' title='bbox 655 1625 712 1698; x_wconf 89' lang='lat' dir='ltr'><strong>vel</strong></span> <span class='ocrx_word' id='word_1_72' title='bbox 724 1623 873 1700; x_wconf 73' lang='lat' dir='ltr'><strong>infestet.</strong></span> <span class='ocrx_word' id='word_1_73' title='bbox 889 1625 945 1700; x_wconf 86' lang='lat' dir='ltr'><strong>Ad</strong></span> <span class='ocrx_word' id='word_1_74' title='bbox 958 1626 1064 1720; x_wconf 84' lang='lat' dir='ltr'><strong>hujus</strong></span> <span class='ocrx_word' id='word_1_75' title='bbox 1078 1629 1196 1724; x_wconf 84' lang='lat' dir='ltr'><strong>itaque</strong></span> <span class='ocrx_word' id='word_1_76' title='bbox 1209 1632 1441 1706; x_wconf 76' lang='lat' dir='ltr'><strong>consessionis</strong></span> <span class='ocrx_word' id='word_1_77' title='bbox 1454 1642 1569 1706; x_wconf 85' lang='lat' dir='ltr'><strong>nostre</strong></span> <span class='ocrx_word' id='word_1_78' title='bbox 1582 1631 1783 1708; x_wconf 85' lang='lat' dir='ltr'><strong>memoriam</strong></span> <span class='ocrx_word' id='word_1_79' title='bbox 1795 1639 1832 1708; x_wconf 91' lang='lat' dir='ltr'><strong>et</strong></span> <span class='ocrx_word' id='word_1_80' title='bbox 1845 1631 2002 1704; x_wconf 76' lang='lat' dir='ltr'><strong>stabilem</strong></span> 
     </span>
     <span class='ocr_line' id='line_1_10' title="bbox 590 1747 2003 1851; baseline 0.005 -31"><span class='ocrx_word' id='word_1_81' title='bbox 590 1747 785 1822; x_wconf 77' lang='lat' dir='ltr'><strong>firmitatem</strong></span> <span class='ocrx_word' id='word_1_82' title='bbox 809 1771 952 1844; x_wconf 83' lang='lat' dir='ltr'><strong>presens</strong></span> <span class='ocrx_word' id='word_1_83' title='bbox 976 1751 1142 1848; x_wconf 90' lang='lat' dir='ltr'><strong>scriptum</strong></span> <span class='ocrx_word' id='word_1_84' title='bbox 1166 1753 1240 1828; x_wconf 86' lang='lat' dir='ltr'><strong>lieri</strong></span> <span class='ocrx_word' id='word_1_85' title='bbox 1262 1765 1297 1828; x_wconf 89' lang='lat' dir='ltr'><strong>et</strong></span> <span class='ocrx_word' id='word_1_86' title='bbox 1322 1755 1435 1851; x_wconf 84' lang='lat' dir='ltr'><strong>sigillo</strong></span> <span class='ocrx_word' id='word_1_87' title='bbox 1458 1755 1672 1830; x_wconf 85' lang='lat' dir='ltr'><strong>celsitudinis</strong></span> <span class='ocrx_word' id='word_1_88' title='bbox 1698 1765 1814 1832; x_wconf 83' lang='lat' dir='ltr'><strong>nostre</strong></span> <span class='ocrx_word' id='word_1_89' title='bbox 1834 1755 2003 1850; x_wconf 88' lang='lat' dir='ltr'><strong>jussimus</strong></span> 
     </span>
     <span class='ocr_line' id='line_1_11' title="bbox 589 1873 2007 1984; baseline 0.007 -37"><span class='ocrx_word' id='word_1_90' title='bbox 589 1873 813 1966; x_wconf 88' lang='lat' dir='ltr'><strong>communiri,</strong></span> <span class='ocrx_word' id='word_1_91' title='bbox 832 1896 944 1964; x_wconf 85' lang='lat' dir='ltr'><strong>anno,</strong></span> <span class='ocrx_word' id='word_1_92' title='bbox 961 1898 1079 1950; x_wconf 88' lang='lat' dir='ltr'><strong>meuse</strong></span> <span class='ocrx_word' id='word_1_93' title='bbox 1095 1887 1130 1950; x_wconf 90' lang='lat' dir='ltr'><strong>et</strong></span> <span class='ocrx_word' id='word_1_94' title='bbox 1144 1878 1332 1953; x_wconf 88' lang='lat' dir='ltr'><strong>indictione</strong></span> <span class='ocrx_word' id='word_1_95' title='bbox 1347 1881 1563 1978; x_wconf 87' lang='lat' dir='ltr'><strong>subscriptis.</strong></span> <span class='ocrx_word' id='word_1_96' title='bbox 2001 1962 2007 1984; x_wconf 23' lang='grc' dir='ltr'><em>ἑ</em></span> 
     </span>
    </p>

    <p class='ocr_par' dir='ltr' id='par_1_3' title="bbox 589 1998 2003 2596">
     <span class='ocr_line' id='line_1_12' title="bbox 636 1998 2003 2090; baseline 0.004 -21"><span class='ocrx_word' id='word_1_97' title='bbox 636 1999 763 2071; x_wconf 88' lang='lat' dir='ltr'><strong>Dutum</strong></span> <span class='ocrx_word' id='word_1_98' title='bbox 786 1998 945 2090; x_wconf 85' lang='lat' dir='ltr'><strong>Procius,</strong></span> <span class='ocrx_word' id='word_1_99' title='bbox 973 2021 1065 2073; x_wconf 82' lang='lat' dir='ltr'><strong>anno</strong></span> <span class='ocrx_word' id='word_1_100' title='bbox 1092 2001 1265 2076; x_wconf 89' lang='lat' dir='ltr'><strong>dominice</strong></span> <span class='ocrx_word' id='word_1_101' title='bbox 1291 2004 1536 2079; x_wconf 77' lang='lat' dir='ltr'><strong>incarnationis</strong></span> <span class='ocrx_word' id='word_1_102' title='bbox 1563 2003 1745 2078; x_wconf 88' lang='lat' dir='ltr'><strong>millesimo</strong></span> <span class='ocrx_word' id='word_1_103' title='bbox 1766 2003 2003 2078; x_wconf 83' lang='lat' dir='ltr'><strong>ducentesimo</strong></span> 
     </span>
     <span class='ocr_line' id='line_1_13' title="bbox 590 2119 2003 2225; baseline 0.004 -33"><span class='ocrx_word' id='word_1_104' title='bbox 590 2119 783 2214; x_wconf 79' lang='lat' dir='ltr'><strong>trigesimo,</strong></span> <span class='ocrx_word' id='word_1_105' title='bbox 800 2143 920 2194; x_wconf 87' lang='lat' dir='ltr'><strong>mense</strong></span> <span class='ocrx_word' id='word_1_106' title='bbox 936 2125 1117 2216; x_wconf 81' lang='lat' dir='ltr'><strong>januario,</strong></span> <span class='ocrx_word' id='word_1_107' title='bbox 1136 2137 1260 2220; x_wconf 81' lang='lat' dir='ltr'><strong>quartu</strong></span> <span class='ocrx_word' id='word_1_108' title='bbox 1282 2127 1489 2220; x_wconf 87' lang='lat' dir='ltr'><strong>indictione,</strong></span> <span class='ocrx_word' id='word_1_109' title='bbox 1512 2128 1702 2225; x_wconf 81' lang='lat' dir='ltr'><strong>imperante</strong></span> <span class='ocrx_word' id='word_1_110' title='bbox 1721 2127 1863 2201; x_wconf 91' lang='lat' dir='ltr'><strong>domino</strong></span> <span class='ocrx_word' id='word_1_111' title='bbox 1886 2137 2003 2200; x_wconf 86' lang='lat' dir='ltr'><strong>nostro</strong></span> 
     </span>
     <span class='ocr_line' id='line_1_14' title="bbox 591 2243 1999 2348; baseline 0.003 -30"><span class='ocrx_word' id='word_1_112' title='bbox 591 2243 766 2318; x_wconf 83' lang='lat' dir='ltr'><strong>Friderico</strong></span> <span class='ocrx_word' id='word_1_113' title='bbox 774 2245 838 2318; x_wconf 83' lang='lat' dir='ltr'><strong>Dei</strong></span> <span class='ocrx_word' id='word_1_114' title='bbox 851 2247 961 2340; x_wconf 79' lang='lat' dir='ltr'><strong>gratio</strong></span> <span class='ocrx_word' id='word_1_115' title='bbox 978 2247 1205 2324; x_wconf 90' lang='lat' dir='ltr'><strong>invictissimo</strong></span> <span class='ocrx_word' id='word_1_116' title='bbox 1215 2251 1447 2326; x_wconf 77' lang='lat' dir='ltr'><strong>Romanorum</strong></span> <span class='ocrx_word' id='word_1_117' title='bbox 1457 2251 1673 2348; x_wconf 77' lang='lat' dir='ltr'><strong>imperatore,</strong></span> <span class='ocrx_word' id='word_1_118' title='bbox 1687 2273 1824 2348; x_wconf 88' lang='lat' dir='ltr'><strong>sempor</strong></span> <span class='ocrx_word' id='word_1_119' title='bbox 1837 2263 1999 2346; x_wconf 75' lang='lat' dir='ltr'><strong>noginto,</strong></span> 
     </span>
     <span class='ocr_line' id='line_1_15' title="bbox 589 2367 2001 2472; baseline 0.003 -30"><span class='ocrx_word' id='word_1_120' title='bbox 589 2367 778 2442; x_wconf 78' lang='lat' dir='ltr'><strong>Jerusalem</strong></span> <span class='ocrx_word' id='word_1_121' title='bbox 800 2378 836 2442; x_wconf 91' lang='lat' dir='ltr'><strong>et</strong></span> <span class='ocrx_word' id='word_1_122' title='bbox 852 2369 967 2443; x_wconf 85' lang='lat' dir='ltr'><strong>Sicilie</strong></span> <span class='ocrx_word' id='word_1_123' title='bbox 987 2393 1088 2468; x_wconf 79' lang='lat' dir='ltr'><strong>rego,</strong></span> <span class='ocrx_word' id='word_1_124' title='bbox 1105 2396 1197 2448; x_wconf 87' lang='lat' dir='ltr'><strong>anno</strong></span> <span class='ocrx_word' id='word_1_125' title='bbox 1214 2374 1350 2471; x_wconf 89' lang='lat' dir='ltr'><strong>imperii</strong></span> <span class='ocrx_word' id='word_1_126' title='bbox 1369 2377 1445 2470; x_wconf 90' lang='lat' dir='ltr'><strong>ejus</strong></span> <span class='ocrx_word' id='word_1_127' title='bbox 1470 2373 1672 2468; x_wconf 88' lang='lat' dir='ltr'><strong>undecimo,</strong></span> <span class='ocrx_word' id='word_1_128' title='bbox 1690 2376 1788 2472; x_wconf 77' lang='lat' dir='ltr'><strong>regni</strong></span> <span class='ocrx_word' id='word_1_129' title='bbox 1813 2375 2001 2449; x_wconf 79' lang='lat' dir='ltr'><strong>Jerusalem</strong></span> 
     </span>
     <span class='ocr_line' id='line_1_16' title="bbox 589 2492 1790 2596; baseline 0.003 -30"><span class='ocrx_word' id='word_1_130' title='bbox 589 2502 701 2584; x_wconf 80' lang='lat' dir='ltr'><strong>sexto,</strong></span> <span class='ocrx_word' id='word_1_131' title='bbox 717 2492 816 2588; x_wconf 80' lang='lat' dir='ltr'><strong>regni</strong></span> <span class='ocrx_word' id='word_1_132' title='bbox 832 2514 915 2567; x_wconf 89' lang='lat' dir='ltr'><strong>vero</strong></span> <span class='ocrx_word' id='word_1_133' title='bbox 929 2493 1043 2568; x_wconf 91' lang='lat' dir='ltr'><strong>Sicilie</strong></span> <span class='ocrx_word' id='word_1_134' title='bbox 1055 2497 1227 2571; x_wconf 85' lang='lat' dir='ltr'><strong>tricesimo</strong></span> <span class='ocrx_word' id='word_1_135' title='bbox 1241 2497 1382 2572; x_wconf 81' lang='lat' dir='ltr'><strong>feliciter</strong></span> <span class='ocrx_word' id='word_1_136' title='bbox 1397 2499 1552 2574; x_wconf 90' lang='lat' dir='ltr'><strong>secundo</strong></span> <span class='ocrx_word' id='word_1_137' title='bbox 1567 2495 1651 2596; x_wconf 84' lang='lat' dir='ltr'><strong>(ric).</strong></span> <span class='ocrx_word' id='word_1_138' title='bbox 1668 2499 1790 2574; x_wconf 83' lang='lat' dir='ltr'><strong>Amen.</strong></span> 
     </span>
    </p>
   </div>
   <div class='ocr_carea' id='block_1_3' title="bbox 1387 2819 1778 2830">
    <p class='ocr_par' dir='ltr' id='par_1_4' title="bbox 1387 2819 1778 2830">
     <span class='ocr_line' id='line_1_17' title="bbox 1387 2819 1778 2830; baseline 0 0"><span class='ocrx_word' id='word_1_139' title='bbox 1387 2819 1778 2830; x_wconf 58' lang='lat' dir='ltr'><strong>*maban——</strong></span> 
     </span>
    </p>
   </div>
   <div class='ocr_carea' id='block_1_4' title="bbox 521 3099 2002 4802">
    <p class='ocr_par' dir='ltr' id='par_1_5' title="bbox 521 3099 2002 4802">
     <span class='ocr_line' id='line_1_18' title="bbox 521 3099 2002 3216; baseline -0.004 -28"><span class='ocrx_word' id='word_1_140' title='bbox 521 3192 528 3206; x_wconf 69' lang='lat'>‚</span> <span class='ocrx_word' id='word_1_141' title='bbox 642 3103 753 3188; x_wconf 87' lang='lat' dir='ltr'><strong>MCC</strong></span> <span class='ocrx_word' id='word_1_142' title='bbox 767 3103 899 3188; x_wconf 91' lang='lat' dir='ltr'><strong>XXXl.</strong></span> <span class='ocrx_word' id='word_1_143' title='bbox 915 3104 1042 3190; x_wconf 87' lang='lat' dir='ltr'><strong>Mense</strong></span> <span class='ocrx_word' id='word_1_144' title='bbox 1051 3104 1228 3216; x_wconf 82' lang='lat' dir='ltr'><strong>januario</strong></span> <span class='ocrx_word' id='word_1_145' title='bbox 1244 3132 1334 3190; x_wconf 87' lang='lat' dir='ltr'><strong>suns</strong></span> <span class='ocrx_word' id='word_1_146' title='bbox 1351 3107 1557 3216; x_wconf 80' lang='lat' dir='ltr'><strong>imperator</strong></span> <span class='ocrx_word' id='word_1_147' title='bbox 1568 3103 1712 3188; x_wconf 84' lang='lat' dir='ltr'><strong>littores</strong></span> <span class='ocrx_word' id='word_1_148' title='bbox 1726 3103 1842 3186; x_wconf 89' lang='lat' dir='ltr'><strong>mittit</strong></span> <span class='ocrx_word' id='word_1_149' title='bbox 1855 3103 1905 3186; x_wconf 84' lang='lat' dir='ltr'><strong>od</strong></span> <span class='ocrx_word' id='word_1_150' title='bbox 1919 3099 2002 3182; x_wconf 89' lang='lat' dir='ltr'><strong>Ste-</strong></span> 
     </span>
     <span class='ocr_line' id='line_1_19' title="bbox 588 3233 2002 3348; baseline -0.004 -28"><span class='ocrx_word' id='word_1_151' title='bbox 588 3235 762 3348; x_wconf 86' lang='lat' dir='ltr'><strong>phanum</strong></span> <span class='ocrx_word' id='word_1_152' title='bbox 770 3237 818 3320; x_wconf 88' lang='lat' dir='ltr'><strong>de</strong></span> <span class='ocrx_word' id='word_1_153' title='bbox 828 3235 1002 3348; x_wconf 83' lang='lat' dir='ltr'><strong>Anglone</strong></span> <span class='ocrx_word' id='word_1_154' title='bbox 1011 3246 1132 3322; x_wconf 80' lang='lat' dir='ltr'><strong>terroe</strong></span> <span class='ocrx_word' id='word_1_155' title='bbox 1144 3237 1301 3322; x_wconf 80' lang='lat' dir='ltr'><strong>Laboris</strong></span> <span class='ocrx_word' id='word_1_156' title='bbox 1310 3237 1559 3348; x_wconf 80' lang='lat' dir='ltr'><strong>justitiarium</strong></span> <span class='ocrx_word' id='word_1_157' title='bbox 1567 3246 1611 3322; x_wconf 92' lang='lat' dir='ltr'><strong>ut</strong></span> <span class='ocrx_word' id='word_1_158' title='bbox 1619 3235 1821 3348; x_wconf 83' lang='lat' dir='ltr'><strong>diligenter</strong></span> <span class='ocrx_word' id='word_1_159' title='bbox 1832 3233 2002 3345; x_wconf 85' lang='lat' dir='ltr'><strong>inquiret</strong></span> 
     </span>
     <span class='ocr_line' id='line_1_20' title="bbox 589 3367 2000 3482; baseline -0.006 -30"><span class='ocrx_word' id='word_1_160' title='bbox 589 3369 638 3454; x_wconf 91' lang='lat' dir='ltr'><strong>de</strong></span> <span class='ocrx_word' id='word_1_161' title='bbox 656 3369 855 3480; x_wconf 88' lang='lat' dir='ltr'><strong>promissis</strong></span> <span class='ocrx_word' id='word_1_162' title='bbox 873 3369 1060 3480; x_wconf 77' lang='lat' dir='ltr'><strong>imperiali</strong></span> <span class='ocrx_word' id='word_1_163' title='bbox 1073 3370 1200 3456; x_wconf 82' lang='lat' dir='ltr'><strong>curiae</strong></span> <span class='ocrx_word' id='word_1_164' title='bbox 1217 3371 1345 3477; x_wconf 80' lang='lat' dir='ltr'><strong>faotis3</strong></span> <span class='ocrx_word' id='word_1_165' title='bbox 1360 3382 1398 3454; x_wconf 91' lang='lat' dir='ltr'><strong>et</strong></span> <span class='ocrx_word' id='word_1_166' title='bbox 1413 3371 1445 3454; x_wconf 95' lang='lat' dir='ltr'><strong>si</strong></span> <span class='ocrx_word' id='word_1_167' title='bbox 1459 3396 1538 3482; x_wconf 81' lang='lat' dir='ltr'><strong>que</strong></span> <span class='ocrx_word' id='word_1_168' title='bbox 1550 3379 1636 3480; x_wconf 91' lang='lat' dir='ltr'><strong>post</strong></span> <span class='ocrx_word' id='word_1_169' title='bbox 1652 3367 2000 3454; x_wconf 78' lang='lat' dir='ltr'><strong>transfretationem</strong></span> 
     </span>
     <span class='ocr_line' id='line_1_21' title="bbox 589 3498 2001 3614; baseline -0.005 -28"><span class='ocrx_word' id='word_1_170' title='bbox 589 3529 701 3586; x_wconf 84' lang='lat' dir='ltr'><strong>susm</strong></span> <span class='ocrx_word' id='word_1_171' title='bbox 710 3503 811 3587; x_wconf 82' lang='lat' dir='ltr'><strong>iectu</strong></span> <span class='ocrx_word' id='word_1_172' title='bbox 820 3513 910 3586; x_wconf 89' lang='lat' dir='ltr'><strong>suut</strong></span> <span class='ocrx_word' id='word_1_173' title='bbox 921 3503 1209 3588; x_wconf 89' lang='lat' dir='ltr'><strong>concessionum</strong></span> <span class='ocrx_word' id='word_1_174' title='bbox 1221 3503 1419 3614; x_wconf 85' lang='lat' dir='ltr'><strong>privilegia</strong></span> <span class='ocrx_word' id='word_1_175' title='bbox 1426 3529 1494 3613; x_wconf 90' lang='lat' dir='ltr'><strong>per</strong></span> <span class='ocrx_word' id='word_1_176' title='bbox 1501 3503 1743 3614; x_wconf 86' lang='lat' dir='ltr'><strong>Rsyncldum</strong></span> <span class='ocrx_word' id='word_1_177' title='bbox 1756 3503 1894 3586; x_wconf 86' lang='lat' dir='ltr'><strong>ducem</strong></span> <span class='ocrx_word' id='word_1_178' title='bbox 1905 3498 2001 3607; x_wconf 82' lang='lat' dir='ltr'><strong>Spo</strong></span> 
     </span>
     <span class='ocr_line' id='line_1_22' title="bbox 588 3631 2000 3746; baseline -0.006 -28"><span class='ocrx_word' id='word_1_179' title='bbox 588 3635 654 3722; x_wconf 92' lang='lat' dir='ltr'><strong>leti</strong></span> <span class='ocrx_word' id='word_1_180' title='bbox 673 3636 752 3720; x_wconf 86' lang='lat' dir='ltr'><strong>sive</strong></span> <span class='ocrx_word' id='word_1_181' title='bbox 772 3661 842 3720; x_wconf 89' lang='lat' dir='ltr'><strong>suo</strong></span> <span class='ocrx_word' id='word_1_182' title='bbox 860 3635 939 3720; x_wconf 81' lang='lat' dir='ltr'><strong>sive</strong></span> <span class='ocrx_word' id='word_1_183' title='bbox 955 3635 1076 3745; x_wconf 88' lang='lat' dir='ltr'><strong>ipsius</strong></span> <span class='ocrx_word' id='word_1_184' title='bbox 1093 3637 1202 3722; x_wconf 89' lang='lat' dir='ltr'><strong>ducis</strong></span> <span class='ocrx_word' id='word_1_185' title='bbox 1220 3637 1347 3746; x_wconf 64' lang='lat' dir='ltr'><strong>sip&#39;llo</strong></span> <span class='ocrx_word' id='word_1_186' title='bbox 1366 3637 1518 3746; x_wconf 82' lang='lat' dir='ltr'><strong>signeto</strong></span> <span class='ocrx_word' id='word_1_187' title='bbox 1535 3635 1727 3745; x_wconf 78' lang='lat' dir='ltr'><strong>aliquibus</strong></span> <span class='ocrx_word' id='word_1_188' title='bbox 1744 3631 1940 3743; x_wconf 79' lang='lat' dir='ltr'><strong>perennio,</strong></span> <span class='ocrx_word' id='word_1_189' title='bbox 1955 3656 2000 3712; x_wconf 86' lang='lat' dir='ltr'><strong>ee</strong></span> 
     </span>
     <span class='ocr_line' id='line_1_23' title="bbox 587 3763 2001 3878; baseline -0.006 -26"><span class='ocrx_word' id='word_1_190' title='bbox 587 3768 775 3878; x_wconf 76' lang='lat' dir='ltr'><strong>imperiali</strong></span> <span class='ocrx_word' id='word_1_191' title='bbox 788 3768 916 3852; x_wconf 87' lang='lat' dir='ltr'><strong>curiae</strong></span> <span class='ocrx_word' id='word_1_192' title='bbox 929 3793 1052 3878; x_wconf 87' lang='lat' dir='ltr'><strong>usqne</strong></span> <span class='ocrx_word' id='word_1_193' title='bbox 1066 3770 1114 3852; x_wconf 86' lang='lat' dir='ltr'><strong>cd</strong></span> <span class='ocrx_word' id='word_1_194' title='bbox 1128 3769 1268 3854; x_wconf 85' lang='lat' dir='ltr'><strong>festum</strong></span> <span class='ocrx_word' id='word_1_195' title='bbox 1280 3767 1557 3853; x_wconf 87' lang='lat' dir='ltr'><strong>Purificetionis</strong></span> <span class='ocrx_word' id='word_1_196' title='bbox 1573 3767 1705 3854; x_wconf 79' lang='lat' dir='ltr'><strong>bootae</strong></span> <span class='ocrx_word' id='word_1_197' title='bbox 1712 3763 1879 3875; x_wconf 80' lang='lat' dir='ltr'><strong>Virginis</strong></span> <span class='ocrx_word' id='word_1_198' title='bbox 1891 3787 2001 3872; x_wconf 88' lang='lat' dir='ltr'><strong>prse-</strong></span> 
     </span>
     <span class='ocr_line' id='line_1_24' title="bbox 587 3894 2001 4012; baseline -0.007 -28"><span class='ocrx_word' id='word_1_199' title='bbox 587 3901 704 4010; x_wconf 85' lang='lat' dir='ltr'><strong>cipiet</strong></span> <span class='ocrx_word' id='word_1_200' title='bbox 716 3900 972 4010; x_wconf 60' lang='lat' dir='ltr'><strong>praesentem</strong></span> <span class='ocrx_word' id='word_1_201' title='bbox 989 3900 1161 4012; x_wconf 80' lang='lat' dir='ltr'><strong>alioquin</strong></span> <span class='ocrx_word' id='word_1_202' title='bbox 1172 3928 1221 3984; x_wconf 84' lang='lat' dir='ltr'><strong>ex</strong></span> <span class='ocrx_word' id='word_1_203' title='bbox 1238 3911 1331 3984; x_wconf 91' lang='lat' dir='ltr'><strong>tunc</strong></span> <span class='ocrx_word' id='word_1_204' title='bbox 1344 3901 1384 3982; x_wconf 93' lang='lat' dir='ltr'><strong>in</strong></span> <span class='ocrx_word' id='word_1_205' title='bbox 1405 3909 1516 3984; x_wconf 83' lang='lat' dir='ltr'><strong>ontce</strong></span> <span class='ocrx_word' id='word_1_206' title='bbox 1533 3899 1681 3983; x_wconf 86' lang='lat' dir='ltr'><strong>nullom</strong></span> <span class='ocrx_word' id='word_1_207' title='bbox 1697 3897 1864 3982; x_wconf 86' lang='lat' dir='ltr'><strong>bnbeuot</strong></span> <span class='ocrx_word' id='word_1_208' title='bbox 1880 3894 2001 3976; x_wconf 86' lang='lat' dir='ltr'><strong>firmi-</strong></span> 
     </span>
     <span class='ocr_line' id='line_1_25' title="bbox 588 4026 2001 4142; baseline -0.007 -26"><span class='ocrx_word' id='word_1_209' title='bbox 588 4032 937 4142; x_wconf 64' lang='lat' dir='ltr'><strong>utemurmcipiat</strong></span> <span class='ocrx_word' id='word_1_210' title='bbox 948 4033 1061 4116; x_wconf 87' lang='lat' dir='ltr'><strong>etium</strong></span> <span class='ocrx_word' id='word_1_211' title='bbox 1076 4033 1257 4116; x_wconf 92' lang='lat' dir='ltr'><strong>omnibus</strong></span> <span class='ocrx_word' id='word_1_212' title='bbox 1267 4031 1552 4116; x_wconf 84' lang='lat' dir='ltr'><strong>Revellensibus</strong></span> <span class='ocrx_word' id='word_1_213' title='bbox 1569 4040 1613 4114; x_wconf 88' lang='lat' dir='ltr'><strong>ut</strong></span> <span class='ocrx_word' id='word_1_214' title='bbox 1629 4055 1768 4114; x_wconf 79' lang='lat' dir='ltr'><strong>uxores</strong></span> <span class='ocrx_word' id='word_1_215' title='bbox 1782 4039 1821 4112; x_wconf 89' lang='lat' dir='ltr'><strong>ct</strong></span> <span class='ocrx_word' id='word_1_216' title='bbox 1834 4026 2001 4109; x_wconf 84' lang='lat' dir='ltr'><strong>lumilics</strong></span> 
     </span>
     <span class='ocr_line' id='line_1_26' title="bbox 589 4161 2002 4273; baseline -0.005 -27"><span class='ocrx_word' id='word_1_217' title='bbox 589 4189 680 4246; x_wconf 85' lang='lat' dir='ltr'><strong>sues</strong></span> <span class='ocrx_word' id='word_1_218' title='bbox 688 4165 870 4273; x_wconf 77' lang='lat' dir='ltr'><strong>usquead</strong></span> <span class='ocrx_word' id='word_1_219' title='bbox 881 4164 1023 4246; x_wconf 79' lang='lat' dir='ltr'><strong>festum</strong></span> <span class='ocrx_word' id='word_1_220' title='bbox 1031 4165 1268 4248; x_wconf 85' lang='lat' dir='ltr'><strong>Pentecostes</strong></span> <span class='ocrx_word' id='word_1_221' title='bbox 1279 4163 1474 4246; x_wconf 85' lang='lat' dir='ltr'><strong>remittent</strong></span> <span class='ocrx_word' id='word_1_222' title='bbox 1486 4161 1767 4246; x_wconf 83' lang='lat' dir='ltr'><strong>llauellumsub</strong></span> <span class='ocrx_word' id='word_1_223' title='bbox 1778 4183 1903 4270; x_wconf 85' lang='lat' dir='ltr'><strong>poene</strong></span> <span class='ocrx_word' id='word_1_224' title='bbox 1914 4183 2002 4267; x_wconf 84' lang='lat' dir='ltr'><strong>pen—</strong></span> 
     </span>
     <span class='ocr_line' id='line_1_27' title="bbox 590 4291 2001 4405; baseline -0.004 -28"><span class='ocrx_word' id='word_1_225' title='bbox 590 4318 772 4378; x_wconf 87' lang='lat' dir='ltr'><strong>sonsrum</strong></span> <span class='ocrx_word' id='word_1_226' title='bbox 784 4305 823 4378; x_wconf 89' lang='lat' dir='ltr'><strong>et</strong></span> <span class='ocrx_word' id='word_1_227' title='bbox 835 4319 977 4378; x_wconf 87' lang='lat' dir='ltr'><strong>rerum.</strong></span> <span class='ocrx_word' id='word_1_228' title='bbox 994 4295 1167 4379; x_wconf 79' lang='lat' dir='ltr'><strong>Inhibeat</strong></span> <span class='ocrx_word' id='word_1_229' title='bbox 1178 4295 1293 4380; x_wconf 85' lang='lat' dir='ltr'><strong>etiam</strong></span> <span class='ocrx_word' id='word_1_230' title='bbox 1306 4295 1485 4378; x_wconf 89' lang='lat' dir='ltr'><strong>omnibus</strong></span> <span class='ocrx_word' id='word_1_231' title='bbox 1498 4295 1575 4376; x_wconf 92' lang='lat' dir='ltr'><strong>illis</strong></span> <span class='ocrx_word' id='word_1_232' title='bbox 1587 4295 1729 4405; x_wconf 90' lang='lat' dir='ltr'><strong>quibus</strong></span> <span class='ocrx_word' id='word_1_233' title='bbox 1741 4291 1894 4376; x_wconf 83' lang='lat' dir='ltr'><strong>licentis</strong></span> <span class='ocrx_word' id='word_1_234' title='bbox 1910 4291 2001 4373; x_wconf 83' lang='lat' dir='ltr'><strong>deta</strong></span> 
     </span>
     <span class='ocr_line' id='line_1_28' title="bbox 589 4421 2002 4536; baseline -0.004 -28"><span class='ocrx_word' id='word_1_235' title='bbox 589 4427 663 4508; x_wconf 86' lang='lat' dir='ltr'><strong>fuit</strong></span> <span class='ocrx_word' id='word_1_236' title='bbox 679 4426 902 4510; x_wconf 78' lang='lat' dir='ltr'><strong>aedificandi</strong></span> <span class='ocrx_word' id='word_1_237' title='bbox 914 4429 1112 4511; x_wconf 86' lang='lat' dir='ltr'><strong>occasione</strong></span> <span class='ocrx_word' id='word_1_238' title='bbox 1128 4437 1233 4510; x_wconf 82' lang='lat' dir='ltr'><strong>ortae</strong></span> <span class='ocrx_word' id='word_1_239' title='bbox 1250 4427 1460 4512; x_wconf 83' lang='lat' dir='ltr'><strong>discordiae</strong></span> <span class='ocrx_word' id='word_1_240' title='bbox 1479 4427 1578 4510; x_wconf 88' lang='lat' dir='ltr'><strong>inter</strong></span> <span class='ocrx_word' id='word_1_241' title='bbox 1594 4427 1798 4536; x_wconf 87' lang='lat' dir='ltr'><strong>imperium</strong></span> <span class='ocrx_word' id='word_1_242' title='bbox 1814 4432 1853 4507; x_wconf 91' lang='lat' dir='ltr'><strong>et</strong></span> <span class='ocrx_word' id='word_1_243' title='bbox 1865 4421 2002 4505; x_wconf 89' lang='lat' dir='ltr'><strong>Eccle-</strong></span> 
     </span>
     <span class='ocr_line' id='line_1_29' title="bbox 591 4557 2002 4668; baseline -0.002 -28"><span class='ocrx_word' id='word_1_244' title='bbox 591 4557 704 4664; x_wconf 82' lang='lat' dir='ltr'><strong>siam,</strong></span> <span class='ocrx_word' id='word_1_245' title='bbox 715 4557 789 4640; x_wconf 92' lang='lat' dir='ltr'><strong>sub</strong></span> <span class='ocrx_word' id='word_1_246' title='bbox 801 4583 925 4668; x_wconf 83' lang='lat' dir='ltr'><strong>poene</strong></span> <span class='ocrx_word' id='word_1_247' title='bbox 937 4561 1105 4668; x_wconf 79' lang='lat' dir='ltr'><strong>predicte</strong></span> <span class='ocrx_word' id='word_1_248' title='bbox 1118 4586 1166 4643; x_wconf 91' lang='lat' dir='ltr'><strong>ne</strong></span> <span class='ocrx_word' id='word_1_249' title='bbox 1178 4561 1219 4642; x_wconf 91' lang='lat' dir='ltr'><strong>in</strong></span> <span class='ocrx_word' id='word_1_250' title='bbox 1232 4560 1343 4643; x_wconf 86' lang='lat' dir='ltr'><strong>terris</strong></span> <span class='ocrx_word' id='word_1_251' title='bbox 1356 4569 1423 4643; x_wconf 88' lang='lat' dir='ltr'><strong>ent</strong></span> <span class='ocrx_word' id='word_1_252' title='bbox 1435 4559 1571 4642; x_wconf 86' lang='lat' dir='ltr'><strong>cestris</strong></span> <span class='ocrx_word' id='word_1_253' title='bbox 1585 4559 1665 4643; x_wconf 89' lang='lat' dir='ltr'><strong>suis</strong></span> <span class='ocrx_word' id='word_1_254' title='bbox 1680 4557 1879 4642; x_wconf 80' lang='lat' dir='ltr'><strong>aedificare</strong></span> <span class='ocrx_word' id='word_1_255' title='bbox 1890 4579 2002 4664; x_wconf 86' lang='lat' dir='ltr'><strong>prue-</strong></span> 
     </span>
     <span class='ocr_line' id='line_1_30' title="bbox 590 4685 2001 4802; baseline -0.002 -30"><span class='ocrx_word' id='word_1_256' title='bbox 590 4699 759 4772; x_wconf 85' lang='lat' dir='ltr'><strong>sumunt.</strong></span> <span class='ocrx_word' id='word_1_257' title='bbox 775 4735 831 4752; x_wconf 90' lang='lat'><strong>-·</strong></span> <span class='ocrx_word' id='word_1_258' title='bbox 847 4690 941 4774; x_wconf 87' lang='lat' dir='ltr'><strong>ltem</strong></span> <span class='ocrx_word' id='word_1_259' title='bbox 959 4693 1117 4775; x_wconf 82' lang='lat' dir='ltr'><strong>mandat</strong></span> <span class='ocrx_word' id='word_1_260' title='bbox 1134 4691 1358 4802; x_wconf 79' lang='lat' dir='ltr'><strong>generaliter</strong></span> <span class='ocrx_word' id='word_1_261' title='bbox 1376 4691 1560 4775; x_wconf 87' lang='lat' dir='ltr'><strong>univorsis</strong></span> <span class='ocrx_word' id='word_1_262' title='bbox 1573 4692 1640 4802; x_wconf 89' lang='lat' dir='ltr'><strong>qui</strong></span> <span class='ocrx_word' id='word_1_263' title='bbox 1655 4692 1704 4775; x_wconf 93' lang='lat' dir='ltr'><strong>de</strong></span> <span class='ocrx_word' id='word_1_264' title='bbox 1722 4689 1846 4776; x_wconf 82' lang='lat' dir='ltr'><strong>feudis</strong></span> <span class='ocrx_word' id='word_1_265' title='bbox 1858 4685 2001 4770; x_wconf 80' lang='lat' dir='ltr'><strong>servire</strong></span> 
     </span>
    </p>
   </div>
   <div class='ocr_carea' id='block_1_5' title="bbox 0 0 2326 6102">
    <p class='ocr_par' dir='ltr' id='par_1_6' title="bbox 0 0 2326 6102">
     <span class='ocr_line' id='line_1_31' title="bbox 0 0 2326 6102; baseline 0 0"><span class='ocrx_word' id='word_1_266' title='bbox 0 0 2326 6102; x_wconf 95' lang='lat' dir='ltr'><strong> </strong></span> 
     </span>
    </p>
   </div>
  </div>
 </body>
</html>
