4652 6092
572 645 633 710 5⁰2
1121 643 1431 711 initiationis„

572 780 848 876 Babeubergcnsi
865 779 1083 877 promisimus
1100 801 1163 876 pm
1184 781 1284 855 nobis
1302 792 1338 856 et
1356 803 1420 879 pro
1440 781 1565 856 nostris
1579 780 1766 856 heredibus
1785 805 1848 858 nos
1869 785 1982 861 invio·

572 906 719 979 labiliter
740 905 993 978 observaturos.
1011 905 1158 1002 Excepit
1178 905 1282 980 ctiam
1306 915 1515 981 memoratus
1534 906 1718 1003 epiecopus
1731 907 1849 980 villam
1871 909 1984 984 Nerit-

571 1029 661 1104 bach
680 1038 715 1102 et
730 1030 816 1102 alius
837 1028 937 1102 vitias
952 1029 1173 1103 intermedias
1186 1051 1298 1125 usque
1312 1033 1451 1104 Wiurer
1464 1053 1544 1104 cum
1562 1030 1636 1102 suis
1652 1031 1839 1104 attinentiis
1856 1033 1982 1108 liberas

571 1155 616 1228 ab
630 1155 724 1227 omni
736 1155 816 1248 jure
835 1153 1018 1228 advocatie
1034 1153 1101 1249 ipsi
1117 1163 1152 1226 et
1170 1154 1280 1250 ipsius
1302 1155 1444 1228 ecclesie
1459 1153 1674 1246 retinendos,
1691 1155 1738 1228 ita
1756 1165 1870 1230 tamen
1885 1159 1982 1253 qnod

572 1299 738 1350 numerus
765 1299 963 1352 mansorum
987 1277 1239 1350 duodenarium
1270 1299 1339 1352 non
1367 1278 1525 1352 excedat.
1551 1278 1593 1350 Et
1618 1287 1657 1351 ut
1681 1279 1745 1354 hec
1773 1303 1794 1354 a
1821 1282 1921 1354 nobis
1947 1293 1982 1356 et
2023 1335 2024 1338 ,

573 1413 689 1476 nostro
715 1400 785 1474 iilic
810 1403 1004 1496 nostrisque
1031 1401 1218 1474 heredibus
1238 1401 1337 1474 firma
1359 1411 1582 1498 permaneant
1606 1411 1640 1475 et
1662 1403 1880 1497 inconvulsa,
1899 1429 1982 1500 pre-

573 1537 704 1601 sentem
729 1527 891 1622 peginam
917 1527 1038 1622 sigiliis
1060 1527 1267 1600 serenissimi
1293 1526 1425 1600 domini
1453 1527 1559 1600 nostri
1589 1527 1725 1600 Henrici
1752 1528 1982 1602 Romanorum

572 1653 680 1744 regis,
701 1651 876 1724 Adalberii
892 1651 1199 1746 Magdeburgensis
1213 1651 1478 1748 archiepiscopi,
1496 1651 1675 1724 Eclreberti
1688 1653 1983 1748 Babenbergensis

573 1777 744 1873 episcopi,
770 1777 906 1849 Henrici
929 1777 1182 1850 Wormacenais
1208 1777 1381 1872 episcopi,
1408 1775 1545 1850 Henrici
1571 1776 1781 1873 Eystatensis
1808 1777 1981 1874 episcopi,

575 1901 738 1997 Leopoidi
760 1901 860 1974 ducis
882 1901 1021 1974 Austris
1042 1911 1077 1974 et
1095 1911 1210 1976 nostro
1232 1901 1410 1996 nostrique
1432 1899 1495 1972 filii
1522 1899 1655 1974 Ottonis
1680 1901 1824 1974 Paiatini
1849 1903 1984 1976 comitis

572 2027 682 2100 Rheni
701 2025 846 2098 fecimus
860 2025 1002 2098 muniri.
1734 2028 1739 2041 ’

621 2152 738 2224 Testes
761 2159 876 2222 autem
898 2149 945 2221 hii
972 2159 1053 2222 sunt
1070 2149 1253 2223 Conradus
1272 2149 1444 2246 prefectus
1463 2148 1509 2223 de
1527 2148 1746 2240 Niimberch,
1766 2149 1982 2225 Hermannus

575 2273 727 2346 marchio
745 2273 790 2348 de
807 2273 941 2364 Badeo,
962 2273 1164 2368 liudolphus
1182 2295 1297 2346 comes
1312 2273 1486 2347 Palatinus
1503 2273 1549 2348 de
1563 2273 1779 2368 Tuwingen,
1797 2275 1930 2348 Utricus
1947 2287 1983 2348 et

575 2397 795 2470 Eberhardus
814 2397 956 2470 comites
973 2397 1018 2470 de
1035 2397 1261 2490 Helienstain,
1277 2397 1495 2472 Eberhardus
1510 2405 1546 2470 et
1562 2397 1641 2470 Otto
1655 2398 1796 2470 comites
1813 2398 1858 2471 dc
1876 2398 1983 2472 Eber-

574 2521 679 2610 stein,
699 2521 927 2593 Hartmannus
946 2540 1060 2592 comes
1081 2519 1126 2594 de
1143 2521 1318 2616 Dilingen,
1336 2523 1506 2617 Rupertns
1523 2541 1638 2594 comeo
1655 2521 1701 2594 de
1717 2520 1843 2611 Castei,
1864 2521 1983 2594 Fride·

573 2648 665 2718 ricus
689 2645 733 2719 de
756 2644 1016 2740 Trudehingen,
1038 2644 1213 2718 Gotiridus
1238 2645 1284 2719 de
1307 2645 1519 2738 Hohinloeh,
1550 2699 1560 2717 .
1590 2699 1599 2718 .
1630 2699 1639 2718 .
1668 2645 1803 2741 dapifer
1825 2645 1870 2718 de
1889 2645 1983 2720 Wal-

573 2770 702 2862 burch‚
723 2769 900 2844 Conradus
924 2770 1088 2865 pincerna
1109 2770 1154 2843 de
1171 2769 1447 2858 Wintherstetin‚
1464 2769 1640 2845 Comadus
1662 2769 1708 2844 de
1726 2769 1929 2866 Winsperoh
1949 2780 1985 2843 et

569 2894 628 2967 alii
646 2895 880 2990 quamplures.

622 3018 707 3092 Acta
724 3027 804 3090 sunt
819 3017 884 3089 heo
896 3016 991 3112 apud
1003 3018 1177 3113 Esseiing,
1195 3039 1287 3092 anno
1299 3017 1436 3090 Domini
1448 3016 1691 3106 iiccxxviii,
1708 3017 1896 3092 indictione
1908 3019 1934 3092 1.

378 3693 442 3744 m
487 3647 527 3688 e·
628 3613 810 3698 chricus
827 3611 1089 3696 Romanorum
1104 3635 1172 3694 rex
1185 3606 1430 3718 conqueritur
1446 3603 1551 3716 qucd
1568 3602 1740 3714 quaestio
1752 3601 1801 3696 de
1818 3626 1981 3686 conces-

574 3747 680 3830 sione
692 3745 936 3830 investiturae
948 3752 986 3827 et
998 3742 1183 3855 regalium
1198 3740 1435 3852 episcopatus
1447 3736 1655 3822 Gcrlrensis
1666 3761 1734 3845 per
1748 3735 1981 3824 cmienmm

572 3882 790 3993 episcopum
813 3880 863 3962 ad
890 3878 1027 3962 Sedem
1050 3875 1297 3986 apostolicam
1318 3873 1424 3956 illata
1449 3871 1563 3955 inerit
1580 3868 1661 3982 (i),
1681 3879 1720 3954 et
1735 3870 1980 3954 111111111-

571 4014 699 4096 firmat
715 4014 819 4124 quod
838 4037 951 4122 super
972 4011 1046 4096 hoc
1072 4008 1224 4122 negotio
1245 4006 1406 4092 Romani
1426 4007 1671 4116 imperatores
1701 4003 1859 4114 pridem.
1876 3999 1979 4085 deii-

571 4149 735 4232 nierunt.

652 4337 817 4412 (Memorat.
830 4351 877 4415 ap.
894 4335 963 4397 Von
977 4335 1132 4410 11111111,
1146 4333 1298 4415 Reperire,
1312 4349 1341 4410 p.
1361 4337 1435 4404 111,
1450 4344 1484 4388 n⁰
1498 4337 1574 4404 115,
1589 4344 1626 4388 ex
1648 4328 1782 4408 originali
1805 4329 1836 4387 in
1859 4287 1981 4387 archivo

689 4443 871 4516 vindobon,
891 4444 944 4521 qui
965 4439 1054 4521 hujus
1073 4432 1242 4502 documenti
1263 4439 1429 4517 fragmenta
1445 4438 1546 4516 magni
1564 4437 1704 4496 momenti
1722 4433 1856 4505 exhibet,
1871 4437 1906 4492 ut
1927 4447 1980 4492 se-

691 4554 794 4631 quitur
805 4569 814 4610 =
825 4551 837 4627 )

607 4793 642 4866 tt)
661 4791 701 4851 Gi·
714 4809 743 4866 p.
758 4793 803 4862 it,
817 4797 875 4848 not.
888 4793 916 4849 i.
