4702 6110
547 645 608 708 416
1074 645 1244 710 lfllNllle
1269 649 1436 710 serttttt
1773 651 1852 732 [Arta.
1872 649 1957 712 123⁰.

547 788 585 861 et
598 777 759 860 Ernesto
776 776 825 860 dc
838 776 1080 884 Osnabriick‚
1096 779 1238 888 quibus
1253 781 1302 864 ad
1316 780 1625 865 reformationem
1638 779 1728 866 cleri
1742 791 1822 866 tam
1835 807 1959 894 regu-

548 910 640 994 laris
654 934 772 1021 qnam
787 909 968 992 sarulsus
981 909 1150 994 officium
1167 913 1392 996 visitationis
1409 914 1612 998 commisit.

629 1149 724 1224 (Edld.
743 1151 894 1225 Susam,
909 1149 1019 1212 Amat
1029 1149 1166 1228 Pudere,
1181 1159 1202 1215 t.
1218 1155 1259 1230 11,
1273 1171 1300 1234 p.
1319 1164 1348 1230 t,
1363 1154 1403 1216 ad
1415 1171 1484 1216 aun.
1501 1157 1600 1230 tato.)

596 1363 860 1438 venerabilibus
873 1365 909 1437 in
919 1363 1052 1439 Cbristc
1065 1365 1222 1462 patribus
1233 1367 1506 1456 llonastevienai,
1517 1367 1792 1442 Paderburucnsi
1806 1376 1841 1442 et
1852 1368 1962 1442 orna·

548 1489 712 1584 burgensi
728 1488 916 1584 episcopis,
934 1490 1013 1563 Otto
1025 1491 1243 1564 miseratione
1259 1490 1381 1564 divina
1399 1491 1516 1566 Sancti
1528 1491 1659 1566 Nicolai
1676 1492 1713 1564 in
1726 1513 1863 1566 carcere
1880 1493 1963 1564 Tul·

549 1615 641 1688 lianc
666 1611 833 1686 diaconus
858 1612 1043 1688 cardinalis
1068 1613 1253 1708 apostolica
1275 1612 1375 1686 Sedis
1400 1615 1533 1708 legatus
1560 1615 1708 1690 salutem
1738 1616 1776 1688 in
1798 1616 1958 1690 Domino.

550 1737 636 1810 Cum
652 1757 698 1810 ex
714 1737 870 1828 injuncto
886 1735 987 1808 nobis
1008 1735 1189 1830 legationis
1207 1734 1320 1808 officio
1338 1734 1385 1808 ad
1403 1745 1530 1809 statum
1552 1746 1588 1810 et
1606 1739 1880 1812 reformationem
1904 1761 1962 1812 ec·

550 1861 731 1934 clcsiarum
754 1859 936 1954 legationis
968 1869 1083 1932 nostra
1114 1859 1293 1932 intendere
1318 1869 1509 1952 teneamur,
1533 1861 1617 1958 quia
1636 1883 1698 1958 per
1717 1863 1793 1936 loca
1824 1863 1961 1957 singula

550 1985 743 2058 discurrere
763 2003 834 2055 non
858 2005 1041 2078 possumm
1058 2004 1120 2079 per
1145 1985 1334 2080 nosipsos,
1358 1983 1452 2058 viros
1468 1983 1514 2057 de
1529 2005 1679 2080 quorum
1702 1985 1907 2060 discretione
1927 1994 1963 2060 et

551 2112 728 2184 honestate
753 2107 960 2181 confidimus
981 2129 1044 2182 nos
1066 2107 1238 2182 interdum
1256 2117 1388 2204 oportet
1414 2107 1564 2203 dirigere
1576 2109 1638 2204 qui
1663 2111 1848 2207 suppleant
1868 2111 1964 2184 vices

552 2243 697 2309 nostras.
718 2232 820 2307 Unde
843 2253 923 2305 cum
939 2231 1075 2306 dilectis
1095 2233 1132 2304 in
1148 2233 1281 2306 Christo
1296 2233 1414 2306 abbati
1429 2232 1666 2308 bredelarcnsi
1689 2233 1821 2308 ordinis
1835 2233 1963 2308 Cister-

553 2359 698 2446 ricmis,
717 2357 880 2431 fratribus
896 2357 1053 2432 Conrado
1075 2356 1121 2430 da
1142 2358 1296 2432 lluxaria
1321 2357 1427 2454 priori
1451 2357 1654 2454 provinciali
1681 2357 1824 2430 fratrum
1847 2357 1963 2453 predi·

553 2495 706 2558 catorum
721 2482 911 2556 Thentonie
925 2493 960 2556 et
977 2483 1120 2556 Ernesto
1142 2483 1399 2576 Osuabrugansi
1413 2481 1571 2575 ejusdem
1588 2481 1720 2556 ordinis
1731 2479 1798 2578 (l),
1818 2481 1865 2554 de
1877 2502 1963 2576 quc·

553 2630 631 2680 rum
648 2607 721 2679 vita
736 2617 772 2678 ct
788 2606 931 2680 scientia
947 2608 1085 2702 plenam
1101 2606 1136 2678 in
1158 2605 1298 2680 dominc
1314 2605 1478 2679 fiduciam
1489 2605 1698 2696 obtinemus,
1716 2605 1843 2678 noscis
1856 2604 1963 2680 dede-

553 2733 662 2804 rimus
684 2730 838 2804 districte
861 2731 981 2802 litteris
1006 2730 1042 2802 in
1060 2729 1231 2826 preceptis
1260 2739 1300 2800 nt
1327 2730 1363 2802 in
1386 2729 1603 2804 monasteriis
1622 2729 1963 2804 tammonacborum

554 2878 659 2951 quam
674 2854 918 2927 canonicorum
934 2853 1144 2947 regularium
1160 2873 1308 2926 necnon
1329 2863 1364 2926 et
1378 2853 1414 2925 in
1435 2853 1664 2926 conventibus
1680 2874 1721 2926 uc
1739 2851 1964 2926 decanatibus

556 2979 757 3053 clericorum
782 2976 1006 3066 secrrlarium,
1033 2999 1113 3050 cum
1138 2977 1242 3049 etiam
1275 2998 1339 3050 vos
1363 2976 1613 3073 multiplicibus
1645 2977 1804 3072 occupati
1827 2974 1875 3049 ad
1899 2975 1964 3050 hac

556 3106 645 3178 sicut
670 3102 843 3176 credimus
869 3099 1048 3174 intendere
1073 3123 1141 3174 non
1162 3101 1320 3197 possitis,
1349 3101 1551 3197 impendant
1575 3100 1781 3174 visitationis
1796 3099 1960 3192 officium,

556 3229 633 3301 vice
651 3236 766 3300 nostra
787 3225 991 3319 corrigendo
1005 3235 1040 3298 et
1054 3224 1273 3298 reformando
1286 3234 1356 3298 tam
1371 3225 1532 3321 incapite
1548 3246 1654 3320 mam
1670 3224 1707 3298 in
1720 3225 1884 3298 membris
1895 3246 1965 3319 que

556 3350 773 3425 comestionis
796 3359 831 3422 et
854 3349 1103 3422 reformationis
1127 3349 1239 3422 officio
1263 3348 1432 3422 videbunt
1458 3347 1614 3444 indigere
1635 3345 1706 3444 (2);
1727 3349 1964 3444 paternitatem

557 3487 706 3548 vestram
726 3495 889 3568 rogamus
908 3481 943 3546 ct
960 3473 1183 3546 exhortamur
1206 3472 1243 3544 in
1261 3473 1408 3546 Domino
1429 3495 1501 3568 qna
1522 3471 1700 3566 fungimur
1722 3471 1824 3546 vobis
1845 3481 1963 3546 auctos

592 3786 628 3859 lt)
647 3785 686 3842 lle
703 3783 883 3842 visitatoribus
900 3797 949 3856 per
967 3781 1033 3838 alias
1049 3781 1220 3838 alemanniae
1231 3785 1321 3854 partes
1335 3779 1464 3838 ordinatis
1476 3779 1511 3838 ab
1525 3779 1620 3838 ecdem
1633 3779 1720 3854 legato
1731 3785 1761 3836 et
1775 3779 1810 3836 ds
1823 3777 1965 3837 severitate

555 3884 649 3958 quain
663 3882 789 3940 mmisscs
801 3879 946 3938 monachos
958 3880 1001 3936 usi
1014 3879 1139 3951 fuerunt,
1154 3878 1190 3936 cf.
1203 3879 1288 3938 Coun.
1302 3893 1339 3936 ua
1352 3879 1453 3936 Flam.
1471 3893 1517 3952 ap.
1530 3879 1636 3947 Parra,
1653 3879 1786 3948 Nonum„
1803 3877 1842 3948 11,
1860 3881 1922 3948 ⁴82,
1936 3883 1966 3934 ct

556 3981 682 4038 chronic.
695 3978 830 4054 Erpltord.
845 3994 889 4052 ap.
903 3979 1055 4049 Βοκιιιιι,
1068 3975 1176 4049 Fontes,
1189 3977 1227 4048 ΙΙ,
1252 3979 1313 4034 ³89.
1329 3977 1419 4047 Quum
1436 3981 1527 4034 autem
1547 3976 1713 4035 Dominicani
1733 3981 1844 4049 propter
1863 3974 1965 4034 ordinis

555 4081 700 4138 neumam
710 4078 901 4150 ardentemque
913 4076 999 4133 zelum
1015 4076 1130 4134 cacteris
1152 4075 1230 4134 invisi
1251 4075 1353 4142 forent,
1367 4074 1435 4133 baec
1453 4074 1599 4148 praecipua
1618 4087 1700 4132 causa
1717 4071 1767 4130 fuit
1783 4087 1833 4130 cur
1849 4072 1964 4130 mamma

552 4194 617 4252 pars
630 4177 693 4236 cleri
706 4181 762 4234 tam
775 4174 874 4232 cmiter
882 4173 1007 4230 cardinali
1020 4172 1163 4230 obstiterit.
1173 4171 1240 4232 Vide
1251 4171 1320 4230 infra
1331 4171 1383 4230 sub
1394 4172 1474 4246 bajus
1487 4172 1551 4230 anni
1562 4170 1616 4230 line
1623 4177 1653 4228 et
1658 4169 1693 4228 ad
1702 4169 1808 4228 initium
1815 4169 1962 4244 sequentia.

590 4275 625 4349 (2)
645 4275 743 4332 liutara
760 4288 804 4346 ap.
819 4270 962 4342 Sunium
977 4269 1057 4340 ibid,
1071 4287 1098 4344 p.
1115 4273 1150 4327 45
1163 4276 1191 4327 et
1208 4285 1297 4344 seqq„
1312 4269 1416 4326 litterae
1428 4267 1542 4328 Comadi
1560 4275 1589 4326 ct
1607 4265 1714 4326 Ernesti
1731 4281 1814 4340 super
1833 4265 1965 4324 divisione

556 4372 724 4446 episcopatus
736 4367 973 4439 Paderbnmensis,
986 4367 1064 4424 datae
1075 4382 1146 4425 anuo
1157 4365 1347 4425 incarnationis
1360 4367 1387 4424 lt
1398 4365 1439 4424 OE
1449 4365 1553 4437 xxxt,
1564 4364 1708 4422 indictione
1720 4363 1766 4435 tv,
1776 4363 1828 4421 Xll
1838 4361 1966 4421 kalendas

555 4469 694 4539 februarii,
709 4475 737 4525 et
749 4465 913 4525 confirmatio
931 4481 1014 4538 super
1030 4465 1159 4524 dudone
1176 4463 1305 4524 ecclesiae
1327 4464 1413 4522 sancti
1433 4463 1549 4522 Odelrici
1568 4463 1595 4519 in
1615 4460 1771 4520 Puderburn
1787 4460 1822 4518 ab
1840 4459 1966 4534 episcopo

556 4567 691 4625 bernardo
709 4579 839 4624 concessa
854 4584 868 4618 ι
884 4569 965 4637 prout
988 4561 1059 4620 idem
1087 4562 1212 4620 domiuus
1229 4562 1292 4621 Otto
1296 4603 1350 4618 .....
1368 4568 1432 4619 tunc
1449 4561 1577 4634 temporis
1597 4558 1742 4616 Teutouiae
1762 4557 1864 4632 legatas
1883 4556 1965 4614 dividi

558 4683 571 4716 s
585 4663 765 4721 mandavit...
776 4661 845 4720 Acts
857 4665 920 4719 urat
931 4659 983 4718 bec
994 4673 1064 4718 anuo
1079 4659 1184 4716 Domiti
1195 4660 1222 4718 ll
1238 4657 1280 4717 CC
1291 4658 1397 4728 XXXl,
1408 4656 1554 4714 indictione
1565 4657 1615 4727 tv,
1637 4669 1707 4712 anno
1725 4652 1897 4728 pcna’llcatus
1914 4651 1962 4721 111,

560 4781 571 4810 r
587 4761 646 4819 idus
658 4759 781 4834 januarii.
795 4777 808 4810 r
