4602 6084
341 658 495 744 lustres2]
795 649 988 714 HISTORIA
1013 649 1303 712 uirtotiavictt.

398 1241 871 1328 EodemannoFridericus
884 1265 989 1322 mare
997 1240 1310 1323 Mediterraneum
1325 1240 1520 1350 ingressus
1534 1253 1576 1323 ut
1588 1241 1751 1326 llomino

345 1389 475 1462 votum
489 1374 800 1485 peregrinationis
808 1375 1037 1482 persolveret
1049 1373 1089 1453 in
1103 1373 1232 1483 vigilia
1246 1372 1455 1456 Nativitatis
1468 1372 1600 1455 beatae
1613 1375 1751 1460 Mariae

345 1508 511 1618 Virginis
525 1507 627 1615 apud
641 1505 767 1587 Accon
782 1504 961 1613 applicuit
976 1503 1051 1614 (1).
1068 1503 1267 1586 Venientes
1280 1504 1314 1585 ei
1323 1503 1475 1585 obviem
1490 1504 1613 1586 clerus
1631 1516 1752 1592 terrae

346 1651 383 1724 et
395 1641 559 1749 populus
572 1665 661 1722 cum
670 1638 1034 1749 magnobonore,ut
1046 1646 1194 1719 tantum
1208 1636 1364 1719 decebat
1377 1637 1637 1746 vimm,illum
1650 1667 1752 1724 rece-

346 1782 496 1882 pemnt.
518 1771 787 1854 Verumtamen
810 1769 992 1880 quoniam
1019 1778 1202 1851 noverant
1223 1795 1311 1850 eum
1331 1795 1353 1850 a
1377 1795 1476 1878 papa
1494 1773 1752 1854 excommuni-

347 1915 493 2009 catum,
518 1929 595 1984 non
626 1903 660 1984 ei
687 1901 1063 1985 communicaverunt
1084 1902 1124 1982 in
1142 1901 1272 1984 osculo
1294 1928 1417 2010 neque
1448 1901 1488 1982 in
1515 1929 1666 2007 mensa,
1686 1906 1753 1987 sed

347 2035 620 2118 consuluerunt
628 2043 670 2116 ut
678 2033 834 2115 domino
842 2058 963 2141 papae
970 2031 1202 2114 satisfaciens
1211 2032 1403 2114 rediretad
1412 2033 1754 2116 sanctaelloclesiae

348 2167 531 2250 unitatem
550 2165 625 2276 (ἓ).
648 2165 850 2275 Templarii
869 2191 958 2248 vero
980 2165 1018 2245 in
1034 2165 1196 2247 adventu
1210 2164 1293 2274 ejus
1309 2164 1415 2246 flexis
1433 2165 1594 2274 genibus
1607 2167 1753 2249 adora-

348 2309 604 2404 verunteum‚
623 2325 749 2409 genua
766 2298 848 2408 ejus
870 2297 1131 2380 deosculantes
1137 2359 1217 2378 .....
1238 2298 1383 2380 Invenit
1401 2308 1528 2380 autem
1550 2299 1754 2407 imperator

349 2431 751 2539 principesetreetcres
764 2431 948 2514 exercitus
960 2431 1091 2540 populi
1104 2430 1319 2536 christiani,
1334 2432 1471 2514 ducem
1484 2433 1532 2514 de
1544 2432 1751 2543 Lemburg,

349 2563 604 2671 patriarcham
622 2563 1021 2673 Hierosolymitanum,
1040 2563 1341 2672 archiepiscopus
1359 2564 1624 2670 Nazarensem,
1643 2565 1755 2648 Cesa-

349 2696 511 2778 riensem
547 2705 584 2778 et
623 2695 931 2800 Narbonensem,
964 2695 1158 2803 episcopos
1191 2695 1350 2804 Angliae
1381 2697 1681 2780 Wintoniensem
1717 2709 1754 2782 et

349 2825 619 2934 livoniensem,
638 2829 842 2936 magistros
854 2827 1058 2936 Hospitalis
1075 2836 1113 2908 et
1126 2827 1460 2935 Tbeutonicorum,
1484 2831 1549 2939 qui
1568 2842 1755 2938 preerant

350 2961 574 3070 octingentis
597 2960 781 3042 militibus
806 2960 1016 3070 peregrinis
1037 2969 1075 3042 et
1090 2959 1279 3068 peditibus
1306 2962 1416 3070 quasi
1434 2962 1563 3044 decem
1583 2963 1752 3046 millibus

350 3330 450 3388 naun
458 3330 559 3403 iudicio
567 3331 656 3388 curiae
665 3331 741 3405 regni
754 3329 909 3388 lemseiem.
920 3330 966 3388 llle
975 3336 1073 3400 umen,
1086 3346 1149 3388 mox
1160 3336 1297 3404 comperto
1308 3331 1531 3405 quodimperater
1544 3331 1680 3406 praedicta
1691 3349 1755 3391 con·

350 3427 475 3485 ventione
486 3443 540 3484 non
554 3434 696 3485 mutentus
706 3428 794 3502 ipsum
811 3427 987 3502 personaliter
1000 3428 1100 3484 babere
1108 3427 1198 3497 vellet,
1216 3443 1288 3484 arma
1304 3443 1367 3485 suos
1379 3443 1476 3501 cepere
1490 3428 1567 3500 iubet
1581 3435 1608 3484 et
1624 3430 1757 3487 Nicosiam

351 3521 495 3593 proiectus,
507 3537 537 3580 se
551 3523 578 3578 in
590 3539 651 3580 arce
661 3523 837 3580 munitissima
852 3525 922 3580 Dies
936 3521 1061 3581 d'umour
1072 3524 1143 3580 dicta
1157 3524 1191 3580 ed
1202 3523 1381 3581 defensionem
1394 3531 1479 3598 parat.
1492 3525 1642 3582 Fridericus
1654 3527 1757 3584 vocatis

351 3617 386 3674 ad
402 3633 432 3675 se
446 3619 481 3674 de
493 3617 571 3692 Syria
585 3619 669 3692 copiis
681 3635 743 3676 cum
754 3619 876 3693 pn‘ncipe
890 3618 1057 3676 Antiocheno
1070 3619 1237 3692 dominisque
1250 3619 1349 3677 Gibleti
1361 3625 1390 3676 et
1402 3619 1517 3692 Sidonis,
1527 3621 1674 3678 iohannem
1685 3629 1759 3679 tenet

352 3713 508 3784 obsessum,
530 3715 617 3772 donec
632 3731 693 3771 cum
706 3731 739 3772 eo
752 3721 862 3788 pactum
873 3731 889 3770 a
902 3714 976 3772 curia
990 3714 1178 3772 confirmatum
1192 3715 1280 3772 denuo
1294 3721 1445 3788 componat.
1460 3717 1563 3773 Deinde
1575 3717 1757 3790 Fsvnugostam

351 3811 441 3880 vadit;
460 3813 545 3882 unde,
559 3811 677 3870 liberatis
695 3813 801 3870 duobus
812 3811 942 3868 lobannis
954 3810 1030 3882 titiis,
1048 3811 1098 3868 sed
1110 3812 1216 3884 juniore
1228 3811 1310 3885 Cypri
1324 3828 1386 3885 rege
1406 3827 1497 3869 secum
1512 3812 1642 3884 abducto,
1656 3813 1757 3886 Tyrum

354 3908 487 3982 proiectus
498 3915 548 3965 est.
561 3910 664 3966 mvn.
683 3910 797 3978 Sanun,
814 3909 865 3964 loc.
880 3925 955 3981 supr.
970 3907 1044 3964 citat.
1060 3937 1096 3950 -
1107 3909 1264 3978 boisum,
1279 3907 1326 3964 lib.
1336 3909 1358 3978 1,
1375 3925 1404 3981 p.
1415 3910 1522 3966 47-403.
1533 3938 1569 3950 -
1582 3907 1672 3964 Artde
1684 3911 1757 3965 otri·

351 4005 402 4079 fier
411 4005 447 4063 let
460 4004 544 4076 detes,
554 4007 576 4075 1,
593 4009 655 4064 lto.
665 4037 697 4051 -
706 4007 790 4064 Fsoa.
805 4007 943 4062 Busraon.
957 4006 1105 4064 Commeat.
1118 4005 1149 4062 de
1163 4007 1255 4080 cipro,
1269 4005 1335 4062 MSS
1347 4005 1392 4062 tol.
1406 4009 1440 4062 96
1452 4012 1479 4062 et
1489 4022 1564 4079 seqq.
1573 4037 1606 4048 -
1616 4007 1755 4079 Bsuesor,

351 4104 455 4159 Assiees
464 4101 660 4173 deltnuotcm,
672 4109 692 4160 t.
703 4105 725 4174 l,
740 4121 769 4177 p.
782 4107 844 4174 266,
855 4110 912 4159 not.
921 4105 954 4160 t.

389 4223 421 4298 (t)
440 4223 479 4281 ct.
492 4224 614 4282 munao.
630 4227 779 4296 unsina,
798 4227 923 4284 otene.
937 4228 970 4284 ad
983 4244 1046 4284 ann.
1062 4227 1107 4300 qui
1124 4227 1161 4282 ita
1177 4243 1183 4280 ι
1201 4247 1214 4280 α
1229 4227 1377 4300 Imperator
1390 4227 1465 4286 venit
1478 4227 1512 4286 ad
1529 4235 1627 4285 terram
1638 4235 1758 4286 sancum

354 4337 368 4370 s
382 4333 474 4376 meuse
487 4325 600 4393 augusto
614 4327 641 4377 et
653 4321 783 4395 applicuit
795 4322 866 4396 apud
878 4321 968 4378 decen
976 4321 1212 4395 etibipermaneit‚
1223 4320 1280 4390 ubi,
1289 4328 1319 4377 ut
1330 4323 1412 4394 aiunt,
1424 4323 1506 4381 multa
1516 4325 1642 4382 sustinuit
1650 4341 1683 4382 ex
1697 4343 1758 4400 per·

354 4432 369 4466 s
384 4413 436 4470 lida
449 4415 600 4488 pmditione
609 4418 830 4492 Templariorum.
845 4418 899 4475 Soli
913 4433 977 4475 vero
989 4417 1158 4491 Hospitalarii
1170 4418 1204 4474 de
1216 4417 1294 4475 domo
1305 4426 1412 4476 sanctam
1423 4421 1522 4478 Mariae
1535 4421 1759 4480 Theutonicorum

355 4530 370 4564 s
384 4511 498 4569 fideliter
517 4513 542 4570 ei
559 4515 710 4586 astiterunt,
731 4516 854 4572 similiter
869 4517 1018 4574 tanuenses
1031 4523 1059 4574 et
1071 4518 1159 4574 Pisani
1174 4518 1259 4574 etalii
1272 4518 1371 4575 milites
1385 4519 1431 4593 qui
1445 4535 1506 4576 cum
1521 4519 1580 4594 ipso
1597 4527 1625 4578 et
1637 4537 1687 4596 pro
1700 4521 1758 4596 ipsc

354 4627 369 4662 s
383 4609 553 4666 advenerant.
563 4611 657 4668 Veneti
668 4627 733 4668 vero
746 4612 935 4670 vacillabant.»

393 4733 426 4807 lt)
440 4734 507 4793 Vide
518 4735 586 4792 inira
600 4736 739 4810 epistolam
750 4737 889 4812 papalem,
906 4743 941 4795 30
954 4740 1093 4798 novembr.
1105 4741 1185 4814 hujus
1194 4741 1267 4814 anui,
1281 4758 1308 4815 p.
1322 4743 1367 4798 83.
