<?xml version="1.0" encoding="UTF-8"?>
<!DOCTYPE html PUBLIC "-//W3C//DTD XHTML 1.0 Transitional//EN"
    "http://www.w3.org/TR/xhtml1/DTD/xhtml1-transitional.dtd">
<html xmlns="http://www.w3.org/1999/xhtml" xml:lang="en" lang="en">
 <head>
  <title>
</title>
<meta http-equiv="Content-Type" content="text/html;charset=utf-8" />
  <meta name='ocr-system' content='tesseract 3.04.00' />
  <meta name='ocr-capabilities' content='ocr_page ocr_carea ocr_par ocr_line ocrx_word'/>
</head>
<body>
  <div class='ocr_page' id='page_1' title='image "./historiadiploma03fredgoog/historiadiploma03fredgoog_0305.png"; bbox 0 0 4710 6076; ppageno 0'>
   <div class='ocr_carea' id='block_1_1' title="bbox 564 519 1979 1254">
    <p class='ocr_par' dir='ltr' id='par_1_1' title="bbox 564 519 1979 1254">
     <span class='ocr_line' id='line_1_1' title="bbox 564 519 1976 610; baseline 0.007 -28"><span class='ocrx_word' id='word_1_1' title='bbox 564 519 625 582; x_wconf 74' lang='lat'><strong>296</strong></span> <span class='ocrx_word' id='word_1_2' title='bbox 1065 523 1278 586; x_wconf 73' lang='lat' dir='ltr'><strong>vatbttttct</strong></span> <span class='ocrx_word' id='word_1_3' title='bbox 1303 523 1479 586; x_wconf 79' lang='lat' dir='ltr'><strong>sttcttntttt</strong></span> <span class='ocrx_word' id='word_1_4' title='bbox 1791 525 1871 610; x_wconf 72' lang='lat' dir='ltr'><strong>[tiss.</strong></span> <span class='ocrx_word' id='word_1_5' title='bbox 1891 529 1976 592; x_wconf 79' lang='lat' dir='ltr'><strong>ttat.</strong></span> 
     </span>
     <span class='ocr_line' id='line_1_2' title="bbox 564 655 1978 754; baseline 0.006 -26"><span class='ocrx_word' id='word_1_6' title='bbox 564 679 658 730; x_wconf 89' lang='lat' dir='ltr'><strong>anno</strong></span> <span class='ocrx_word' id='word_1_7' title='bbox 673 655 808 752; x_wconf 89' lang='lat' dir='ltr'><strong>imperii</strong></span> <span class='ocrx_word' id='word_1_8' title='bbox 825 659 901 750; x_wconf 90' lang='lat' dir='ltr'><strong>ejus</strong></span> <span class='ocrx_word' id='word_1_9' title='bbox 916 659 984 748; x_wconf 87' lang='lat' dir='ltr'><strong>xt,</strong></span> <span class='ocrx_word' id='word_1_10' title='bbox 1003 659 1100 754; x_wconf 76' lang='lat' dir='ltr'><strong>regni</strong></span> <span class='ocrx_word' id='word_1_11' title='bbox 1118 659 1305 732; x_wconf 77' lang='lat' dir='ltr'><strong>Jerusalem</strong></span> <span class='ocrx_word' id='word_1_12' title='bbox 1326 661 1385 750; x_wconf 86' lang='lat' dir='ltr'><strong>vt,</strong></span> <span class='ocrx_word' id='word_1_13' title='bbox 1403 659 1501 754; x_wconf 74' lang='lat' dir='ltr'><strong>regni</strong></span> <span class='ocrx_word' id='word_1_14' title='bbox 1518 681 1602 734; x_wconf 90' lang='lat' dir='ltr'><strong>vero</strong></span> <span class='ocrx_word' id='word_1_15' title='bbox 1617 659 1731 734; x_wconf 82' lang='lat' dir='ltr'><strong>Sicilie</strong></span> <span class='ocrx_word' id='word_1_16' title='bbox 1752 663 1907 754; x_wconf 85' lang='lat' dir='ltr'>XXXIV,</span> <span class='ocrx_word' id='word_1_17' title='bbox 1929 667 1978 737; x_wconf 89' lang='lat' dir='ltr'><strong>le·</strong></span> 
     </span>
     <span class='ocr_line' id='line_1_3' title="bbox 565 781 826 854; baseline 0.004 -3"><span class='ocrx_word' id='word_1_18' title='bbox 565 781 686 854; x_wconf 90' lang='lat' dir='ltr'><strong>liciter.</strong></span> <span class='ocrx_word' id='word_1_19' title='bbox 703 781 826 854; x_wconf 77' lang='lat' dir='ltr'><strong>Amen.</strong></span> 
     </span>
     <span class='ocr_line' id='line_1_4' title="bbox 613 905 1835 1004; baseline 0.003 -26"><span class='ocrx_word' id='word_1_20' title='bbox 613 907 738 978; x_wconf 90' lang='lat' dir='ltr'><strong>Datum</strong></span> <span class='ocrx_word' id='word_1_21' title='bbox 757 905 793 978; x_wconf 94' lang='lat' dir='ltr'><strong>in</strong></span> <span class='ocrx_word' id='word_1_22' title='bbox 810 905 950 980; x_wconf 85' lang='lat' dir='ltr'><strong>civitate</strong></span> <span class='ocrx_word' id='word_1_23' title='bbox 965 905 1090 998; x_wconf 88' lang='lat' dir='ltr'><strong>Mellie,</strong></span> <span class='ocrx_word' id='word_1_24' title='bbox 1107 928 1212 998; x_wconf 87' lang='lat' dir='ltr'><strong>anno,</strong></span> <span class='ocrx_word' id='word_1_25' title='bbox 1231 917 1395 982; x_wconf 87' lang='lat' dir='ltr'><strong>menseet</strong></span> <span class='ocrx_word' id='word_1_26' title='bbox 1413 907 1601 982; x_wconf 82' lang='lat' dir='ltr'><strong>indictione</strong></span> <span class='ocrx_word' id='word_1_27' title='bbox 1618 909 1835 1004; x_wconf 85' lang='lat' dir='ltr'><strong>pretitulatis.</strong></span> 
     </span>
     <span class='ocr_line' id='line_1_5' title="bbox 614 1029 1979 1128; baseline 0.006 -26"><span class='ocrx_word' id='word_1_28' title='bbox 614 1030 759 1124; x_wconf 77' lang='lat' dir='ltr'><strong>Signum</strong></span> <span class='ocrx_word' id='word_1_29' title='bbox 783 1029 914 1102; x_wconf 90' lang='lat' dir='ltr'><strong>domini</strong></span> <span class='ocrx_word' id='word_1_30' title='bbox 940 1031 1046 1104; x_wconf 84' lang='lat' dir='ltr'><strong>nostri</strong></span> <span class='ocrx_word' id='word_1_31' title='bbox 1068 1030 1231 1105; x_wconf 90' lang='lat' dir='ltr'><strong>Friderici</strong></span> <span class='ocrx_word' id='word_1_32' title='bbox 1252 1032 1282 1104; x_wconf 96' lang='lat' dir='ltr'><strong>ll</strong></span> <span class='ocrx_word' id='word_1_33' title='bbox 1300 1033 1362 1106; x_wconf 87' lang='lat' dir='ltr'><strong>Dei</strong></span> <span class='ocrx_word' id='word_1_34' title='bbox 1382 1033 1492 1128; x_wconf 78' lang='lat' dir='ltr'><strong>gratia</strong></span> <span class='ocrx_word' id='word_1_35' title='bbox 1513 1033 1730 1106; x_wconf 76' lang='lat' dir='ltr'><strong>invictissimi</strong></span> <span class='ocrx_word' id='word_1_36' title='bbox 1750 1035 1979 1110; x_wconf 82' lang='lat' dir='ltr'><strong>Romanorum</strong></span> 
     </span>
     <span class='ocr_line' id='line_1_6' title="bbox 565 1153 1626 1254; baseline 0.002 -28"><span class='ocrx_word' id='word_1_37' title='bbox 565 1153 793 1250; x_wconf 84' lang='lat' dir='ltr'><strong>imperatoris,</strong></span> <span class='ocrx_word' id='word_1_38' title='bbox 810 1177 947 1251; x_wconf 91' lang='lat' dir='ltr'><strong>semper</strong></span> <span class='ocrx_word' id='word_1_39' title='bbox 962 1157 1115 1252; x_wconf 80' lang='lat' dir='ltr'><strong>augusti,</strong></span> <span class='ocrx_word' id='word_1_40' title='bbox 1136 1157 1323 1230; x_wconf 85' lang='lat' dir='ltr'><strong>Jemsalem</strong></span> <span class='ocrx_word' id='word_1_41' title='bbox 1338 1166 1373 1230; x_wconf 90' lang='lat' dir='ltr'><strong>et</strong></span> <span class='ocrx_word' id='word_1_42' title='bbox 1388 1159 1504 1232; x_wconf 88' lang='lat' dir='ltr'><strong>Sicilie</strong></span> <span class='ocrx_word' id='word_1_43' title='bbox 1521 1157 1626 1254; x_wconf 76' lang='lat' dir='ltr'><strong>regis.</strong></span> 
     </span>
    </p>
   </div>
   <div class='ocr_carea' id='block_1_2' title="bbox 802 1467 1746 1480">
    <p class='ocr_par' dir='ltr' id='par_1_2' title="bbox 802 1467 1746 1480">
     <span class='ocr_line' id='line_1_7' title="bbox 802 1467 1746 1480; baseline -0.001 1"><span class='ocrx_word' id='word_1_44' title='bbox 802 1467 1512 1480; x_wconf 50' lang='lat' dir='ltr'><strong>mmm</strong></span> <span class='ocrx_word' id='word_1_45' title='bbox 1519 1471 1538 1480; x_wconf 75' lang='lat'><strong>-=</strong></span> <span class='ocrx_word' id='word_1_46' title='bbox 1543 1470 1746 1480; x_wconf 64' lang='lat' dir='ltr'><strong>-a-——u—-a-n</strong></span> 
     </span>
    </p>
   </div>
   <div class='ocr_carea' id='block_1_3' title="bbox 475 1735 1983 2086">
    <p class='ocr_par' dir='ltr' id='par_1_3' title="bbox 475 1735 1983 2086">
     <span class='ocr_line' id='line_1_8' title="bbox 475 1735 1982 1848; baseline 0.003 -30"><span class='ocrx_word' id='word_1_47' title='bbox 475 1822 480 1834; x_wconf 71' lang='grc'><strong><em>,</em></strong></span> <span class='ocrx_word' id='word_1_48' title='bbox 621 1735 853 1840; x_wconf 82' lang='lat' dir='ltr'><strong>Fridericus,</strong></span> <span class='ocrx_word' id='word_1_49' title='bbox 877 1735 1138 1819; x_wconf 87' lang='lat' dir='ltr'><strong>Romanorum</strong></span> <span class='ocrx_word' id='word_1_50' title='bbox 1158 1735 1377 1846; x_wconf 88' lang='lat' dir='ltr'><strong>imperator,</strong></span> <span class='ocrx_word' id='word_1_51' title='bbox 1398 1735 1565 1819; x_wconf 86' lang='lat' dir='ltr'><strong>Gerardo</strong></span> <span class='ocrx_word' id='word_1_52' title='bbox 1585 1735 1866 1848; x_wconf 90' lang='lat' dir='ltr'><strong>archiepiscopo</strong></span> <span class='ocrx_word' id='word_1_53' title='bbox 1881 1737 1982 1822; x_wconf 91' lang='lat' dir='ltr'><strong>Bre-</strong></span> 
     </span>
     <span class='ocr_line' id='line_1_9' title="bbox 569 1865 1983 1978; baseline 0.001 -26"><span class='ocrx_word' id='word_1_54' title='bbox 569 1869 690 1954; x_wconf 90' lang='lat' dir='ltr'><strong>mensi</strong></span> <span class='ocrx_word' id='word_1_55' title='bbox 712 1879 749 1952; x_wconf 88' lang='lat' dir='ltr'><strong>et</strong></span> <span class='ocrx_word' id='word_1_56' title='bbox 772 1867 951 1952; x_wconf 90' lang='lat' dir='ltr'><strong>ecclcsiae</strong></span> <span class='ocrx_word' id='word_1_57' title='bbox 971 1867 1054 1978; x_wconf 87' lang='lat' dir='ltr'><strong>ejus</strong></span> <span class='ocrx_word' id='word_1_58' title='bbox 1074 1869 1205 1952; x_wconf 91' lang='lat' dir='ltr'><strong>omnia</strong></span> <span class='ocrx_word' id='word_1_59' title='bbox 1224 1865 1326 1952; x_wconf 89' lang='lat' dir='ltr'><strong>bona</strong></span> <span class='ocrx_word' id='word_1_60' title='bbox 1346 1895 1370 1950; x_wconf 93' lang='lat' dir='ltr'><strong>a</strong></span> <span class='ocrx_word' id='word_1_61' title='bbox 1387 1868 1739 1978; x_wconf 78' lang='lat' dir='ltr'><strong>praedecessoribus</strong></span> <span class='ocrx_word' id='word_1_62' title='bbox 1763 1871 1842 1954; x_wconf 91' lang='lat' dir='ltr'><strong>suis</strong></span> <span class='ocrx_word' id='word_1_63' title='bbox 1860 1872 1983 1956; x_wconf 89' lang='lat' dir='ltr'><strong>eidem</strong></span> 
     </span>
     <span class='ocr_line' id='line_1_10' title="bbox 574 2000 1135 2086; baseline -0.007 0"><span class='ocrx_word' id='word_1_64' title='bbox 574 2001 753 2086; x_wconf 88' lang='lat' dir='ltr'><strong>ecclesiae</strong></span> <span class='ocrx_word' id='word_1_65' title='bbox 767 2000 907 2084; x_wconf 88' lang='lat' dir='ltr'><strong>collata</strong></span> <span class='ocrx_word' id='word_1_66' title='bbox 921 2001 1135 2086; x_wconf 86' lang='lat' dir='ltr'><strong>confirmat.</strong></span> 
     </span>
    </p>
   </div>
   <div class='ocr_carea' id='block_1_4' title="bbox 652 2189 1984 2404">
    <p class='ocr_par' dir='ltr' id='par_1_4' title="bbox 652 2189 1984 2404">
     <span class='ocr_line' id='line_1_11' title="bbox 652 2189 1984 2296; baseline 0.001 -19"><span class='ocrx_word' id='word_1_67' title='bbox 652 2216 749 2296; x_wconf 83' lang='lat' dir='ltr'><strong>(Sdlt.</strong></span> <span class='ocrx_word' id='word_1_68' title='bbox 772 2231 821 2294; x_wconf 89' lang='lat' dir='ltr'><strong>up.</strong></span> <span class='ocrx_word' id='word_1_69' title='bbox 842 2217 960 2291; x_wconf 81' lang='lat' dir='ltr'><strong>Lumo,</strong></span> <span class='ocrx_word' id='word_1_70' title='bbox 979 2213 1386 2288; x_wconf 54' lang='lat' dir='ltr'><strong>secrctamsecretam.</strong></span> <span class='ocrx_word' id='word_1_71' title='bbox 1404 2215 1463 2288; x_wconf 85' lang='lat' dir='ltr'><strong>tx,</strong></span> <span class='ocrx_word' id='word_1_72' title='bbox 1479 2217 1643 2277; x_wconf 83' lang='lat' dir='ltr'><strong>continuat.</strong></span> <span class='ocrx_word' id='word_1_73' title='bbox 1659 2189 1691 2294; x_wconf 30' lang='lat' dir='ltr'><strong>p..</strong></span> <span class='ocrx_word' id='word_1_74' title='bbox 1712 2225 1780 2279; x_wconf 75' lang='lat' dir='ltr'><strong>tlt.</strong></span> <span class='ocrx_word' id='word_1_75' title='bbox 1794 2249 1832 2262; x_wconf 97' lang='lat'>-</span> <span class='ocrx_word' id='word_1_76' title='bbox 1843 2217 1984 2280; x_wconf 70' lang='lat' dir='ltr'><strong>Loum-</strong></span> 
     </span>
     <span class='ocr_line' id='line_1_12' title="bbox 688 2320 1566 2404; baseline 0.002 -20"><span class='ocrx_word' id='word_1_77' title='bbox 688 2341 778 2398; x_wconf 83' lang='lat' dir='ltr'><strong>nmo,</strong></span> <span class='ocrx_word' id='word_1_78' title='bbox 797 2321 867 2385; x_wconf 84' lang='lat' dir='ltr'><strong>Cod.</strong></span> <span class='ocrx_word' id='word_1_79' title='bbox 883 2320 1032 2402; x_wconf 69' lang='lat' dir='ltr'><strong>diplomat.</strong></span> <span class='ocrx_word' id='word_1_80' title='bbox 1048 2320 1222 2404; x_wconf 62' lang='lat' dir='ltr'><strong>uastum,</strong></span> <span class='ocrx_word' id='word_1_81' title='bbox 1235 2339 1267 2400; x_wconf 90' lang='lat' dir='ltr'><strong>p.</strong></span> <span class='ocrx_word' id='word_1_82' title='bbox 1284 2331 1355 2397; x_wconf 79' lang='lat' dir='ltr'><strong>mc,</strong></span> <span class='ocrx_word' id='word_1_83' title='bbox 1368 2323 1566 2395; x_wconf 74' lang='lat' dir='ltr'>n0CDXCV.)</span> 
     </span>
    </p>
   </div>
   <div class='ocr_carea' id='block_1_5' title="bbox 570 2507 2136 2855">
    <p class='ocr_par' dir='ltr' id='par_1_5' title="bbox 570 2507 2136 2855">
     <span class='ocr_line' id='line_1_13' title="bbox 619 2507 1985 2586; baseline -0.001 -1"><span class='ocrx_word' id='word_1_84' title='bbox 619 2511 813 2586; x_wconf 90' lang='lat' dir='ltr'><strong>innomine</strong></span> <span class='ocrx_word' id='word_1_85' title='bbox 835 2519 952 2582; x_wconf 90' lang='lat' dir='ltr'><strong>sancte</strong></span> <span class='ocrx_word' id='word_1_86' title='bbox 976 2519 1011 2581; x_wconf 91' lang='lat' dir='ltr'><strong>et</strong></span> <span class='ocrx_word' id='word_1_87' title='bbox 1035 2507 1220 2582; x_wconf 91' lang='lat' dir='ltr'><strong>individue</strong></span> <span class='ocrx_word' id='word_1_88' title='bbox 1234 2508 1420 2582; x_wconf 79' lang='lat' dir='ltr'><strong>Trinitatis.</strong></span> <span class='ocrx_word' id='word_1_89' title='bbox 1440 2509 1635 2582; x_wconf 87' lang='lat' dir='ltr'><strong>Fridericus</strong></span> <span class='ocrx_word' id='word_1_90' title='bbox 1663 2510 1840 2584; x_wconf 88' lang='lat' dir='ltr'><strong>secundus</strong></span> <span class='ocrx_word' id='word_1_91' title='bbox 1865 2509 1985 2584; x_wconf 89' lang='lat' dir='ltr'><strong>divina</strong></span> 
     </span>
     <span class='ocr_line' id='line_1_14' title="bbox 570 2633 1987 2730; baseline -0.004 -20"><span class='ocrx_word' id='word_1_92' title='bbox 570 2640 707 2710; x_wconf 81' lang='lat' dir='ltr'><strong>favente</strong></span> <span class='ocrx_word' id='word_1_93' title='bbox 728 2633 908 2708; x_wconf 87' lang='lat' dir='ltr'><strong>clementia</strong></span> <span class='ocrx_word' id='word_1_94' title='bbox 928 2633 1159 2706; x_wconf 85' lang='lat' dir='ltr'><strong>Romanorum</strong></span> <span class='ocrx_word' id='word_1_95' title='bbox 1175 2633 1372 2730; x_wconf 85' lang='lat' dir='ltr'><strong>imperator,</strong></span> <span class='ocrx_word' id='word_1_96' title='bbox 1394 2653 1530 2728; x_wconf 91' lang='lat' dir='ltr'><strong>semper</strong></span> <span class='ocrx_word' id='word_1_97' title='bbox 1547 2645 1733 2728; x_wconf 79' lang='lat' dir='ltr'><strong>augustus,</strong></span> <span class='ocrx_word' id='word_1_98' title='bbox 1752 2633 1938 2709; x_wconf 87' lang='lat' dir='ltr'><strong>Jerusalem</strong></span> <span class='ocrx_word' id='word_1_99' title='bbox 1952 2643 1987 2706; x_wconf 90' lang='lat' dir='ltr'><strong>et</strong></span> 
     </span>
     <span class='ocr_line' id='line_1_15' title="bbox 570 2749 2136 2855; baseline -0.006 -19"><span class='ocrx_word' id='word_1_100' title='bbox 570 2762 685 2836; x_wconf 87' lang='lat' dir='ltr'><strong>Sicilie</strong></span> <span class='ocrx_word' id='word_1_101' title='bbox 710 2781 788 2832; x_wconf 86' lang='lat' dir='ltr'><strong>rex.</strong></span> <span class='ocrx_word' id='word_1_102' title='bbox 812 2760 852 2829; x_wconf 95' lang='lat' dir='ltr'><strong>ln</strong></span> <span class='ocrx_word' id='word_1_103' title='bbox 870 2767 1055 2854; x_wconf 86' lang='lat' dir='ltr'><strong>conspectu</strong></span> <span class='ocrx_word' id='word_1_104' title='bbox 1075 2757 1236 2830; x_wconf 91' lang='lat' dir='ltr'><strong>culminis</strong></span> <span class='ocrx_word' id='word_1_105' title='bbox 1260 2757 1367 2830; x_wconf 89' lang='lat' dir='ltr'><strong>nostri</strong></span> <span class='ocrx_word' id='word_1_106' title='bbox 1391 2765 1485 2829; x_wconf 91' lang='lat' dir='ltr'><strong>tanto</strong></span> <span class='ocrx_word' id='word_1_107' title='bbox 1508 2759 1729 2831; x_wconf 75' lang='lat' dir='ltr'><strong>favorabilius</strong></span> <span class='ocrx_word' id='word_1_108' title='bbox 1750 2779 1869 2855; x_wconf 87' lang='lat' dir='ltr'><strong>preces</strong></span> <span class='ocrx_word' id='word_1_109' title='bbox 1890 2757 1986 2854; x_wconf 90' lang='lat' dir='ltr'><strong>prin·</strong></span> <span class='ocrx_word' id='word_1_110' title='bbox 2126 2749 2136 2764; x_wconf 63' lang='grc'><em>“</em></span> 
     </span>
    </p>
   </div>
   <div class='ocr_carea' id='block_1_6' title="bbox 572 2881 1992 4721">
    <p class='ocr_par' dir='ltr' id='par_1_6' title="bbox 572 2881 1992 4721">
     <span class='ocr_line' id='line_1_16' title="bbox 573 2881 1987 2984; baseline -0.004 -25"><span class='ocrx_word' id='word_1_111' title='bbox 573 2889 690 2984; x_wconf 91' lang='lat' dir='ltr'><strong>cipum</strong></span> <span class='ocrx_word' id='word_1_112' title='bbox 717 2883 946 2958; x_wconf 86' lang='lat' dir='ltr'><strong>admittuntur</strong></span> <span class='ocrx_word' id='word_1_113' title='bbox 973 2891 1103 2976; x_wconf 89' lang='lat' dir='ltr'><strong>quanto</strong></span> <span class='ocrx_word' id='word_1_114' title='bbox 1125 2881 1312 2976; x_wconf 77' lang='lat' dir='ltr'><strong>porrigitur</strong></span> <span class='ocrx_word' id='word_1_115' title='bbox 1336 2901 1450 2952; x_wconf 86' lang='lat' dir='ltr'><strong>corum</strong></span> <span class='ocrx_word' id='word_1_116' title='bbox 1480 2881 1579 2954; x_wconf 91' lang='lat' dir='ltr'><strong>nobis</strong></span> <span class='ocrx_word' id='word_1_117' title='bbox 1608 2883 1737 2972; x_wconf 80' lang='lat' dir='ltr'><strong>gratior</strong></span> <span class='ocrx_word' id='word_1_118' title='bbox 1761 2882 1987 2979; x_wconf 85' lang='lat' dir='ltr'><strong>supplicantis</strong></span> 
     </span>
     <span class='ocr_line' id='line_1_17' title="bbox 572 3005 1988 3100; baseline -0.005 -16"><span class='ocrx_word' id='word_1_119' title='bbox 572 3011 715 3084; x_wconf 87' lang='lat' dir='ltr'><strong>allectus</strong></span> <span class='ocrx_word' id='word_1_120' title='bbox 731 3019 765 3082; x_wconf 88' lang='lat' dir='ltr'><strong>et</strong></span> <span class='ocrx_word' id='word_1_121' title='bbox 782 3007 889 3100; x_wconf 79' lang='lat' dir='ltr'><strong>digna</strong></span> <span class='ocrx_word' id='word_1_122' title='bbox 906 3016 958 3080; x_wconf 88' lang='lat' dir='ltr'><strong>est</strong></span> <span class='ocrx_word' id='word_1_123' title='bbox 979 3005 1204 3078; x_wconf 87' lang='lat' dir='ltr'><strong>exauditione</strong></span> <span class='ocrx_word' id='word_1_124' title='bbox 1225 3005 1346 3100; x_wconf 87' lang='lat' dir='ltr'><strong>petitio</strong></span> <span class='ocrx_word' id='word_1_125' title='bbox 1362 3026 1467 3100; x_wconf 90' lang='lat' dir='ltr'><strong>qnam</strong></span> <span class='ocrx_word' id='word_1_126' title='bbox 1487 3015 1671 3100; x_wconf 87' lang='lat' dir='ltr'><strong>presentet.</strong></span> <span class='ocrx_word' id='word_1_127' title='bbox 1695 3007 1781 3080; x_wconf 87' lang='lat' dir='ltr'><strong>Hinc</strong></span> <span class='ocrx_word' id='word_1_128' title='bbox 1799 3017 1851 3080; x_wconf 89' lang='lat' dir='ltr'><strong>cst</strong></span> <span class='ocrx_word' id='word_1_129' title='bbox 1871 3007 1988 3100; x_wconf 86' lang='lat' dir='ltr'><strong>itaque</strong></span> 
     </span>
     <span class='ocr_line' id='line_1_18' title="bbox 572 3129 1987 3230; baseline -0.004 -23"><span class='ocrx_word' id='word_1_130' title='bbox 572 3133 668 3230; x_wconf 88' lang='lat' dir='ltr'><strong>quod</strong></span> <span class='ocrx_word' id='word_1_131' title='bbox 686 3133 836 3230; x_wconf 88' lang='lat' dir='ltr'><strong>presenti</strong></span> <span class='ocrx_word' id='word_1_132' title='bbox 853 3131 980 3226; x_wconf 89' lang='lat' dir='ltr'><strong>scripto</strong></span> <span class='ocrx_word' id='word_1_133' title='bbox 1003 3139 1121 3203; x_wconf 93' lang='lat' dir='ltr'><strong>notum</strong></span> <span class='ocrx_word' id='word_1_134' title='bbox 1141 3129 1215 3204; x_wconf 87' lang='lat' dir='ltr'><strong>fieri</strong></span> <span class='ocrx_word' id='word_1_135' title='bbox 1235 3131 1397 3202; x_wconf 91' lang='lat' dir='ltr'><strong>volumus</strong></span> <span class='ocrx_word' id='word_1_136' title='bbox 1415 3129 1589 3202; x_wconf 87' lang='lat' dir='ltr'><strong>modernis</strong></span> <span class='ocrx_word' id='word_1_137' title='bbox 1605 3140 1640 3202; x_wconf 91' lang='lat' dir='ltr'><strong>ct</strong></span> <span class='ocrx_word' id='word_1_138' title='bbox 1659 3131 1803 3226; x_wconf 90' lang='lat' dir='ltr'><strong>posteris</strong></span> <span class='ocrx_word' id='word_1_139' title='bbox 1820 3131 1987 3204; x_wconf 83' lang='lat' dir='ltr'><strong>universis</strong></span> 
     </span>
     <span class='ocr_line' id='line_1_19' title="bbox 573 3252 1988 3354; baseline -0.001 -25"><span class='ocrx_word' id='word_1_140' title='bbox 573 3259 766 3354; x_wconf 86' lang='lat' dir='ltr'><strong>quodcum</strong></span> <span class='ocrx_word' id='word_1_141' title='bbox 786 3255 933 3327; x_wconf 89' lang='lat' dir='ltr'><strong>dilectus</strong></span> <span class='ocrx_word' id='word_1_142' title='bbox 947 3254 1107 3350; x_wconf 90' lang='lat' dir='ltr'><strong>princeps</strong></span> <span class='ocrx_word' id='word_1_143' title='bbox 1122 3263 1237 3326; x_wconf 88' lang='lat' dir='ltr'><strong>noster</strong></span> <span class='ocrx_word' id='word_1_144' title='bbox 1251 3252 1292 3324; x_wconf 88' lang='lat' dir='ltr'><strong>G.</strong></span> <span class='ocrx_word' id='word_1_145' title='bbox 1314 3253 1522 3326; x_wconf 85' lang='lat' dir='ltr'><strong>venerabilis</strong></span> <span class='ocrx_word' id='word_1_146' title='bbox 1536 3255 1730 3326; x_wconf 90' lang='lat' dir='ltr'><strong>Bremensis</strong></span> <span class='ocrx_word' id='word_1_147' title='bbox 1752 3253 1988 3350; x_wconf 86' lang='lat' dir='ltr'><strong>archiepisco-</strong></span> 
     </span>
     <span class='ocr_line' id='line_1_20' title="bbox 575 3377 1988 3494; baseline -0.004 -38"><span class='ocrx_word' id='word_1_148' title='bbox 575 3405 642 3480; x_wconf 93' lang='lat' dir='ltr'><strong>pus</strong></span> <span class='ocrx_word' id='word_1_149' title='bbox 657 3390 773 3494; x_wconf 61' lang='lat' dir='ltr'><strong>nostre</strong></span> <span class='ocrx_word' id='word_1_150' title='bbox 786 3379 984 3452; x_wconf 91' lang='lat' dir='ltr'><strong>celsitudini</strong></span> <span class='ocrx_word' id='word_1_151' title='bbox 1001 3377 1204 3474; x_wconf 87' lang='lat' dir='ltr'><strong>supplicarit</strong></span> <span class='ocrx_word' id='word_1_152' title='bbox 1224 3387 1262 3449; x_wconf 94' lang='lat' dir='ltr'><strong>ut</strong></span> <span class='ocrx_word' id='word_1_153' title='bbox 1280 3377 1398 3451; x_wconf 89' lang='lat' dir='ltr'><strong>omnia</strong></span> <span class='ocrx_word' id='word_1_154' title='bbox 1412 3379 1504 3452; x_wconf 85' lang='lat' dir='ltr'><strong>bona</strong></span> <span class='ocrx_word' id='word_1_155' title='bbox 1520 3400 1590 3472; x_wconf 91' lang='lat' dir='ltr'><strong>quc</strong></span> <span class='ocrx_word' id='word_1_156' title='bbox 1604 3379 1862 3474; x_wconf 86' lang='lat' dir='ltr'><strong>predecessores</strong></span> <span class='ocrx_word' id='word_1_157' title='bbox 1879 3379 1988 3452; x_wconf 89' lang='lat' dir='ltr'><strong>nostri</strong></span> 
     </span>
     <span class='ocr_line' id='line_1_21' title="bbox 576 3501 1989 3604; baseline -0.004 -24"><span class='ocrx_word' id='word_1_158' title='bbox 576 3509 633 3604; x_wconf 93' lang='lat' dir='ltr'><strong>pic</strong></span> <span class='ocrx_word' id='word_1_159' title='bbox 649 3503 895 3578; x_wconf 86' lang='lat' dir='ltr'><strong>recordationis</strong></span> <span class='ocrx_word' id='word_1_160' title='bbox 910 3502 1048 3598; x_wconf 81' lang='lat' dir='ltr'><strong>augusti</strong></span> <span class='ocrx_word' id='word_1_161' title='bbox 1065 3501 1111 3576; x_wconf 91' lang='lat' dir='ltr'><strong>de</strong></span> <span class='ocrx_word' id='word_1_162' title='bbox 1125 3503 1243 3576; x_wconf 86' lang='lat' dir='ltr'><strong>innata</strong></span> <span class='ocrx_word' id='word_1_163' title='bbox 1256 3523 1376 3576; x_wconf 92' lang='lat' dir='ltr'><strong>eorum</strong></span> <span class='ocrx_word' id='word_1_164' title='bbox 1390 3502 1591 3574; x_wconf 86' lang='lat' dir='ltr'><strong>liberalitate</strong></span> <span class='ocrx_word' id='word_1_165' title='bbox 1604 3501 1903 3598; x_wconf 88' lang='lat' dir='ltr'><strong>predecessoribus</strong></span> <span class='ocrx_word' id='word_1_166' title='bbox 1916 3504 1989 3576; x_wconf 89' lang='lat' dir='ltr'><strong>suis</strong></span> 
     </span>
     <span class='ocr_line' id='line_1_22' title="bbox 576 3625 1986 3720; baseline -0.004 -15"><span class='ocrx_word' id='word_1_167' title='bbox 576 3641 611 3705; x_wconf 90' lang='lat' dir='ltr'><strong>et</strong></span> <span class='ocrx_word' id='word_1_168' title='bbox 627 3627 801 3703; x_wconf 90' lang='lat' dir='ltr'><strong>Bremensi</strong></span> <span class='ocrx_word' id='word_1_169' title='bbox 819 3625 963 3700; x_wconf 87' lang='lat' dir='ltr'><strong>ecclesic</strong></span> <span class='ocrx_word' id='word_1_170' title='bbox 979 3627 1196 3699; x_wconf 90' lang='lat' dir='ltr'><strong>contulerunt</strong></span> <span class='ocrx_word' id='word_1_171' title='bbox 1211 3626 1255 3700; x_wconf 92' lang='lat' dir='ltr'><strong>de</strong></span> <span class='ocrx_word' id='word_1_172' title='bbox 1273 3636 1389 3700; x_wconf 86' lang='lat' dir='ltr'><strong>nostra</strong></span> <span class='ocrx_word' id='word_1_173' title='bbox 1404 3626 1629 3720; x_wconf 79' lang='lat' dir='ltr'><strong>dignaremur</strong></span> <span class='ocrx_word' id='word_1_174' title='bbox 1646 3627 1755 3718; x_wconf 83' lang='lat' dir='ltr'><strong>gratia</strong></span> <span class='ocrx_word' id='word_1_175' title='bbox 1771 3627 1986 3715; x_wconf 85' lang='lat' dir='ltr'><strong>confirmare,</strong></span> 
     </span>
     <span class='ocr_line' id='line_1_23' title="bbox 577 3747 1990 3858; baseline -0.004 -32"><span class='ocrx_word' id='word_1_176' title='bbox 577 3775 639 3828; x_wconf 92' lang='lat' dir='ltr'><strong>nos</strong></span> <span class='ocrx_word' id='word_1_177' title='bbox 653 3752 868 3826; x_wconf 87' lang='lat' dir='ltr'><strong>attendentes</strong></span> <span class='ocrx_word' id='word_1_178' title='bbox 881 3757 977 3846; x_wconf 79' lang='lat' dir='ltr'><strong>grata</strong></span> <span class='ocrx_word' id='word_1_179' title='bbox 992 3749 1162 3858; x_wconf 36' lang='lat' dir='ltr'><strong>etvdevota</strong></span> <span class='ocrx_word' id='word_1_180' title='bbox 1179 3750 1318 3823; x_wconf 86' lang='lat' dir='ltr'><strong>servitia</strong></span> <span class='ocrx_word' id='word_1_181' title='bbox 1330 3771 1400 3844; x_wconf 91' lang='lat' dir='ltr'><strong>que</strong></span> <span class='ocrx_word' id='word_1_182' title='bbox 1414 3747 1528 3822; x_wconf 92' lang='lat' dir='ltr'><strong>dictus</strong></span> <span class='ocrx_word' id='word_1_183' title='bbox 1543 3751 1701 3844; x_wconf 90' lang='lat' dir='ltr'><strong>princeps</strong></span> <span class='ocrx_word' id='word_1_184' title='bbox 1715 3751 1827 3842; x_wconf 90' lang='lat' dir='ltr'><strong>nobis,</strong></span> <span class='ocrx_word' id='word_1_185' title='bbox 1843 3751 1990 3824; x_wconf 85' lang='lat' dir='ltr'><strong>ilenrico</strong></span> 
     </span>
     <span class='ocr_line' id='line_1_24' title="bbox 577 3873 1991 3968; baseline -0.006 -17"><span class='ocrx_word' id='word_1_186' title='bbox 577 3877 699 3951; x_wconf 89' lang='lat' dir='ltr'><strong>illustri</strong></span> <span class='ocrx_word' id='word_1_187' title='bbox 715 3879 946 3950; x_wconf 84' lang='lat' dir='ltr'><strong>Romanorum</strong></span> <span class='ocrx_word' id='word_1_188' title='bbox 965 3873 1038 3968; x_wconf 81' lang='lat' dir='ltr'><strong>regi</strong></span> <span class='ocrx_word' id='word_1_189' title='bbox 1057 3873 1234 3945; x_wconf 86' lang='lat' dir='ltr'><strong>carissimo</strong></span> <span class='ocrx_word' id='word_1_190' title='bbox 1249 3873 1320 3946; x_wconf 91' lang='lat' dir='ltr'><strong>filio</strong></span> <span class='ocrx_word' id='word_1_191' title='bbox 1335 3883 1451 3946; x_wconf 85' lang='lat' dir='ltr'><strong>nostro</strong></span> <span class='ocrx_word' id='word_1_192' title='bbox 1468 3883 1502 3944; x_wconf 91' lang='lat' dir='ltr'><strong>et</strong></span> <span class='ocrx_word' id='word_1_193' title='bbox 1520 3873 1664 3968; x_wconf 90' lang='lat' dir='ltr'><strong>imperio</strong></span> <span class='ocrx_word' id='word_1_194' title='bbox 1681 3895 1817 3968; x_wconf 89' lang='lat' dir='ltr'><strong>semper</strong></span> <span class='ocrx_word' id='word_1_195' title='bbox 1831 3873 1991 3946; x_wconf 87' lang='lat' dir='ltr'><strong>exhibuit</strong></span> 
     </span>
     <span class='ocr_line' id='line_1_25' title="bbox 577 3997 1991 4094; baseline -0.005 -17"><span class='ocrx_word' id='word_1_196' title='bbox 577 4015 612 4077; x_wconf 92' lang='lat' dir='ltr'><strong>ct</strong></span> <span class='ocrx_word' id='word_1_197' title='bbox 634 4003 777 4076; x_wconf 80' lang='lat' dir='ltr'><strong>exbibet</strong></span> <span class='ocrx_word' id='word_1_198' title='bbox 801 4001 1010 4072; x_wconf 85' lang='lat' dir='ltr'><strong>incessanter</strong></span> <span class='ocrx_word' id='word_1_199' title='bbox 1030 4008 1065 4070; x_wconf 90' lang='lat' dir='ltr'><strong>et</strong></span> <span class='ocrx_word' id='word_1_200' title='bbox 1090 3998 1237 4092; x_wconf 82' lang='lat' dir='ltr'><strong>gratiora</strong></span> <span class='ocrx_word' id='word_1_201' title='bbox 1261 3998 1306 4070; x_wconf 91' lang='lat' dir='ltr'><strong>de</strong></span> <span class='ocrx_word' id='word_1_202' title='bbox 1326 4007 1439 4070; x_wconf 86' lang='lat' dir='ltr'><strong>cetero</strong></span> <span class='ocrx_word' id='word_1_203' title='bbox 1463 3997 1586 4093; x_wconf 90' lang='lat' dir='ltr'><strong>poterit</strong></span> <span class='ocrx_word' id='word_1_204' title='bbox 1606 3997 1789 4088; x_wconf 86' lang='lat' dir='ltr'><strong>exhibere,</strong></span> <span class='ocrx_word' id='word_1_205' title='bbox 1808 3998 1991 4094; x_wconf 83' lang='lat' dir='ltr'><strong>supplice-</strong></span> 
     </span>
     <span class='ocr_line' id='line_1_26' title="bbox 577 4120 1990 4218; baseline -0.006 -18"><span class='ocrx_word' id='word_1_206' title='bbox 577 4128 729 4202; x_wconf 90' lang='lat' dir='ltr'><strong>tionibus</strong></span> <span class='ocrx_word' id='word_1_207' title='bbox 750 4127 827 4218; x_wconf 87' lang='lat' dir='ltr'><strong>ejus</strong></span> <span class='ocrx_word' id='word_1_208' title='bbox 846 4123 1079 4196; x_wconf 83' lang='lat' dir='ltr'><strong>favorabiliter</strong></span> <span class='ocrx_word' id='word_1_209' title='bbox 1101 4122 1271 4212; x_wconf 82' lang='lat' dir='ltr'><strong>inclinati,</strong></span> <span class='ocrx_word' id='word_1_210' title='bbox 1291 4121 1336 4194; x_wconf 89' lang='lat' dir='ltr'><strong>dc</strong></span> <span class='ocrx_word' id='word_1_211' title='bbox 1350 4122 1467 4192; x_wconf 86' lang='lat' dir='ltr'><strong>innato</strong></span> <span class='ocrx_word' id='word_1_212' title='bbox 1482 4121 1718 4194; x_wconf 86' lang='lat' dir='ltr'><strong>munificentia</strong></span> <span class='ocrx_word' id='word_1_213' title='bbox 1736 4131 1852 4195; x_wconf 89' lang='lat' dir='ltr'><strong>nostra</strong></span> <span class='ocrx_word' id='word_1_214' title='bbox 1868 4120 1990 4194; x_wconf 89' lang='lat' dir='ltr'><strong>cadem</strong></span> 
     </span>
     <span class='ocr_line' id='line_1_27' title="bbox 577 4245 1992 4344; baseline -0.009 -16"><span class='ocrx_word' id='word_1_215' title='bbox 577 4255 668 4327; x_wconf 85' lang='lat' dir='ltr'><strong>bona</strong></span> <span class='ocrx_word' id='word_1_216' title='bbox 689 4253 814 4325; x_wconf 87' lang='lat' dir='ltr'><strong>sicula</strong></span> <span class='ocrx_word' id='word_1_217' title='bbox 836 4247 1137 4344; x_wconf 87' lang='lat' dir='ltr'><strong>predecessoribus</strong></span> <span class='ocrx_word' id='word_1_218' title='bbox 1156 4246 1280 4318; x_wconf 90' lang='lat' dir='ltr'><strong>nostris</strong></span> <span class='ocrx_word' id='word_1_219' title='bbox 1303 4245 1396 4318; x_wconf 86' lang='lat' dir='ltr'><strong>divis</strong></span> <span class='ocrx_word' id='word_1_220' title='bbox 1417 4245 1574 4339; x_wconf 79' lang='lat' dir='ltr'><strong>angustis</strong></span> <span class='ocrx_word' id='word_1_221' title='bbox 1597 4245 1669 4317; x_wconf 91' lang='lat' dir='ltr'><strong>suis</strong></span> <span class='ocrx_word' id='word_1_222' title='bbox 1692 4245 1992 4341; x_wconf 87' lang='lat' dir='ltr'><strong>predecessoribus</strong></span> 
     </span>
     <span class='ocr_line' id='line_1_28' title="bbox 578 4367 1990 4465; baseline -0.01 -14"><span class='ocrx_word' id='word_1_223' title='bbox 578 4389 612 4451; x_wconf 92' lang='lat' dir='ltr'><strong>et</strong></span> <span class='ocrx_word' id='word_1_224' title='bbox 627 4379 718 4451; x_wconf 90' lang='lat' dir='ltr'><strong>dicte</strong></span> <span class='ocrx_word' id='word_1_225' title='bbox 735 4373 910 4447; x_wconf 86' lang='lat' dir='ltr'><strong>Bremensi</strong></span> <span class='ocrx_word' id='word_1_226' title='bbox 929 4371 1073 4444; x_wconf 88' lang='lat' dir='ltr'><strong>ecclesio</strong></span> <span class='ocrx_word' id='word_1_227' title='bbox 1090 4380 1171 4443; x_wconf 92' lang='lat' dir='ltr'><strong>sunt</strong></span> <span class='ocrx_word' id='word_1_228' title='bbox 1189 4371 1324 4460; x_wconf 88' lang='lat' dir='ltr'><strong>collata,</strong></span> <span class='ocrx_word' id='word_1_229' title='bbox 1344 4377 1446 4465; x_wconf 91' lang='lat' dir='ltr'><strong>prout</strong></span> <span class='ocrx_word' id='word_1_230' title='bbox 1464 4369 1500 4440; x_wconf 94' lang='lat' dir='ltr'><strong>in</strong></span> <span class='ocrx_word' id='word_1_231' title='bbox 1518 4391 1636 4442; x_wconf 91' lang='lat' dir='ltr'><strong>eorum</strong></span> <span class='ocrx_word' id='word_1_232' title='bbox 1661 4369 1852 4464; x_wconf 78' lang='lat' dir='ltr'><strong>privilegiis</strong></span> <span class='ocrx_word' id='word_1_233' title='bbox 1873 4367 1990 4440; x_wconf 91' lang='lat' dir='ltr'><strong>conti-</strong></span> 
     </span>
     <span class='ocr_line' id='line_1_29' title="bbox 576 4491 1991 4593; baseline -0.008 -18"><span class='ocrx_word' id='word_1_234' title='bbox 576 4512 689 4593; x_wconf 90' lang='lat' dir='ltr'><strong>netur,</strong></span> <span class='ocrx_word' id='word_1_235' title='bbox 715 4499 899 4572; x_wconf 88' lang='lat' dir='ltr'><strong>liberaliter</strong></span> <span class='ocrx_word' id='word_1_236' title='bbox 924 4495 1180 4569; x_wconf 87' lang='lat' dir='ltr'><strong>confirmamus.</strong></span> <span class='ocrx_word' id='word_1_237' title='bbox 1203 4495 1392 4567; x_wconf 85' lang='lat' dir='ltr'><strong>Statuimns</strong></span> <span class='ocrx_word' id='word_1_238' title='bbox 1409 4515 1492 4588; x_wconf 79' lang='lat' dir='ltr'><strong>ergo</strong></span> <span class='ocrx_word' id='word_1_239' title='bbox 1511 4503 1546 4566; x_wconf 90' lang='lat' dir='ltr'><strong>et</strong></span> <span class='ocrx_word' id='word_1_240' title='bbox 1561 4495 1709 4590; x_wconf 89' lang='lat' dir='ltr'><strong>presenti</strong></span> <span class='ocrx_word' id='word_1_241' title='bbox 1733 4493 1840 4566; x_wconf 85' lang='lat' dir='ltr'><strong>divali</strong></span> <span class='ocrx_word' id='word_1_242' title='bbox 1865 4491 1991 4587; x_wconf 76' lang='lat' dir='ltr'><strong>pagina</strong></span> 
     </span>
     <span class='ocr_line' id='line_1_30' title="bbox 578 4616 1992 4721; baseline -0.008 -23"><span class='ocrx_word' id='word_1_243' title='bbox 578 4627 837 4721; x_wconf 88' lang='lat' dir='ltr'><strong>inperpetuum</strong></span> <span class='ocrx_word' id='word_1_244' title='bbox 861 4621 1006 4694; x_wconf 84' lang='lat' dir='ltr'><strong>valitmu</strong></span> <span class='ocrx_word' id='word_1_245' title='bbox 1032 4619 1183 4692; x_wconf 88' lang='lat' dir='ltr'><strong>districte</strong></span> <span class='ocrx_word' id='word_1_246' title='bbox 1200 4619 1376 4692; x_wconf 90' lang='lat' dir='ltr'><strong>sancimus</strong></span> <span class='ocrx_word' id='word_1_247' title='bbox 1396 4627 1567 4713; x_wconf 86' lang='lat' dir='ltr'><strong>quatenus</strong></span> <span class='ocrx_word' id='word_1_248' title='bbox 1588 4616 1713 4690; x_wconf 90' lang='lat' dir='ltr'><strong>amodo</strong></span> <span class='ocrx_word' id='word_1_249' title='bbox 1733 4617 1826 4688; x_wconf 90' lang='lat' dir='ltr'><strong>nulla</strong></span> <span class='ocrx_word' id='word_1_250' title='bbox 1846 4637 1992 4712; x_wconf 84' lang='lat' dir='ltr'><strong>persona</strong></span> 
     </span>
    </p>
   </div>
   <div class='ocr_carea' id='block_1_7' title="bbox 0 0 2383 6073">
    <p class='ocr_par' dir='ltr' id='par_1_7' title="bbox 0 0 2383 6073">
     <span class='ocr_line' id='line_1_31' title="bbox 0 0 2383 6073; baseline 0 0"><span class='ocrx_word' id='word_1_251' title='bbox 0 0 2383 6073; x_wconf 95' lang='lat' dir='ltr'><strong> </strong></span> 
     </span>
    </p>
   </div>
  </div>
 </body>
</html>
