4702 6110
384 619 481 681 lunum
497 614 540 696 4.]
839 611 1035 674 HISTORIA
1060 610 1351 678 olllollltllclt
1740 615 1801 678 473

383 749 577 846 Angustam
590 746 714 822 urbem
728 746 859 842 regiam
872 755 1193 844 comparaverunta
1207 745 1346 822 duobus
1358 748 1483 822 nostris
1496 749 1795 844 ministerialibus,

383 873 547 948 videlicet
560 870 778 948 Adelberone
792 879 827 944 et
843 870 981 959 Sibido,
998 870 1154 966 ipsorum
1172 871 1294 967 predia
1310 875 1390 968 jure
1407 873 1615 948 hamdene
1634 873 1681 948 ad
1704 874 1798 970 ipsos

384 996 585 1072 transducta
609 995 647 1069 in
667 994 761 1070 villis
785 995 968 1068 Bonstcten
991 1002 1026 1066 et
1041 995 1267 1070 Vecteswiler
1293 1005 1329 1070 et
1351 996 1478 1071 lluotin
1503 1019 1585 1070 cnm
1609 997 1705 1071 omni
1733 1020 1798 1072 suo

378 1123 457 1214 jure
466 1129 501 1195 et
510 1119 698 1194 atonmtin
709 1117 852 1211 ibidem,
864 1116 1136 1209 areis,edificiis,
1146 1119 1254 1214 agris,
1264 1121 1431 1212 tabernis,
1441 1121 1540 1197 terris
1548 1121 1651 1196 cultis
1663 1124 1798 1196 senin-

383 1245 497 1332 cultis,
511 1244 633 1341 pratis,
649 1243 761 1334 silvie,
777 1243 930 1339 pascuis,
945 1242 1014 1316 viis
1029 1244 1175 1339 quesitis
1188 1253 1224 1318 et
1239 1244 1457 1341 inquirendis
1471 1268 1551 1320 cum
1562 1247 1639 1342 ipsa
1651 1247 1797 1321 ecclesia

382 1377 418 1441 et
438 1369 519 1462 jure
543 1375 745 1465 patronatus
769 1373 805 1439 et
828 1365 991 1439 omnibns
1015 1366 1089 1439 suis
1112 1367 1317 1442 attinenciis.
1337 1371 1442 1444 Porro
1465 1369 1549 1465 quia
1570 1369 1666 1444 idem
1689 1370 1798 1446 abbas

382 1515 463 1567 cum
483 1514 549 1567 suo
570 1499 744 1566 conventu
768 1489 893 1565 devote
916 1499 952 1564 et
974 1491 1161 1565 liberaliter
1182 1514 1246 1566 nos
1266 1494 1332 1567 sub
1353 1515 1415 1590 spe
1435 1515 1562 1590 magna
1585 1493 1714 1570 fiducie
1735 1495 1798 1570 de-

382 1617 548 1691 lensionis
564 1625 661 1690 motu
678 1614 818 1712 proprio
834 1623 870 1688 et
884 1615 1078 1690 voluntarie
1100 1616 1137 1688 ln
1157 1616 1289 1691 eisdem
1308 1618 1408 1691 bonis
1420 1619 1494 1712 jam
1514 1620 1704 1715 pretaxatis
1725 1621 1798 1696 ad·

381 1750 543 1813 vocatum
567 1739 634 1811 sibi
653 1738 894 1836 preelegerunt
917 1747 952 1812 et
967 1747 1191 1834 protectorem
1210 1741 1477 1831 constituerunt,
1498 1740 1700 1835 adjicientes
1722 1765 1797 1819 ma·

382 1863 504 1938 nileste
526 1872 561 1936 et
577 1864 645 1936 boc
665 1861 864 1936 nondictum
884 1870 1001 1936 nostra
1023 1885 1103 1936 cum
1128 1865 1305 1938 voluntate
1321 1886 1385 1938 sue
1406 1865 1563 1962 petitioni
1583 1887 1628 1938 ne
1647 1889 1711 1940 nos
1734 1889 1797 1942 seu

382 1987 567 2083 quisquam
590 1995 784 2060 nostrorum
807 2007 1046 2059 successorum
1070 1987 1106 2058 in
1127 2009 1235 2080 regno
1254 2009 1398 2062 romano
1414 1988 1561 2063 eandem
1579 1988 1797 2065 advocatiam

381 2109 629 2206 quoquomodo
647 2110 706 2184 vel
723 2109 827 2184 etiam
844 2109 1025 2184 occasione
1041 2109 1127 2184 falsa
1144 2111 1278 2186 ratione
1291 2110 1451 2186 beneficii
1468 2113 1617 2206 alicujus
1634 2113 1797 2210 cuiquam

381 2235 562 2312 bominum
583 2236 761 2332 assignare
779 2235 987 2328 debeamus3
1007 2237 1104 2332 regio
1123 2237 1249 2311 affectu
1269 2247 1386 2312 nostro
1408 2247 1444 2312 et
1459 2237 1594 2314 sincera
1617 2240 1796 2316 voluntate

382 2361 534 2458 sepefata
557 2359 679 2458 predia
702 2359 813 2456 ipsius
834 2361 979 2434 ecclesis
1002 2383 1082 2434 cum
1102 2362 1247 2436 ccclesia
1269 2362 1403 2438 ibidem
1427 2371 1462 2436 et
1482 2363 1556 2436 suis
1574 2363 1795 2460 pertinenciis

382 2485 418 2558 in
443 2493 559 2558 nostre
583 2484 771 2578 majestatis
794 2483 1006 2582 suscipimus
1032 2485 1279 2582 protectionem
1304 2495 1340 2560 ct
1363 2487 1670 2562 conservationem.
1697 2489 1795 2562 llan-

381 2608 504 2683 dantes
528 2617 563 2682 et
594 2607 736 2681 firmiter
761 2607 991 2704 precipientes
1016 2609 1273 2705 nequisquam
1301 2608 1482 2682 hominum
1515 2610 1552 2682 in
1582 2610 1668 2707 ipsis
1693 2611 1795 2686 bonis

380 2755 470 2808 ausu
491 2733 671 2806 temerario
691 2740 726 2806 et
751 2740 871 2805 contra
893 2731 1048 2826 ipsorum
1072 2733 1286 2808 voluntatem
1312 2733 1500 2828 quicquam
1524 2733 1686 2808 ordinare
1711 2757 1796 2830 prs·

379 2865 495 2931 sumat
510 2857 546 2928 in
563 2855 674 2952 ipsius
686 2855 831 2928 ecclesie
844 2855 1076 2951 prejudicium
1090 2865 1125 2930 et
1137 2877 1343 2951 gravamem
1356 2857 1454 2952 quod
1467 2857 1497 2930 si
1511 2859 1598 2931 lorte
1607 2857 1793 2954 qnisquam

379 2991 497 3055 contra
511 2979 771 3077 presumpserit,
788 2979 925 3052 novavit
937 3001 976 3054 se
989 2979 1086 3074 regie
1101 2981 1288 3074 maiestatis
1304 2981 1580 3077 indignationem
1593 2981 1791 3058 incurrisse.

378 3104 570 3177 Statnimus
591 3124 733 3198 quoqne
756 3111 791 3176 et
812 3101 956 3176 firmiter
978 3104 1189 3201 precipimus
1211 3106 1461 3201 nequisquam
1486 3105 1685 3179 officialium
1708 3129 1794 3181 nos·

379 3236 510 3301 trorum
527 3227 563 3298 in
582 3226 714 3300 eisdem
735 3225 867 3322 prediis
886 3236 999 3322 preter
1015 3236 1182 3300 statutum
1197 3229 1376 3304 servitium
1393 3237 1428 3302 et
1450 3229 1791 3304 consuetudinarium

379 3349 536 3422 omnium
556 3349 804 3424 advocatorum
825 3349 923 3444 qnod
941 3351 1069 3425 dicitur
1085 3353 1305 3446 Vogotmotta
1318 3350 1371 3447 (l)
1389 3361 1596 3446 extorquere
1618 3363 1795 3448 presumat

378 3471 558 3545 violenter.
587 3474 733 3569 Insuper
750 3494 797 3547 ne
815 3473 1001 3569 quisquam
1025 3474 1172 3550 mndem
1190 3474 1408 3550 advocatiam
1428 3497 1451 3548 a
1468 3475 1569 3548 nobis
1586 3497 1650 3549 seu
1668 3477 1793 3550 noetus

378 3595 635 3668 snoeessoribns
656 3597 724 3668 sibi
741 3597 875 3672 ratione
891 3595 1052 3672 beneficii
1070 3598 1217 3672 conferri
1237 3597 1412 3670 maliciose
1430 3598 1700 3692 attemptaverit,
1717 3607 1795 3672 sta·

379 3719 510 3790 luimus
538 3717 679 3792 firmiter
711 3729 746 3794 et
774 3720 930 3795 edictum
960 3723 1077 3816 regale
1103 3721 1400 3817 promulgavimus
1425 3720 1524 3815 quod
1551 3721 1582 3793 si
1606 3723 1794 3818 quisquam

378 3851 495 3916 oonba
513 3843 581 3916 tale
597 3851 753 3916 nostrum
771 3844 924 3918 edictum
937 3845 1084 3920 eandem
1098 3844 1323 3919 advocaciam
1338 3867 1360 3918 a
1374 3843 1474 3918 nobis
1488 3865 1550 3918 seu
1566 3845 1693 3920 noscis
1708 3868 1795 3920 snc-

378 3966 571 4040 cessoribns
590 3967 677 4040 salsa
692 3969 914 4064 suggestione
931 3970 1178 4066 impetraverit,
1198 3979 1268 4044 um
1282 3969 1359 4066 ipsa
1372 3967 1554 4044 advocatia
1570 3991 1676 4064 quam
1689 3971 1794 4044 etiem

377 4089 454 4162 aliis
474 4090 548 4164 suis
567 4090 745 4165 beneficiis
766 4113 906 4187 prorsus
928 4093 1135 4170 destituatur
1153 4103 1186 4167 et
1205 4093 1380 4190 privetur,
1398 4101 1433 4167 et
1449 4093 1545 4188 qnod
1568 4095 1680 4190 magis
1701 4096 1793 4192 peri-

377 4214 534 4286 colosum
553 4223 606 4288 est
621 4223 721 4289 extra
735 4216 882 4310 gratiam
896 4227 1011 4292 nostre
1024 4219 1212 4313 maiestatis
1229 4239 1370 4316 prorsus
1384 4227 1575 4291 censeatur.

412 4561 450 4636 (t)
471 4563 625 4638 Vaut-miste
638 4565 716 4640 (elias
727 4567 818 4626 muctb
833 4568 876 4626 vel
893 4568 987 4642 mdc),
1001 4569 1199 4640 advocaticum,
1215 4571 1242 4628 id
1257 4577 1299 4629 est
1310 4569 1432 4630 advocati
1445 4583 1543 4628 censrrs
1555 4575 1583 4630 ot
1594 4570 1703 4646 pensi0;
1718 4573 1790 4648 apud

375 4657 565 4816 hoppqlparqqos
584 4663 727 4724 lictbiom.
745 4665 785 4725 Ci.
801 4666 913 4728 Gomon
931 4669 1060 4728 lberam
1077 4675 1106 4727 et
1121 4669 1266 4729 wicum
1285 4669 1315 4728 in
1331 4669 1450 4730 Glosscr.
1465 4669 1557 4729 Gom.
1571 4667 1641 4726 med·
1661 4671 1739 4743 aovi,
1755 4671 1789 4728 ad

475 4857 529 4918 III.
1593 4875 1631 4928 oo
