4710 6076
567 619 629 684 aas
1098 621 1271 684 navarat
1296 621 1465 686 suerrus
1799 627 1877 714 [ιιι
1895 631 1985 698 taur.

569 755 615 830 da
630 756 835 830 Maaensizar
848 767 883 832 et
897 757 959 830 lilii
976 760 1052 852 ejus
1067 757 1246 832 Conradus
1261 765 1297 832 et
1311 759 1493 854 llenricus,
1508 759 1713 858 Rndotptus
1731 761 1776 838 de
1792 763 1983 861 Cruubure,

567 880 772 977 lindolphus
786 882 832 957 de
849 882 1067 978 Eggenthall,
1084 891 1151 956 etc.
1170 878 1271 979 (aic)(
1294 879 1320 978 ).

361 1479 539 1589 ''lllffl
616 1471 801 1556 Henricus
817 1470 1078 1555 Romanorum
1091 1495 1157 1552 rex
1171 1469 1408 1554 Hartmanno
1423 1469 1552 1554 comiti
1571 1470 1619 1554 de
1634 1469 1827 1584 Dillingen
1841 1471 1882 1554 in
1900 1498 1983 1556 rec-

564 1617 647 1690 tum
676 1605 835 1690 laudum
862 1605 1035 1688 concedit
1062 1603 1299 1688 advocatiam
1327 1603 1484 1688 claustri
1512 1605 1560 1688 de
1586 1603 1930 1718 Herbraohtingen‚
1957 1631 1981 1690 a

562 1739 756 1826 Gotefrido
775 1739 824 1822 de
842 1737 1020 1822 Wollach
1042 1737 1300 1848 resignatam3
1321 1762 1437 1822 omne
1457 1762 1612 1848 quoqne
1638 1738 1912 1848 patrimonium
1938 1739 1979 1822 in

561 1873 861 1983 Ebermaringen
890 1881 928 1954 et
951 1870 1125 1956 Hvervin
1149 1870 1274 1954 eidem
1299 1870 1430 1956 comiti
1455 1869 1676 1978 confirmat,
1695 1871 1880 1956 anditum
1900 1871 1980 1956 eia

558 2006 751 2114 praedicto
770 2001 978 2089 Gotelrido.

635 2248 731 2322 (Edit.
745 2248 777 2308 tn
790 2247 911 2319 Banna,
929 2241 1028 2308 Gaul.
1043 2241 1096 2304 der
1110 2242 1220 2326 Grusea
1231 2240 1448 2328 mosayca,
1463 2245 1585 2326 mumg
1596 2256 1635 2310 aa
1649 2257 1684 2308 u·
1699 2257 1729 2310 1.
1742 2279 1784 2295 -
1796 2247 1836 2310 Et
1847 2263 1894 2326 ap
1910 2249 1976 2311 llo·

674 2372 757 2415 num.
773 2353 867 2426 Boia,
882 2359 956 2414 tom
972 2350 1075 2424 XXX,
1089 2367 1159 2429 pars
1176 2359 1215 2426 ι’,
1230 2362 1264 2412 n·
1279 2360 1354 2432 aaa,
1368 2369 1400 2430 p.
1418 2361 1492 2426 1483
1509 2369 1548 2414 ex
1561 2355 1668 2434 ortgtn
1689 2357 1722 2416 tn
1733 2354 1848 2418 ιιοιιιι.
1861 2354 1973 2436 Dtttng.

676 2463 767 2538 cptsc.
792 2461 933 2538 August,
952 2461 1039 2536 culus
1059 2458 1189 2538 sigillum
1208 2459 1312 2538 perlit,
1331 2459 1551 2522 remanentibus
1571 2467 1688 2523 tantum
1712 2461 1854 2524 luulculls
1876 2464 1976 2524 serlcls

677 2567 760 2629 rubri
775 2567 907 2642 coloris.)

605 2786 648 2856 ll.
670 2783 732 2854 Dei
755 2780 865 2876 gratia
886 2779 1118 2852 Romanorum
1143 2799 1207 2851 rex
1233 2789 1268 2850 et
1282 2799 1419 2874 semper
1436 2787 1626 2874 augustus,
1648 2779 1821 2856 universis
1838 2781 1974 2878 imperti

557 2907 720 2982 fidelibus
732 2906 824 2978 hanc
839 2905 972 2976 literam
986 2903 1193 3000 inspecturis
1208 2901 1353 2998 gratiam
1371 2923 1471 2976 suam
1487 2912 1524 2976 et
1538 2925 1641 2978 omne
1656 2905 1800 2979 bonum.
1816 2907 1973 2982 Deostaa

555 3055 626 3130 qua
649 3029 792 3104 oonsilio
816 3027 1028 3124 prudentum
1051 3028 1206 3103 virorum
1228 3026 1317 3100 finnt
1334 3037 1369 3101 at
1390 3026 1448 3123 pio
1462 3038 1687 3123 peraguntur,
1711 3049 1756 3102 ne
1775 3030 1973 3125 prolixitate

556 3157 717 3253 temporis
734 3177 755 3228 a
774 3153 938 3226 memoria
958 3152 1096 3240 cadant,
1115 3152 1306 3225 litterarum
1321 3153 1517 3226 testimonio
1536 3152 1764 3248 parhennare.
1783 3153 1861 3239 Qua
1875 3155 1921 3228 ds
1933 3177 1973 3230 re

555 3281 714 3356 noverint
735 3289 806 3352 tam
831 3285 1007 3374 presentes
1029 3297 1135 3371 qnam
1156 3276 1262 3348 taturi
1284 3274 1381 3369 qnod
1401 3273 1597 3349 Gotetridus
1618 3275 1664 3349 da
1679 3277 1836 3350 Wollach
1854 3299 1970 3353 eoram

555 3405 655 3481 uobis
666 3415 701 3477 et
714 3401 930 3500 principibus
944 3401 1151 3474 constitutus
1163 3399 1381 3473 advocatiam
1395 3399 1535 3472 claustri
1545 3401 1590 3474 de
1600 3401 1874 3498 Herbrehtingen
1888 3425 1969 3478 cum

554 3531 715 3606 omnibus
738 3528 811 3600 suis
835 3527 1051 3622 pertinentiis
1076 3547 1146 3620 que
1169 3525 1243 3598 suis
1266 3525 1390 3598 usibus
1413 3525 1610 3598 serviebant
1631 3525 1667 3597 in
1687 3547 1814 3601 manus
1835 3540 1970 3604 nocuas

553 3654 742 3750 resignavit
754 3661 790 3725 et
803 3651 1024 3741 contradidit,
1039 3658 1074 3723 et
1088 3649 1134 3723 ad
1144 3649 1350 3745 peticionem
1359 3671 1459 3722 snam
1473 3649 1599 3724 dilecto
1610 3648 1705 3724 fideli
1720 3663 1837 3726 nostro
1851 3655 1967 3728 comiti

553 3783 763 3853 Hartmanno
777 3777 822 3851 de
834 3776 994 3870 Dilingan
1012 3776 1048 3847 in
1064 3783 1197 3848 rectum
1215 3775 1359 3848 lendum
1377 3774 1593 3848 advocatiam
1612 3775 1846 3850 concessimus
1859 3779 1969 3872 prali-

551 3905 680 3977 batam.
697 3901 753 3974 Ad
768 3903 831 3974 hec
845 3922 949 3974 omne
970 3899 1214 3996 patrimonium
1231 3898 1328 3992 quod
1343 3898 1494 3972 habebat
1512 3899 1608 3994 apud
1625 3901 1914 3998 llbermaeriugan
1931 3913 1967 3976 et

551 4027 718 4101 Hverwin
739 4025 998 4122 prenominatus
1014 4021 1054 4094 G.
1082 4023 1213 4116 prefato
1236 4021 1353 4095 comiti
1373 4021 1583 4096 contradidit
1598 4032 1633 4096 ct
1657 4020 1801 4097 donavit
1823 4025 1860 4097 in
1880 4047 1965 4122 pru-

550 4153 730 4248 prietatem
754 4159 881 4224 rectam
903 4149 1012 4221 libare
1035 4145 1220 4220 tenendam
1241 4155 1275 4219 at
1297 4155 1464 4242 perpetuo
1487 4145 1746 4242 possidendam.
1776 4149 1966 4224 Statuimus

548 4278 654 4373 igitur
668 4286 703 4349 et
717 4275 783 4348 sub
801 4271 1077 4346 interminatione
1091 4270 1199 4365 gratie
1214 4279 1328 4344 nostre
1344 4271 1497 4344 districte
1511 4271 1721 4368 precipimus
1736 4281 1776 4345 ut
1788 4275 1907 4348 nullus
1920 4277 1966 4348 sit

549 4403 610 4499 qni
634 4401 827 4498 predictum
852 4399 1009 4471 comitem
1032 4397 1069 4468 iu
1088 4395 1295 4492 proprietate
1316 4405 1377 4468 aut
1392 4395 1497 4469 teudo
1516 4397 1703 4491 prenotatis
1718 4397 1887 4494 impedire
1900 4421 1965 4472 au-

550 4528 631 4601 deat
644 4527 699 4599 vel
717 4526 907 4621 dampnum
924 4523 960 4594 in
972 4522 1056 4618 ipsis
1070 4531 1130 4595 aut
1144 4541 1332 4616 gravamen
1343 4518 1488 4616 aliquod
1503 4519 1667 4616 irrogare.

590 4755 634 4838 (a)
653 4755 856 4818 Verlslmtltter
870 4759 899 4816 ιι
910 4749 966 4814 ulie·
977 4747 1174 4835 quamplura.
