4658 6132
364 663 463 724 lenter.
479 659 523 744 2]
810 655 1009 720 HISTORIA
1032 653 1326 726 otrtdttttmt.
1719 653 1777 716 tat

364 793 528 872 Baldnini
549 794 643 888 regis
665 792 928 868 lerosolimitani
955 792 1207 889 predecessoris
1229 791 1356 883 nostri,
1383 789 1548 864 memorie
1575 787 1775 880 recolende,

365 921 469 996 sitam
481 921 519 992 iu
533 940 623 1014 ruga
639 916 880 992 Armeniorum
892 937 1000 1014 prope
1012 918 1192 992 ecclesiam
1206 915 1316 990 sancti
1330 914 1482 1007 Thome,
1499 935 1579 987 cum
1595 914 1691 986 omni
1704 935 1781 1010 pcn-

365 1042 474 1140 prisio
496 1051 532 1116 et
550 1041 772 1138 pertinenciis
790 1039 916 1114 suiset
935 1060 1016 1114 cnm
1038 1048 1113 1114 orto
1134 1040 1248 1120 eidem
1274 1038 1395 1114 domni
1418 1039 1621 1131 conjuncto,
1645 1057 1781 1112 necnon

367 1175 403 1240 et
414 1187 480 1240 sex
493 1173 689 1240 carrucatas
701 1174 791 1240 terre
805 1163 882 1238 sive
898 1163 944 1238 de
962 1163 1184 1238 excudenoiis
1200 1163 1277 1238 sire
1292 1159 1368 1264 [de]
1389 1160 1552 1236 demanio
1568 1167 1686 1234 nostro
1699 1161 1784 1234 ciri-

367 1289 449 1364 tatis
471 1286 650 1382 ejusdem,
675 1287 706 1362 si
727 1287 773 1362 de
793 1285 1016 1362 arcadenciis
1038 1295 1173 1361 tantum
1198 1307 1269 1360 non
1291 1285 1419 1384 poterit
1438 1284 1610 1374 inveniri,
1634 1283 1696 1357 nbi
1721 1305 1784 1380 per

368 1409 579 1484 territorium
593 1409 743 1484 civitatis
757 1409 869 1508 ipsius
881 1409 1150 1486 conveniencius
1168 1409 1212 1484 sit
1224 1410 1276 1484 eis
1291 1409 1448 1506 accipere
1469 1408 1654 1483 ethabere.
1676 1409 1786 1482 Desu-

369 1531 802 1631 perhabundantiqucque
810 1533 920 1628 gratia
929 1533 1177 1608 nostradamus
1185 1541 1221 1608 et
1230 1531 1598 1628 concedimusprelatc
1606 1529 1782 1626 magistro,

370 1657 533 1730 iratribus
551 1665 720 1730 eteorum
744 1655 865 1730 domui
884 1657 1056 1732 antedicta
1078 1656 1222 1731 domum
1243 1677 1349 1752 qnam
1374 1655 1455 1730 olim
1478 1655 1679 1728 Theutcuici
1704 1664 1785 1730 ante

370 1779 591 1854 amissionem
607 1789 698 1854 terre
714 1801 810 1856 sacre
832 1781 1023 1856 incivitate
1040 1781 1312 1856 ierosolimitana
1327 1779 1507 1872 tenebant,
1526 1799 1606 1852 curn
1624 1779 1787 1854 omnibus

371 1902 593 2000 pertinenciis
619 1902 712 1997 suis,
736 1903 876 1998 juribus
897 1913 933 1978 et
954 1904 1228 2002 possessionibus
1251 1911 1288 1978 et
1314 1901 1536 2001 pertinenciis
1559 1903 1650 1988 suls,
1678 1911 1718 1976 ot
1744 1925 1786 1978 ea

374 2025 492 2099 omnia
502 2027 549 2100 ab
561 2027 656 2100 omni
668 2027 817 2102 servicio
830 2027 939 2102 libem
955 2048 1091 2124 semper
1100 2035 1239 2101 teneant
1247 2033 1282 2100 et
1294 2034 1471 2124 exempta.
1486 2023 1544 2099 Ad
1553 2025 1658 2120 hujus
1670 2035 1786 2101 antem

374 2147 571 2223 donationis
584 2157 619 2222 ct
634 2150 865 2225 concessionis
878 2160 994 2225 nostre
1009 2151 1211 2226 memoriam
1224 2159 1259 2224 ct
1273 2150 1381 2223 robur
1395 2157 1560 2246 perpetuo
1578 2149 1783 2240 valiturum,

373 2293 516 2370 presens
530 2271 751 2369 privilegium
766 2271 854 2366 fleri,
867 2282 903 2349 et
915 2275 1010 2348 bulla
1024 2297 1128 2349 aurea
1145 2274 1281 2373 typario
1293 2281 1409 2348 nostre
1418 2271 1605 2368 majestatis
1622 2273 1788 2371 impressa

372 2395 541 2490 iussimus
553 2396 771 2471 communiri.

425 2519 536 2613 liujus
548 2529 665 2592 antam
681 2521 731 2594 rci
749 2530 854 2596 testes
868 2531 951 2596 sunt
969 2521 1133 2596 Balianus
1154 2520 1317 2596 dominus
1327 2521 1491 2619 sydonis,
1506 2519 1609 2595 Oddo
1623 2518 1668 2594 de
1688 2521 1787 2595 Mon·

375 2641 545 2735 beliardo,
564 2644 818 2718 comestabulus
834 2645 1216 2741 regnilerosclimitani,
1230 2644 1615 2736 lohannesdelbelino,
1633 2642 1787 2718 Guarne·

376 2765 450 2839 rius
464 2765 698 2860 Alamannus,
715 2777 750 2844 et
765 2768 878 2866 Aymo
895 2791 1004 2868 nepos
1019 2771 1115 2865 ejus,
1131 2771 1304 2868 Aymarus
1318 2789 1426 2867 nepos
1443 2768 1557 2842 fratris
1570 2767 1728 2864 dymni,
1743 2767 1789 2844 dc

379 2889 483 2964 domo
496 2890 675 2987 hospitalis
690 2894 800 2966 sancti
814 2895 997 2986 iohannis,
1014 2903 1049 2969 et
1065 2893 1125 2968 ulii
1141 2893 1390 2990 quamplures.

426 3013 513 3088 Acta
544 3024 626 3088 sant
657 3015 723 3090 hec
750 3039 843 3092 auno
865 3018 1039 3094 dominice
1070 3017 1316 3091 incarnationis
1340 3015 1523 3090 millesimo
1551 3013 1788 3090 ducentesimo

378 3137 545 3211 vicesimo
569 3160 679 3231 nouo,
703 3161 823 3215 mense
847 3142 985 3238 aprilis,
1012 3141 1167 3216 secunde
1191 3139 1407 3233 indictionis,
1439 3140 1629 3238 imperante
1649 3139 1790 3215 domino

379 3271 496 3336 nostro
508 3262 707 3353 Frederico,
718 3263 780 3338 Dei
800 3265 910 3360 gratia
925 3264 1152 3339 invictissimo
1167 3267 1400 3340 Romanorum
1416 3263 1636 3361 imperatore,
1655 3285 1790 3360 semper

380 3395 546 3480 augusto,
580 3387 776 3461 lerosolime
803 3397 838 3462 ct
867 3389 984 3462 Sicilie
1008 3409 1111 3482 rege,
1142 3410 1235 3463 anno
1267 3389 1401 3464 romani
1424 3387 1560 3486 imperii
1584 3388 1661 3463 eius
1676 3407 1786 3478 nono,

380 3509 479 3603 regni
499 3509 695 3584 lerosolime
717 3519 862 3606 quarto,
888 3511 987 3607 regni
1015 3533 1100 3586 vero
1132 3513 1247 3587 Sicilie
1275 3513 1449 3588 tricesimo
1473 3513 1604 3610 primo,
1630 3511 1786 3586 feliciter.

381 3633 508 3707 Amen.

429 3757 554 3831 Datum
569 3756 665 3860 apud
678 3757 815 3853 Accon,
833 3779 943 3852 anuo,
963 3781 1084 3836 mense
1109 3769 1145 3836 et
1163 3759 1352 3836 indictione
1367 3759 1579 3858 prescriptis.

436 4340 669 4450 Fridericus‚
693 4343 954 4430 Romanorum
972 4345 1192 4455 imperator,
1212 4345 1431 4432 Hermanno
1452 4345 1637 4457 magistro
1655 4345 1794 4430 domus
1816 4368 1993 4427 creontem

383 4475 583 4585 hospitalis
600 4477 921 4562 'lheutonicorcm
942 4487 981 4562 et
1002 4477 1184 4562 iratribus
1211 4478 1295 4590 ejus
1326 4478 1499 4563 concedit
1525 4488 1563 4562 ct
1592 4477 1793 4564 confirmat

385 4609 545 4691 domum
563 4635 682 4720 quam
694 4621 868 4695 emerunt
887 4611 1064 4696 aloanue
1077 4611 1126 4696 de
1140 4612 1311 4697 Chonchi
1326 4637 1398 4722 pro
1412 4611 1596 4696 sexcentis
1608 4621 1646 4696 et
1658 4613 1793 4724 viginti

384 4740 552 4824 marchis
579 4743 726 4854 argenti
747 4752 785 4828 et
811 4765 883 4854 pro
904 4743 979 4828 ulia
1003 4745 1119 4830 domo
1145 4769 1265 4855 qnam
1286 4744 1388 4832 ultra
1409 4743 1585 4831 marchas
1607 4745 1794 4832 dederunt
