4642 6106
552 647 613 708 2¹18
1054 649 1268 713 Fllllllilllcl
1293 651 1468 714 securem
1783 651 1862 736 [llus.
1880 653 1968 716 1231.

555 786 664 858 tiones
680 785 796 856 solitus
811 783 906 878 exigi
925 783 1119 858 secundum
1134 807 1264 860 morem
1278 797 1314 860 et
1326 787 1485 862 ordinem
1502 811 1523 860 ι
1542 787 1788 882 navigantibus
1800 787 1971 862 Africanis

553 909 600 983 ad
619 908 790 1006 predictus
803 907 961 1004 regiones
975 908 1118 1004 predicti
1134 911 1243 1006 regis,
1262 910 1454 1006 dequibus
1474 911 1630 985 diximus
1648 921 1687 982 ut
1705 911 1774 984 sint
1789 911 1910 986 libere.
1928 912 1973 986 llt

554 1034 657 1108 etiam
677 1032 856 1106 deturillis
875 1032 1060 1106 dimidium
1073 1035 1193 1108 tributi
1209 1035 1321 1108 insule
1332 1037 1449 1112 Cueire
1459 1035 1511 1131 (l)
1524 1037 1699 1131 signatum
1709 1044 1745 1110 et
1756 1035 1969 1110 ordinarium

554 1169 706 1256 tempure
727 1158 849 1231 messis
868 1158 986 1250 solite,
1003 1179 1117 1254 neque
1132 1159 1283 1234 babeant
1299 1159 1478 1236 christiani
1496 1161 1533 1232 in
1550 1159 1704 1256 pmtlictn
1727 1159 1841 1232 insula
1855 1159 1972 1234 Cosirc

548 1281 822 1374 jurisdictionem
848 1303 954 1378 super
979 1283 1089 1356 ullum
1113 1283 1413 1376 mahometanum,
1440 1295 1552 1380 preter
1575 1286 1764 1380 prefectum
1789 1283 1972 1358 mahome-

554 1417 673 1480 tanum
689 1405 834 1480 missum
851 1428 872 1480 a
899 1407 1054 1502 predicto
1075 1429 1158 1501 rege
1176 1409 1293 1482 Sicilie
1313 1409 1454 1484 nomine
1471 1431 1536 1482 suo
1554 1408 1600 1484 ud
1627 1408 1798 1504 regendos
1814 1417 1971 1482 tuntum-

554 1531 658 1604 mudo
675 1532 822 1626 populos
838 1530 1002 1624 Unitutis,
1024 1541 1060 1604 et
1074 1529 1120 1604 sit
1133 1543 1323 1628 occupatus
1348 1535 1384 1606 in
1403 1533 1549 1629 negotiis
1564 1533 1684 1630 populi
1699 1533 1847 1606 Unitntis
1863 1554 1969 1628 quem

551 1658 646 1730 Deus
671 1653 885 1730 honorificet.
914 1657 1025 1730 Omne
1049 1657 1116 1730 boc
1141 1667 1313 1754 prestatur
1336 1657 1404 1730 illis
1428 1658 1494 1732 boc
1519 1667 1621 1754 pacto
1647 1667 1687 1730 nt
1711 1657 1777 1753 ipsi
1803 1656 1908 1730 etiam
1933 1679 1972 1730 se

551 1779 705 1876 obligent
717 1788 752 1852 et
764 1779 914 1852 babeant
930 1801 1049 1852 curam
1064 1780 1267 1855 restituendi
1286 1803 1390 1855 omne
1402 1781 1500 1878 quod
1518 1781 1555 1854 in
1575 1781 1641 1856 boc
1655 1781 1742 1854 mari
1761 1779 1971 1876 depredatur

552 1926 572 1977 a
595 1904 716 2000 piratis
733 1903 928 1976 christianis
943 1903 1006 1998 qni
1024 1904 1173 1978 subsunt
1192 1905 1337 2002 imperio
1364 1905 1448 1980 dicti
1468 1908 1561 2002 regis
1581 1914 1617 1978 et
1637 1904 1699 1999 qui
1722 1913 1804 1978 suut
1820 1905 1888 1977 snb
1905 1925 1970 1978 sua

549 2027 808 2120 jurisdictione,
834 2027 979 2121 subjecti
997 2051 1061 2102 suo
1080 2029 1237 2103 duminio
1252 2041 1287 2102 at
1310 2031 1479 2126 potentie,
1506 2051 1554 2104 cx
1569 2029 1732 2103 omnibus
1751 2027 1970 2121 jurisdictio-

554 2152 659 2224 nibus
672 2151 765 2244 suis,
791 2161 904 2246 preter
918 2151 1091 2246 Genuam,
1116 2153 1249 2244 Pisum,
1265 2155 1451 2228 llarsilinm
1469 2163 1505 2228 et
1522 2153 1702 2244 Venetiae,
1722 2174 1804 2226 cum
1815 2153 1887 2245 jam
1907 2152 1970 2226 tle·

554 2278 720 2350 claratum
743 2275 787 2348 sit
801 2275 897 2370 qnod
912 2275 967 2348 isti
982 2275 1033 2374 (n)
1049 2275 1197 2372 predicti
1214 2277 1334 2374 populi
1352 2299 1416 2376 pro
1439 2279 1596 2375 personis
1611 2286 1647 2352 ot
1660 2286 1751 2351 statu
1760 2279 1833 2372 jam
1849 2297 1969 2372 puoem

554 2401 695 2476 inierint
713 2421 795 2473 cum
814 2399 956 2474 domino
971 2409 1088 2474 nostru
1108 2401 1215 2476 Callia
1231 2402 1410 2478 sacudute
1426 2403 1631 2498 imperatore
1648 2401 1802 2476 fidelium
1816 2399 1883 2496 (2).
1901 2400 1969 2486 Qui

553 2547 617 2598 rex
634 2525 809 2622 predictus
825 2523 872 2622 (b)
886 2547 925 2599 se
940 2525 1072 2622 obliget
1086 2535 1277 2600 restaurare
1295 2535 1331 2602 et
1343 2527 1540 2602 satisfacere
1552 2547 1655 2600 omne
1670 2525 1768 2622 qnod
1785 2535 1971 2621 usurpator

554 2649 599 2722 ab
622 2670 835 2744 unoquoque
856 2669 904 2722 ex
921 2649 1084 2722 omnibus
1100 2651 1263 2744 gentibue
1284 2649 1435 2724 subditis
1452 2671 1516 2726 sue
1534 2647 1681 2740 ditioni,
1700 2652 1776 2724 sive
1791 2650 1860 2722 sint
1877 2669 1970 2722 mer·

552 2784 684 2848 calores
703 2783 739 2848 et
761 2775 886 2848 militas
902 2775 939 2846 in
960 2775 1123 2849 omnibus
1144 2776 1346 2872 regonibus
1359 2775 1490 2868 Africo,
1509 2783 1550 2848 ut
1572 2775 1787 2871 persolvatur
1807 2773 1970 2846 omuibus

553 2899 716 2974 euntibus
741 2908 776 2972 et
795 2899 1016 2973 venientibus
1040 2922 1102 2996 per
1120 2922 1198 2974 eam
1222 2921 1269 2974 ex
1296 2900 1420 2974 ineolis
1442 2899 1517 2972 suis
1538 2907 1574 2974 ct
1591 2909 1631 2972 ut
1654 2898 1758 2972 etiam
1784 2897 1971 2970 mosiaciat

553 3025 715 3097 omuibus
736 3024 900 3096 euntibus
915 3025 961 3098 ab
983 3022 1098 3098 Africa
1116 3045 1163 3098 ex
1180 3025 1302 3098 incolis
1324 3025 1398 3098 suis
1413 3045 1526 3119 usque
1542 3023 1590 3098 ad
1609 3022 1825 3120 provinciam
1842 3021 1970 3118 Egypti

555 3157 590 3224 et
613 3149 675 3244 qui
693 3148 740 3224 ad
761 3149 848 3222 alias
866 3148 1024 3244 regiones
1047 3149 1117 3222 siut
1137 3149 1341 3245 navigantes
1361 3158 1398 3222 et
1420 3148 1485 3224 iter
1509 3147 1673 3222 iacientes
1694 3169 1775 3220 oum
1801 3144 1986 3220 caravalis-

552 3273 717 3346 euutibns
738 3272 785 3346 ad
805 3273 972 3365 Africam,
1000 3282 1035 3346 et
1056 3283 1096 3345 ut
1114 3273 1218 3347 etiam
1241 3273 1392 3348 reddant
1413 3295 1535 3348 secura
1559 3271 1676 3347 omnia
1698 3271 1812 3345 littora
1834 3270 1965 3362 Atrine,

596 3459 637 3538 (n)
656 3458 693 3518 ln
704 3456 856 3533 lmpreaalr
868 3453 932 3528 etri,
946 3453 1034 3514 male.

596 3564 637 3646 (l)
658 3564 775 3626 Sclllcct
787 3561 957 3642 mmor.

694 3771 718 3778 -
725 3769 831 3777 ——--
836 3766 1023 3775 θυι-...-

585 3908 621 3982 (4)
634 3901 843 3964 Scilicetr'oroln
856 3899 1036 3972 Prntsllnrlu,
1049 3897 1166 3956 bilicem
1179 3898 1250 3955 iuter
1260 3903 1289 3954 et
1299 3895 1425 3956 Siciliam.
1439 3895 1547 3971 legitur
1560 3896 1588 3953 in
1599 3895 1750 3969 impressis,
1763 3892 1812 3950 sed
1822 3905 1965 3967 perperam

550 4005 674 4064 Corsicae
682 4019 692 4071 ;
707 4001 779 4076 quod
790 3999 954 4058 correximus
967 4013 1001 4056 ex
1012 3995 1087 4056 llSS.
1102 3995 1230 4054 biblioth.
1244 3994 1329 4052 Paris.
1340 4037 1347 4065 ,
1359 3992 1440 4068 fon&
1454 3993 1572 4068 Dopny,
1587 3997 1655 4065 660,
1671 3993 1691 4050 i.
1704 3993 1768 4052 292.

585 4103 685 4178 (tillio
698 4097 828 4174 agiturde
836 4113 899 4170 rege
914 4093 1230 4154 ntmobadsnottmocbii
1241 4092 1289 4166 qui
1300 4091 1407 4150 titulum
1418 4091 1514 4149 lalibe
1522 4097 1551 4148 et
1560 4091 1640 4148 limtr
1649 4087 1849 4162 ttmmmrnoo
1859 4101 1925 4162 praa
1934 4101 1967 4144 se

549 4201 663 4262 terebat.
673 4199 783 4268 Μιιιιι,
798 4195 872 4254 Ster.
884 4193 928 4252 dol
938 4209 1078 4252 cammaro.
1093 4190 1133 4249 δι’
1145 4191 1301 4260 Vmaatnrrr',
1314 4195 1334 4247 t.
1348 4189 1394 4261 tv,
1413 4207 1443 4264 p.
1462 4191 1526 4260 att,
1540 4189 1574 4247 ad
1589 4205 1654 4247 aun.
1674 4191 1744 4246 ⁴2³⁰
1766 4192 1875 4260 pantnm
1895 4185 1969 4242 inter

550 4299 660 4358 Pisanos
673 4302 702 4354 et
712 4309 800 4370 regern
813 4293 975 4368 Africanum
986 4291 1187 4349 Saracenorum
1205 4289 1321 4362 indicat,
1334 4288 1363 4346 in
1377 4304 1431 4366 quo
1442 4286 1638 4346 mecluduntur
1648 4285 1807 4344 nominatim
1819 4284 1968 4340 laurenses

549 4403 578 4454 et
588 4394 746 4470 generaliter
760 4389 857 4450 caeteri
867 4389 1015 4447 christiani.
1027 4387 1150 4458 «Quoeto
1159 4393 1249 4464 patto,
1265 4393 1297 4444 ut
1312 4386 1390 4458 dicit,
1404 4386 1468 4444 rien
1485 4384 1614 4442 concluso
1625 4390 1667 4440 tra
1678 4381 1785 4440 il’isani
1797 4379 1860 4438 edil
1873 4395 1903 4437 re
1915 4378 1968 4438 cbe

552 4514 566 4548 ι
580 4493 721 4552 donninnre
739 4489 848 4548 l’lllrica
860 4485 1061 4546 settentrionale
1075 4487 1102 4543 in
1115 4486 1195 4560 quell'
1208 4501 1292 4562 epoca
1307 4500 1356 4560 per
1370 4499 1462 4542 mezzo
1478 4484 1505 4540 di
1519 4483 1580 4540 Tiso
1594 4481 1664 4555 tiglio
1680 4479 1707 4538 di
1724 4479 1874 4554 llgoccioue
1892 4477 1920 4534 lo
1938 4477 1967 4534 di

553 4612 567 4646 ι
581 4589 725 4649 lamberte
738 4587 782 4645 cb’
794 4603 841 4645 era
852 4585 1046 4646 ambasciaturo
1057 4585 1138 4644 aloru
1149 4599 1241 4656 nome,
1262 4599 1278 4641 e
1298 4599 1347 4658 par
1362 4581 1451 4656 quello
1468 4579 1658 4654 specialmeutc
1672 4577 1700 4634 di
1715 4576 1819 4634 Torcllo
1833 4575 1861 4632 di
1878 4575 1966 4634 sunu

553 4708 567 4742 ι
582 4687 695 4763 podesta
711 4685 741 4742 iu
759 4685 842 4743 allora
856 4683 926 4743 delle
940 4684 1033 4758 pisana
1045 4681 1191 4757 republica.
1210 4701 1223 4734 ι
1241 4680 1338 4738 Trunci
1352 4685 1443 4737 autem
1455 4684 1484 4736 et
1495 4677 1623 4736 lionoioni
1637 4676 1666 4734 in
1679 4674 1736 4734 suis
1748 4675 1853 4732 illator.
1868 4673 1966 4730 Pinara.

552 4783 657 4844 nonnisi
670 4782 705 4841 ed
714 4798 778 4840 unu.
795 4783 864 4839 liat
876 4781 1079 4856 polcstnrintum
1091 4777 1189 4837 Torelli
1197 4777 1231 4834 de
1240 4775 1330 4836 Stratn
1342 4775 1471 4834 roiernut.
