4658 6132
294 647 393 710 lsntcr.
409 644 453 725 2]
741 640 936 706 HISTORIA
959 639 1249 704 DleOllllTlCll.
1641 641 1697 704 151

275 870 279 882 μ
296 775 478 852 nicationis
491 774 707 864 seutentiam,
725 775 813 850 siem
824 775 1027 850 rationabile
1038 785 1090 850 est
1104 775 1282 872 prolatam,
1296 773 1401 846 lamas
1415 794 1527 869 usque
1542 774 1588 848 ad
1600 775 1700 850 satis·

296 901 479 976 factionem
502 899 710 996 condignam
729 901 929 974 auctoritate
944 909 1079 990 nostra,
1104 899 1239 974 sublato
1252 897 1491 996 appellationis
1505 897 1695 991 obstaculo,

297 1023 439 1098 &miter
453 1022 643 1097 observari.

345 1149 470 1220 Datum
482 1147 629 1237 Perusii,
648 1145 681 1218 X
698 1143 863 1219 kalendas
874 1145 1033 1242 augusti,
1052 1144 1270 1242 pontificatus
1282 1144 1388 1216 nostri
1405 1164 1497 1216 anno
1513 1143 1624 1216 tertio.

345 1267 541 1364 Gregorius,
554 1277 638 1359 eto,
655 1267 781 1360 eidem,
796 1277 862 1341 eto.
880 1269 1030 1342 Dilectus
1046 1268 1138 1342 lilius
1156 1269 1282 1342 nobilis
1296 1267 1352 1340 vir
1369 1269 1409 1340 G.
1426 1267 1471 1340 de
1485 1269 1701 1340 llontsaouto

296 1391 591 1484 crucesignatusa
607 1391 707 1464 nobis
722 1391 894 1464 humiliter
914 1392 1102 1488 postulavit
1128 1401 1168 1464 ut
1189 1391 1551 1466 excommunicationis
1565 1399 1703 1464 senteu-

298 1516 380 1590 tiam
391 1538 497 1611 qnam
509 1537 572 1611 pro
585 1535 647 1604 eo,
663 1523 746 1603 otc,
766 1526 805 1587 ct
817 1538 921 1611 supra
937 1539 1042 1612 enque
1054 1518 1091 1588 io
1105 1517 1219 1608 finem.

352 2108 578 2216 Fridericos,
594 2109 851 2194 Romanorum
870 2108 1089 2218 imperator,
1104 2107 1446 2192 hominesciritotis
1456 2108 1704 2194 Osimietlle-
1739 2123 1897 2180 saonam.

299 2243 423 2326 consti
445 2241 575 2326 fideles
597 2269 688 2327 suos
714 2241 788 2326 sub
803 2243 1032 2353 protectione
1058 2268 1129 2326 sua
1144 2241 1295 2352 recipit,
1318 2243 1599 2352 eisque'omnia
1613 2243 1702 2354 jura

300 2399 432 2458 eorum
460 2385 498 2458 et
527 2377 782 2485 possessiones
816 2375 1040 2483 confirmat,
1071 2375 1168 2459 sicut
1196 2376 1416 2488 Ruynuldus
1451 2377 1530 2460 dux
1560 2376 1701 2487 Spoleti

300 2506 441 2591 eisdem
454 2507 521 2590 illu
538 2533 760 2593 conseruere
775 2533 822 2592 ex
835 2535 906 2592 suo
919 2509 1116 2620 privilegio
1133 2509 1319 2618 promisit.

382 2717 515 2800 (bilder.
538 2722 753 2798 limosam,
772 2721 894 2782 Mamor.
912 2719 1011 2784 briter.
1031 2718 1175 2794 d'Osimo,
1196 2720 1249 2782 llb.
1265 2723 1312 2794 ll,
1331 2739 1363 2798 p.
1381 2729 1510 2782 11⁵.-
1527 2721 1700 2796 chunra,

418 2826 546 2888 Eamus.
559 2825 697 2890 taceare
703 2845 760 2908 per
772 2823 905 2902 Italiam,
920 2845 952 2908 p.
964 2835 1035 2901 tto,
1050 2827 1188 2902 u0vn13
1203 2842 1242 2888 ex
1254 2843 1322 2905 cup.
1336 2827 1470 2890 authent.
1485 2829 1516 2888 tn
1528 2827 1611 2890 arob.
1625 2843 1698 2890 secr.

419 2933 558 3010 Ausim.)

349 3117 388 3188 lu
404 3117 542 3190 nomine
558 3125 676 3190 sancte
691 3125 726 3190 et
744 3116 927 3192 individue
944 3117 1128 3191 Trinitatis.
1144 3117 1362 3210 Fredericus,
1381 3119 1443 3192 Dei
1461 3121 1570 3214 gratia
1581 3121 1702 3194 lloma-

301 3259 423 3312 norum
437 3241 631 3337 imperator,
651 3263 786 3337 semper
800 3250 988 3336 augustus,
1005 3243 1216 3316 Hierusalem
1229 3251 1265 3315 et
1275 3243 1390 3316 Sicilie
1403 3265 1480 3316 rex.
1497 3244 1533 3316 Si
1546 3243 1701 3316 subdito·

301 3382 377 3434 rum
396 3371 590 3436 nostrorum
607 3375 704 3458 grata
722 3365 865 3438 servitia
883 3373 1102 3460 acceptamus
1114 3387 1156 3439 ac
1177 3385 1296 3439 eorum
1316 3367 1492 3440 laboribus
1509 3366 1625 3460 dignis
1641 3368 1703 3441 be-

301 3481 434 3558 nsliciis
448 3486 685 3581 providemus,
700 3497 847 3582 augetur
857 3488 894 3558 iu
905 3489 956 3560 eis
969 3486 1108 3562 devotio
1122 3487 1204 3562 lidei
1216 3498 1251 3562 et
1265 3498 1334 3562 tum
1345 3489 1411 3585 ipsi
1420 3511 1526 3584 quam
1541 3490 1642 3562 ceteri
1656 3487 1702 3562 ud

302 3616 417 3680 nostra
433 3609 574 3682 servitia
589 3611 778 3683 ferventius
789 3611 999 3685 animantur.
1019 3611 1105 3684 lude
1122 3620 1174 3684 est
1191 3611 1287 3706 quod
1307 3633 1371 3685 uos
1393 3612 1606 3685 attendentes
1621 3609 1702 3684 lidei

302 3731 484 3826 puritatem
495 3743 535 3807 et
552 3743 649 3825 grata
664 3735 746 3807 satis
760 3757 801 3808 ao
819 3744 959 3832 accepts
976 3734 1116 3808 servitia
1131 3757 1201 3829 que
1216 3735 1370 3808 universi
1384 3735 1540 3808 homines
1554 3735 1704 3808 civitatis

302 3851 444 3926 Auximi
466 3853 586 3929 lideles
605 3859 711 3932 nostri
731 3859 832 3931 nobis
855 3867 890 3932 et
911 3858 1056 3954 imperio
1078 3879 1213 3954 semper
1227 3867 1261 3931 ot
1279 3857 1404 3932 devote
1422 3859 1641 3954 prestiterunt
1662 3877 1704 3930 ac

302 3985 452 4072 prestare
465 3989 626 4074 poterunt
644 3981 681 4052 in
698 3982 870 4073 luturum,
887 3981 981 4078 ipsos
994 3981 1061 4054 sub
1078 3981 1217 4077 speciali
1235 3980 1444 4076 protectione
1456 3991 1491 4053 et
1506 3980 1705 4054 defensione

302 4097 437 4196 imperii
451 4105 656 4198 recepimus,
673 4103 909 4200 promittentes
922 4105 1014 4200 ipsos
1028 4125 1230 4177 conservare
1244 4105 1280 4175 in
1291 4103 1447 4176 libertate
1459 4113 1493 4176 et
1508 4104 1599 4175 bono
1612 4112 1701 4176 statu

303 4243 366 4295 suo
381 4244 446 4296 nec
462 4245 531 4296 non
549 4225 723 4298 civitatem
739 4225 849 4321 ipsam
863 4247 943 4298 cum
961 4225 1122 4298 omuibus
1133 4225 1273 4316 justitiis
1287 4234 1322 4298 et
1340 4225 1530 4298 rationibus
1544 4225 1629 4315 suis,
1651 4225 1705 4298 vi-

303 4343 426 4419 delicet
439 4347 674 4452 comitatibus,
691 4349 847 4423 districtu
859 4358 894 4424 et
904 4349 1201 4441 jurisdictionibus
1216 4357 1250 4422 et
1266 4348 1343 4422 aliis
1358 4349 1511 4444 ipsorum
1526 4348 1705 4444 pertinen-

303 4467 360 4540 tiis
380 4477 415 4542 et
434 4469 639 4564 honoribus,
660 4493 700 4544 ac
716 4481 865 4545 castum
880 4471 1015 4566 Cinguli
1035 4481 1274 4558 manutenere;
1290 4473 1383 4545 villis
1401 4474 1505 4546 etiam
1529 4481 1563 4544 et
1583 4473 1706 4544 ceteris

305 4588 350 4664 de
375 4590 529 4664 districtu
555 4614 674 4666 eorum
699 4593 943 4667 confirmamus
968 4602 1004 4666 et
1022 4593 1244 4667 concedimus
1268 4594 1470 4668 libertatem.
1493 4593 1586 4668 Etsi
1607 4591 1710 4688 quod·

305 4723 454 4787 casuum
473 4715 528 4788 vel
545 4716 627 4790 villa
637 4717 684 4790 ab
694 4717 811 4812 aliquo
829 4718 885 4790 vel
900 4716 1075 4812 aliquibus
1086 4725 1138 4790 est
1151 4715 1289 4792 detenta
1300 4719 1356 4792 vel
1370 4725 1557 4815 occupata,
1573 4739 1615 4790 ea
1630 4717 1706 4790 sine
