4642 6106
551 633 607 696 192
1045 633 1258 694 FlillllllllCl
1284 634 1457 698 securta!
1776 638 1852 724 [tius.
1871 642 1957 703 luto.

547 769 672 840 tionem
690 765 881 840 abbatissas
894 769 1069 861 regulares
1080 769 1183 861 juxta
1201 767 1376 844 demetam
1397 773 1505 846 sancti
1521 773 1697 848 Benedicti
1715 774 1810 846 omni
1825 773 1959 848 conun-

547 893 696 966 dictione
713 901 845 964 remota
853 891 1102 984 substituendi,
1117 893 1183 968 boc
1196 894 1316 968 addito
1329 897 1377 984 si,
1394 898 1491 992 quod
1506 899 1614 988 absit,
1625 898 1742 992 aliqua
1759 899 1959 994 principalis

545 1026 695 1114 potestas
716 1017 844 1108 injuste
862 1015 956 1089 idem
976 1015 1226 1092 'monasterium
1251 1021 1306 1092 vel
1330 1043 1386 1093 res
1405 1043 1487 1094 snas
1507 1022 1613 1095 alicui
1631 1018 1729 1096 alteri
1754 1021 1959 1096 monasterio

545 1145 601 1216 uel
621 1165 766 1240 persone
778 1143 883 1216 alieni
900 1144 1052 1216 subdere
1068 1145 1125 1217 vel
1139 1145 1175 1216 in
1191 1144 1397 1218 beneficium
1411 1147 1496 1220 dore
1509 1157 1571 1220 ant
1582 1149 1618 1220 in
1634 1147 1875 1243 proprietatem
1886 1149 1957 1222 do-

547 1291 627 1342 nare
641 1269 696 1340 vel
710 1268 946 1363 qualicunque
958 1269 1098 1362 ingenio
1110 1269 1192 1341 huic
1204 1270 1380 1366 proposito
1390 1272 1587 1346 abalienare
1599 1271 1758 1363 voluerit,
1776 1271 1957 1366 proximus
2001 1365 2003 1367 ,

544 1393 860 1489 predictiAribonis
871 1394 971 1465 heres
978 1393 1228 1466 tamdiuinsua
1239 1403 1405 1488 potestate
1417 1393 1956 1490 retineretquonsquenostrorel

545 1538 782 1588 successorum
801 1527 995 1589 nostrornm
1010 1516 1182 1609 adjutorio
1196 1518 1243 1591 ad
1257 1527 1384 1590 statum
1403 1519 1599 1592 monasterii
1616 1519 1711 1593 unde
1726 1529 1844 1594 contra
1852 1521 1959 1612 juset

546 1643 595 1712 las
611 1642 724 1713 ablato
741 1641 869 1713 luerint
882 1641 1005 1714 iterum
1020 1640 1164 1714 reducat
1174 1652 1209 1714 et
1223 1641 1259 1713 in
1275 1643 1453 1736 pristinam
1466 1645 1657 1717 libertatem
1668 1643 1958 1739 stabilitatemque

543 1767 712 1838 restituat.
723 1767 830 1838 lastis
845 1765 951 1860 igitur
968 1765 1115 1860 predicti
1132 1765 1292 1840 Aribonis
1309 1767 1533 1862 petitionibus
1548 1758 1752 1858 annuentes,
1766 1789 1808 1842 ao
1821 1789 1891 1862 qno
1902 1789 1957 1840 ro·

544 1901 685 1985 gereret
700 1901 817 1962 tenore
832 1891 1002 1984 prelatum
1018 1889 1263 1962 monasterium
1275 1913 1356 1964 cum
1369 1891 1606 1973 monachabus
1621 1891 1749 1966 ibidem
1765 1892 1799 1964 in
1817 1911 1958 1987 presens

546 2015 676 2087 collatis
694 2016 749 2086 vel
773 2014 991 2087 conterendis
1008 2015 1044 2086 in
1061 2023 1234 2109 posterum
1256 2017 1291 2088 in
1308 2026 1460 2092 nostram
1483 2017 1733 2090 immunitatem
1748 2015 1955 2112 recepimus,

543 2149 579 2210 ct
595 2139 661 2210 boc
676 2139 770 2232 regie
784 2147 819 2210 ct
837 2138 1053 2233 imperatorie
1071 2139 1222 2236 precepti
1241 2141 1347 2214 nostri
1365 2143 1521 2216 libertate
1544 2141 1708 2215 donatum
1732 2151 1768 2213 et
1791 2149 1956 2236 perpetuo

546 2262 783 2336 ‹onfirmatnm
801 2273 916 2336 nostre
933 2285 1058 2336 manus
1073 2264 1325 2360 subscriptione
1342 2265 1581 2338 roboravimus
1597 2276 1632 2338 et
1648 2265 1683 2336 in
1697 2275 1813 2339 eterne
1825 2285 1955 2338 memo·

546 2387 596 2458 ric
615 2385 846 2458 testimonium
870 2386 975 2480 sigilli
992 2387 1098 2459 nostri
1126 2386 1338 2482 appensione
1363 2387 1492 2460 muniri
1519 2389 1748 2484 precepimus.
1766 2427 1812 2442 -
1832 2391 1956 2461 Datum

548 2509 703 2582 kalendis
719 2510 818 2600 maii,
839 2509 1028 2584 indictione
1044 2513 1107 2601 lll‚
1123 2532 1215 2585 anno
1236 2511 1409 2586 dominice
1429 2513 1676 2586 inonmationis
1695 2513 1742 2587 ll.
1764 2513 1846 2604 llll,
1866 2533 1958 2586 anno

547 2627 676 2708 domini
701 2635 852 2706 Hainrici
876 2637 1021 2710 secundi
1046 2645 1213 2731 regnante
1227 2637 1298 2734 (sic)
1312 2639 1410 2728 XlX,
1435 2637 1568 2734 imperii
1587 2659 1671 2710 vero
1684 2639 1757 2711 llll.
1771 2638 1957 2710 *Actum

546 2761 646 2832 Wloe
664 2759 732 2856 (c),
753 2760 941 2833 venerabili
959 2781 1048 2856 papa
1065 2761 1251 2834 Benedicto
1268 2769 1427 2858 presente
1440 2771 1476 2834 et
1493 2761 1728 2835 confirmante.
1745 2801 1796 2816 ·-·
1813 2761 1965 2854 Signum

547 3007 771 3079 cancellarius
786 3008 864 3080 vioe
877 3008 1086 3082 Erkanbaldi
1103 3009 1369 3106 archicapellani
1387 3011 1599 3105 recognovit.
1618 3009 1908 3106 (Mouoprnmam).

595 3131 665 3202 Nos
690 3139 806 3202 antem
828 3131 1095 3226 supplicationes
1122 3132 1232 3228 ipsius
1257 3134 1431 3208 abbatisse
1452 3135 1555 3207 Otilie
1579 3133 1810 3206 favorabiliter
1831 3132 1955 3205 admit·
2041 3196 2046 3206 .

549 3263 675 3345 tentes,
693 3254 739 3326 ob
754 3254 846 3326 illius
861 3254 1025 3327 intuitum
1041 3277 1220 3351 perquem
1237 3256 1380 3330 feliciter
1395 3257 1549 3330 vivimus
1567 3267 1603 3330 et
1622 3278 1824 3350 regnamus,
1844 3255 1881 3326 in
1902 3275 1957 3326 re·

549 3378 701 3451 medium
714 3379 907 3451 animarum
919 3380 1080 3452 divorum
1093 3389 1318 3474 augustorum
1332 3391 1510 3476 parentum
1521 3389 1729 3462 nostrorum,
1741 3377 1957 3476 privilegium

549 3502 787 3598 supradictum
802 3512 837 3575 ct
853 3503 1022 3598 quioquid
1039 3503 1232 3576 continetur
1246 3504 1283 3574 in
1297 3523 1340 3578 eo
1352 3503 1450 3600 quod
1465 3503 1727 3599 perdictinotnm
1741 3503 1867 3597 legitur
1880 3521 1959 3598 pro·

549 3628 725 3700 nominato
743 3629 951 3700 monasterio
970 3627 1140 3701 duximus
1155 3627 1450 3718 confirmandum,
1469 3629 1515 3701 de
1528 3627 1638 3722 gratia
1651 3625 1792 3722 speciali
1807 3624 1957 3722 prasenti

549 3751 656 3824 divali
677 3739 1047 3847 pagina'indulgentes
1064 3752 1178 3826 eidem
1197 3761 1237 3824 ut
1258 3753 1288 3824 si
1313 3753 1393 3847 quis
1414 3762 1532 3826 contra
1554 3759 1747 3846 presentem
1765 3743 1957 3821 libertatem

549 3875 593 3948 de
606 3875 788 3970 eligendis,
807 3885 846 3946 ut
860 3875 991 3948 dictum
1002 3885 1066 3966 est,
1080 3875 1259 3950 advocatie
1273 3899 1295 3948 a
1305 3877 1377 3969 jam
1393 3877 1486 3950 dioto
1499 3877 1704 3971 imperatore
1715 3872 1958 3969 predecessore

547 4009 663 4072 nostro
681 4000 748 4073 sibi
762 4021 975 4090 concessam,
986 3999 1204 4073 advocatiam
1214 3999 1249 4070 in
1264 4001 1339 4073 loco
1352 4001 1428 4096 ipso
1447 4009 1574 4073 temere
1591 4019 1759 4098 usurpare
1777 4013 1957 4092 presump-

547 4123 640 4214 serit,
656 4124 732 4200 talis
746 4127 959 4220 usurpatoris
973 4121 1155 4198 advocatia
1169 4129 1349 4196 censeatur
1364 4123 1458 4197 irrita
1474 4145 1539 4196 nec
1552 4121 1704 4217 aliquam
1719 4121 1792 4194 vim
1805 4119 1958 4192 obtineat

548 4247 729 4322 firmitatis.
748 4249 940 4320 Statnimns
955 4247 1060 4342 igitur
1075 4248 1221 4320 utnulla
1236 4268 1382 4342 persona
1396 4247 1466 4320 alta
1481 4248 1538 4319 vel
1552 4244 1710 4332 humilis,
1728 4237 1957 4316 ecclesiastica

549 4371 605 4444 uel
617 4371 801 4462 secularis,
819 4382 937 4444 contra
952 4372 1019 4444 hoc
1033 4369 1302 4442 confirmationis
1316 4367 1430 4442 nostre
1443 4367 1665 4464 privilegium
1678 4367 1870 4462 predictum
1886 4375 1959 4436 mo·

549 4495 736 4567 nasterinm
749 4496 931 4568 molestare
943 4505 1129 4590 presumat.
1146 4493 1249 4580 Quod
1258 4493 1320 4587 qui
1330 4493 1594 4588 presumpserit,
1612 4499 1725 4586 preter
1739 4487 1957 4582 indignatio-

588 4749 625 4833 (a)
646 4752 706 4830 Slc,
722 4753 920 4815 vertalmlllter
933 4768 986 4830 pro
996 4748 1100 4826 Μὰ,
1116 4759 1151 4814 ot
1162 4757 1261 4814 monet
1272 4749 1462 4823 Boabmmm
1476 4749 1600 4830 deaut,
1614 4763 1646 4824 p.
1665 4754 1733 4818 ιιι,
1748 4755 1783 4806 n·
1797 4751 1870 4806 tot.
