4658 6132
562 649 622 712 nst
1060 653 1276 721 rnrnnnrcr
1300 642 1477 730 sncnnnr
1783 671 1863 758 [aas
1883 675 1969 739 raes.

558 784 676 858 nerins
693 783 926 877 Alemannus‚
952 784 1063 881 aymo
1077 810 1185 886 nepos
1199 795 1293 888 ejus,
1316 798 1490 896 nymarus
1508 823 1616 900 nepos
1636 804 1907 908 iratrisAymari
1926 810 1972 886 de

558 908 663 984 domo
676 908 854 1004 hospitalis
869 911 980 982 sancti
994 911 1171 1006 lobannis,
1187 921 1291 993 etalii
1304 945 1411 1018 qnam
1424 927 1552 1024 plnres.

605 1031 692 1105 Acta
707 1040 789 1105 sunt
809 1032 874 1106 bec
897 1055 990 1107 anno
1008 1037 1181 1113 dominice
1195 1042 1441 1124 incarnationis
1455 1053 1637 1126 millesimo
1655 1053 1893 1130 ducentesimo
1914 1057 1969 1130 vi·

556 1157 683 1232 oesimo
697 1178 802 1246 nono,
819 1179 938 1231 mense
952 1161 1082 1255 aprilis,
1095 1168 1248 1241 secunde
1264 1169 1475 1264 indictionis,
1493 1176 1683 1272 impemnte
1699 1178 1840 1251 domiuo
1853 1189 1969 1256 nostro

555 1281 742 1370 Friderico,
759 1283 819 1354 Dei
835 1283 946 1378 gratia
959 1305 1178 1361 romanorum
1195 1291 1411 1390 imperatore,
1428 1321 1563 1395 semper
1576 1309 1736 1396 augusto,
1755 1303 1968 1378 Hierusalem

556 1415 592 1479 et
604 1406 720 1479 Sicilie
736 1427 831 1500 rege,
847 1429 939 1481 anno
952 1409 1095 1484 Romani
1110 1413 1245 1510 imperii
1259 1421 1335 1512 ejus
1350 1443 1462 1512 nono,
1480 1425 1578 1519 regni
1595 1425 1805 1500 Hierusalem
1821 1437 1964 1523 quarto,

555 1529 655 1623 regni
671 1551 754 1606 vero
768 1531 884 1605 Sicilie
897 1531 1073 1626 trigesimo
1086 1537 1210 1630 primo,
1229 1543 1384 1619 feliciter.
1401 1545 1523 1620 Amen.

602 1655 730 1728 Datum
747 1655 843 1751 apud
862 1655 992 1748 Accon,
1011 1682 1113 1752 auno,
1131 1684 1248 1738 mense
1260 1677 1294 1740 et
1308 1669 1497 1744 indictione
1510 1673 1718 1770 prescriptis.

609 2221 846 2330 indemens,
871 2225 1129 2312 Romanorum
1149 2229 1368 2340 imperator,
1388 2233 1610 2318 consulibus
1627 2245 1666 2318 et
1687 2237 1882 2320 communi
1897 2237 1965 2321 Pi-

553 2379 737 2438 sanorum
752 2357 855 2465 apud
871 2356 997 2442 Accon
1011 2359 1251 2471 privilegium
1265 2363 1392 2448 curiae
1410 2366 1585 2474 propriae
1598 2369 1779 2476 restituit,
1795 2394 1874 2478 quo
1896 2395 1965 2478 per

550 2487 739 2704 'fl'homrpm
762 2492 940 2594 comitem
962 2491 1189 2576 deerrarum
1203 2495 1296 2578 olim
1315 2497 1436 2605 ipsius
1458 2499 1567 2608 regni
1601 2499 1776 2610 bajulum
1794 2500 1962 2584 destituti

566 2647 683 2706 ueran
704 2683 713 2703 .

629 2836 1101 2916 [Edld.Funrn10nsnBonco,
1121 2838 1256 2902 raccolta
1278 2839 1311 2902 di
1329 2841 1451 2924 diprlcnti
1468 2845 1588 2922 Pisani,
1609 2863 1640 2924 p.
1659 2855 1731 2919 tto,
1747 2849 1961 2922 consumpto

667 2945 803 3005 authent.
819 2953 853 3005 at
871 2947 981 3019 martll,
996 2962 1068 3006 ann.
1088 2945 1189 3026 1248.)

596 3132 811 3222 Fredericus,
832 3133 895 3204 Dei
911 3134 1020 3226 gratia
1036 3134 1267 3206 Romanorum
1287 3134 1483 3229 imperator,
1505 3157 1640 3232 semper
1658 3145 1845 3231 augustus,
1862 3137 1959 3210 Jeru-

547 3258 654 3330 salem
675 3264 710 3329 et
726 3257 840 3329 Sicilie
853 3279 929 3329 rex.
949 3257 1012 3330 Per
1027 3253 1196 3352 [presens]
1213 3257 1377 3352 scriptum
1397 3270 1516 3332 uotum
1536 3260 1679 3334 iacimus
1695 3259 1867 3333 universis
1890 3269 1958 3332 tam

547 3381 764 3478 presentibus
789 3404 893 3474 quam
914 3381 1037 3453 tuturis
1063 3382 1158 3474 quod
1183 3383 1373 3476 Malpillus,
1400 3383 1541 3478 Pipinus
1561 3392 1597 3456 et
1613 3385 1780 3456 Beuectus
1801 3383 1959 3456 consules

547 3505 748 3577 Pisanorum
767 3505 802 3574 in
822 3501 960 3576 Accone
975 3503 1094 3577 fideles
1113 3505 1218 3577 nostri
1238 3507 1284 3579 ad
1301 3515 1452 3578 nostram
1469 3507 1676 3602 presentium
1697 3506 1874 3580 venientes
1895 3527 1958 3602 pro

547 3637 643 3725 parte
675 3629 829 3701 omnium
861 3629 1062 3701 Pisanorum
1099 3627 1254 3712 fidelium
1285 3639 1478 3702 nostrornm
1504 3639 1740 3726 exposuerunt
1761 3629 1956 3703 celsitudini

548 3763 663 3826 nostre
683 3753 876 3846 quodcum
900 3753 1016 3824 nullus
1032 3753 1176 3824 Pisanus
1200 3753 1277 3846 cogi
1300 3752 1424 3826 debeat
1439 3776 1501 3849 per
1525 3755 1659 3846 bajulos
1677 3753 1821 3826 cathene
1836 3752 1883 3826 ad
1908 3755 1958 3826 sa·

547 3877 706 3951 ciendam
724 3877 827 3949 alicui
848 3878 1027 3968 rationem,
1047 3877 1159 3950 sedin
1178 3876 1274 3948 curia
1293 3877 1493 3951 Pisanorum
1516 3877 1678 3949 omnibus
1694 3876 1792 3948 dese
1809 3897 1955 3970 queren-

546 4001 639 4074 tibus
652 4023 730 4073 eam
754 4003 865 4073 lacere
878 4009 1053 4089 teneatur,
1081 4001 1228 4072 Thomas
1248 4020 1363 4073 comes
1376 4000 1580 4073 Acerrarnm
1595 3999 1708 4075 fidelis
1722 4008 1850 4088 noster,
1871 3999 1954 4071 olim

546 4147 625 4198 cum
641 4127 754 4220 ipsum
772 4125 901 4197 balium
920 4125 956 4196 in
976 4123 1169 4218 predictum
1188 4144 1334 4216 regnum
1351 4131 1505 4196 nostrum
1523 4123 1834 4196 ierosolimitanam
1852 4121 1957 4196 duxi·

546 4271 625 4320 mus
641 4229 903 4338 destinandum,
928 4249 1022 4343 ipsos
1037 4247 1082 4320 de
1101 4246 1254 4340 predicta
1272 4245 1427 4318 destituit
1441 4247 1595 4320 libertate
1609 4267 1736 4341 cogens
1751 4267 1810 4318 eos
1824 4245 1860 4316 in
1878 4266 1955 4340 pre·

545 4373 638 4446 dicta
653 4373 798 4444 cathene
811 4373 906 4444 curia
920 4369 1141 4465 respondere.
1163 4370 1278 4454 Quare
1292 4368 1374 4441 dicti
1390 4372 1548 4442 consules
1563 4391 1626 4466 pro
1643 4369 1817 4444 communi
1832 4369 1955 4442 Pisano

545 4517 610 4567 nos
637 4495 799 4568 attentius
824 4494 1063 4590 supplicarunt
1078 4503 1117 4566 ut
1138 4493 1188 4566 eis
1203 4493 1237 4564 in
1258 4495 1337 4586 jure
1354 4513 1419 4566 suo
1441 4492 1624 4589 providero
1640 4491 1685 4566 de
1705 4501 1820 4566 nostra
1845 4491 1955 4585 matie

544 4618 778 4712 dignaremur.
815 4619 886 4690 Nos
922 4628 1037 4690 autem
1066 4616 1375 4712 supplicationibus
1404 4637 1523 4690 eorum
1553 4615 1738 4710 benignius
1776 4613 1950 4704 inclinati,

542 4741 696 4816 maxime
711 4762 791 4813 cnm
811 4741 922 4814 dictos
936 4741 1143 4814 consuisset
1164 4740 1306 4814 Pisanos
1319 4760 1439 4814 omnes
1459 4749 1635 4836 promptos
1659 4759 1795 4834 semper
1810 4738 1953 4812 iuvene·
