4658 6132
616 667 674 730 rso
1111 665 1322 728 curuantur
1347 665 1521 728 saccum
1837 661 1914 746 [nau.
1931 663 2003 727 uuo

660 799 730 874 Nos
744 807 860 872 autem
878 799 999 894 prelati
1021 797 1156 872 abbatis
1176 799 1289 876 fidelis
1306 799 1414 874 nostri
1439 799 1575 874 devotis
1596 797 1905 894 supplicationibus
1923 799 2008 872 bani

611 923 715 1018 gaius
726 921 891 1004 inclinati,
899 922 1114 996 attendentes
1125 943 1266 1017 qnoque
1279 921 1498 996 devotionem
1511 921 1680 993 sincerum
1690 942 1795 1014 qnam
1807 919 1901 994 idem
1914 919 2009 995 abbas

610 1047 739 1120 habere
747 1045 962 1140 dignoscitur
971 1066 1055 1140 erga
1067 1055 1181 1119 nostre
1188 1045 1429 1120 celsitudinem
1440 1044 1641 1138 majestatis,
1654 1043 1910 1119 considerantes
1919 1045 2008 1118 etiam

612 1168 706 1264 quod
720 1169 926 1242 exhibemus
941 1169 1148 1262 obsequium
1164 1170 1236 1242 lieo
1254 1177 1389 1264 gratum
1403 1169 1430 1242 si
1448 1168 1704 1264 progenitorum
1722 1177 1915 1242 nostrornm
1928 1167 2012 1242 divo

612 1316 689 1367 rum
703 1305 929 1386 augustorum
943 1293 1106 1364 memorie
1118 1292 1300 1366 mcolende
1312 1293 1461 1386 vestigia
1472 1299 1719 1388 prosequentes
1731 1291 1821 1364 circa
1834 1292 2011 1386 proiectum

612 1417 775 1490 antedicti
793 1415 989 1489 monasterii
1007 1425 1076 1488 tam
1099 1416 1284 1490 liberaliter
1297 1415 1509 1490 intendimus
1528 1436 1635 1510 qnam
1649 1415 1811 1506 libenter,
1831 1414 2011 1510 predictum

614 1541 835 1637 privilegium
858 1540 948 1613 sicut
975 1539 1020 1614 de
1045 1541 1153 1613 verbo
1178 1541 1226 1615 ad
1250 1541 1395 1614 verbnm
1417 1539 1579 1636 superius
1600 1539 1767 1634 scriptum
1785 1547 1837 1611 est
1856 1538 2012 1631 jussimus

614 1663 784 1754 innovari,
799 1672 834 1735 ot
843 1683 913 1758 que
925 1663 1144 1736 continentur
1154 1663 1190 1734 iu
1202 1665 1488 1759 copreuomiuato
1497 1663 1627 1754 abbati,
1639 1661 1972 1736 successoribussuis
1982 1671 2012 1732 et

613 1757 820 1860 mouus'lerlo
837 1785 1013 1882 sepedicto
1027 1784 1073 1860 de
1092 1787 1210 1860 innata
1224 1787 1446 1882 benignitatis
1460 1797 1575 1861 nostru
1591 1788 1700 1881 gretia
1720 1794 1887 1882 perpetuo
1904 1783 2015 1858 conir-

615 1933 762 1984 mumus.
780 1911 824 1982 Ut
841 1919 956 1983 autem
972 1911 1036 1984 bec
1051 1919 1166 1984 nosba
1178 1909 1392 1986 confirmatio
1402 1912 1509 1984 robur
1520 1911 1673 1984 obtineat
1683 1919 1848 2005 perpetuo
1859 1907 2017 1982 firmitatis

615 2056 756 2130 presens
774 2033 996 2129 privilegium
1018 2033 1143 2108 floriet
1160 2035 1274 2130 sigillo
1290 2045 1404 2110 nostre
1420 2034 1607 2129 majestatis
1618 2035 1786 2128 jussimus
1804 2031 2012 2106 communiri.

663 2159 773 2250 Hujus
794 2157 842 2228 rei
867 2166 968 2230 testes
989 2167 1070 2229 sunt
1094 2158 1300 2233 Bertholdus
1319 2158 1528 2232 venerabilis
1550 2157 1790 2252 Aquilegeusis
1810 2155 2013 2253 patriarcba,

615 2279 836 2354 Eberhardus
852 2282 1110 2376 salzburgensis
1126 2283 1418 2378 archiepiscopus,
1437 2285 1476 2354 L.
1492 2283 1645 2376 llaginus
1661 2280 1952 2376 archiepiscopus,
1970 2277 2017 2350 Si-

616 2404 728 2477 lridus
744 2405 1000 2501 Rutisponensis
1021 2406 1222 2502 episcopus,
1243 2407 1389 2480 Kurolns
1408 2405 1592 2500 episcopus
1609 2403 1912 2493 Scccoviemis,...
1935 2401 2016 2498 epis

616 2549 725 2624 copus
737 2527 783 2601 de
797 2529 962 2620 Triesten,
975 2529 1157 2601 Heinricus
1171 2529 1383 2602 Pataviansis
1396 2528 1603 2624 prepositus,
1618 2526 1824 2600 Chunradns
1835 2525 2018 2599 indicemis

616 2653 823 2750 prepositus,
841 2651 1044 2748 Lyopnldus
1061 2653 1202 2724 illustris
1218 2653 1354 2724 Austris
1369 2661 1404 2724 et
1413 2653 1515 2725 Stiria
1532 2651 1621 2742 dux,
1637 2653 1715 2724 Otto
1729 2650 1806 2724 dux
1824 2649 1976 2723 bier-anie
1988 2657 2019 2720 at

617 2779 789 2872 palatinus
803 2775 1024 2870 Burgundio,
1046 2775 1266 2850 Bernhardns
1279 2775 1356 2849 dux
1369 2775 1559 2866 Karintbie,
1573 2774 1772 2870 iluynaldus
1789 2773 1866 2846 dux
1881 2772 2016 2870 Spoleti,

616 2901 746 2994 ltupoto
766 2898 938 2994 palatinus
955 2919 1070 2972 comes
1087 2907 1121 2970 et
1139 2901 1242 2972 irater
1259 2901 1335 2992 ejus
1350 2920 1465 2972 comes
1481 2899 1661 2972 Heinricus
1679 2897 1724 2972 do
1742 2897 1947 2986 Ortenberc,
1968 2895 2020 2966 Ul-

617 3023 710 3095 ricus
730 3022 776 3096 de
791 3023 919 3113 Pecku,
939 3021 1158 3096 Aldemarius
1180 3021 1225 3096 de
1243 3023 1482 3116 Cbucriugen,
1505 3020 1745 3116 Engelhurdus
1769 3031 1804 3094 et
1819 3023 1926 3096 irater
1942 3041 2021 3094 snus

457 3207 461 3214 .
617 3145 810 3218 Fridericus
822 3145 867 3219 de
881 3145 1093 3237 Adelecbon,
1112 3146 1317 3220 Cbunradus
1331 3145 1377 3220 de
1391 3147 1588 3220 Hubenloch
1604 3167 1719 3220 comcs
1733 3147 1950 3236 Romaniola,
1967 3144 2020 3214 ΑΙ·

618 3271 737 3342 bertus
753 3271 979 3344 [limessindle
997 3269 1026 3365 (l
1036 3269 1063 3366 ),
1084 3269 1257 3344 Goliridns
1273 3269 1318 3342 de
1331 3271 1516 3365 Solzpurcb
1530 3279 1565 3344 et
1578 3271 1637 3342 ulii
1651 3269 1902 3365 quamplures.

666 3393 810 3487 Signum
831 3393 962 3469 domini
986 3393 1149 3467 Frideriei
1175 3392 1319 3466 secundi
1339 3393 1402 3466 Dei
1425 3393 1534 3488 gratia
1556 3391 1774 3466 illustrissimi
1794 3393 2024 3466 Romanomm

619 3517 846 3612 imperatoris,
863 3539 999 3614 semper
1014 3519 1169 3612 augusti,
1186 3519 1373 3592 Jerusalem
1392 3528 1426 3592 et
1439 3517 1553 3590 Sicilie
1566 3518 1670 3612 regis.
1690 3517 1979 3614 (dionoprommo.)

668 3641 754 3714 Acta
769 3651 851 3714 sunt
866 3643 932 3713 bec
948 3663 1039 3714 anno
1057 3641 1231 3716 dominice
1250 3641 1493 3714 incarnationis
1510 3639 1690 3714 millesimo
1706 3639 1945 3715 ducentesimo
1964 3639 2026 3710 tri·

618 3765 759 3856 ccsimo,
781 3785 898 3836 mense
917 3764 1052 3858 aprilis,
1068 3766 1168 3838 tertie
1186 3765 1400 3855 indictionis,
1418 3765 1606 3860 imperante
1622 3763 1762 3838 domino
1778 3773 1895 3836 nostro
1911 3761 2026 3836 Fride-

619 3889 690 3960 rico
699 3889 761 3960 Dei
772 3889 882 3982 gratia
897 3887 1125 3960 invictissimo
1137 3890 1368 3962 Romanorum
1379 3889 1595 3983 imperatore,
1609 3888 2026 3984 semperangnsto,1eru-

617 4015 723 4086 salem
744 4023 778 4084 et
796 4013 910 4085 Sicilie
928 4033 1028 4105 rege,
1050 4035 1141 4086 anno
1160 4014 1294 4108 imperii
1313 4017 1388 4107 ejus
1402 4013 1550 4104 decimo,
1566 4013 1664 4106 regni
1684 4013 1871 4086 Jerusalem
1889 4011 2025 4106 quinto,

619 4138 716 4231 regni
732 4159 814 4211 vero
831 4138 945 4211 Sicilie
963 4138 1134 4212 tricesimo
1147 4137 1321 4227 secundo,
1338 4137 1492 4210 feliciter.
1509 4137 1632 4208 Amen.
1670 4187 1675 4194 -

667 4264 791 4334 Datum
806 4262 922 4358 Fogie,
939 4283 1044 4353 anuo,
1061 4283 1179 4334 mense
1193 4271 1227 4334 et
1244 4259 1431 4336 indictione
1444 4261 1651 4356 prescriptis.

656 4565 688 4638 (4)
707 4567 888 4625 verisimiliter
898 4567 1038 4642 legandum
1051 4569 1204 4628 illuderunt.
