4710 6076
395 641 492 704 horor.
511 635 555 710 1.]
840 624 1037 688 HISTORIA
1063 625 1355 692 ulunotlllrlcn
1744 625 1801 688 ³¹11

397 775 473 871 ipse
485 768 626 864 elegerit
637 765 774 840 villicus
786 771 902 837 noster
914 762 1136 859 provincialis
1151 765 1354 838 auctoritate
1370 770 1487 836 nostru
1500 769 1754 859 procuratorem
1769 771 1804 834 et

392 897 548 992 judicem
567 912 672 988 super
690 887 847 962 homines
869 885 1011 959 ecclesie
1028 885 1213 960 substituet
1226 889 1389 962 eumdem
1402 896 1438 960 et
1455 885 1500 960 de
1515 884 1650 958 iuribus
1666 893 1701 959 et
1716 905 1802 981 pro-

396 1020 503 1093 tervis
518 1028 553 1092 et
568 1012 791 1112 petitionibus
807 1011 843 1083 in
857 1009 1056 1082 homiuibus
1069 1011 1213 1085 ecclesie
1225 1013 1324 1086 lactis
1342 1012 1419 1085 sive
1436 1011 1473 1082 in
1492 1009 1647 1084 terminis
1660 1010 1804 1084 ecclesie

397 1143 472 1218 sive
486 1149 584 1214 extra
601 1138 765 1212 terminos
778 1134 929 1208 mediam
946 1143 1079 1230 partem
1094 1157 1142 1208 ex
1157 1144 1255 1233 parte
1276 1145 1393 1210 nostra
1414 1135 1561 1231 accipiat
1582 1135 1748 1208 scultetus
1769 1143 1805 1207 et

397 1266 548 1340 mediam
566 1273 698 1360 partem
724 1260 845 1333 abbas.
865 1259 901 1330 Si
922 1267 1037 1330 autem
1060 1261 1225 1332 scultetus
1251 1260 1343 1334 idem
1368 1259 1527 1332 abbatem
1552 1258 1665 1354 ipsum
1688 1267 1723 1330 et
1742 1257 1805 1331 bo-

397 1391 509 1463 miues
523 1408 604 1460 suos
622 1385 804 1460 offenderit
816 1380 983 1470 indebite,
1002 1383 1111 1455 abbas
1124 1385 1278 1478 prelatus
1296 1393 1331 1456 et
1344 1384 1420 1476 ejus
1432 1403 1646 1456 successores
1662 1383 1806 1455 liberam

398 1511 578 1585 habebunt
599 1509 800 1583 electionem
821 1507 857 1578 in
876 1505 982 1578 alium
1001 1505 1185 1578 scultetum
1205 1506 1411 1579 faciendam.
1432 1507 1468 1578 Si
1484 1528 1569 1578 vero
1583 1507 1700 1600 aliquo
1722 1528 1805 1580 essu

400 1636 457 1708 vel
475 1633 695 1730 suggestione
716 1631 870 1726 qualibet
892 1630 968 1725 ipsa
988 1629 1168 1704 advocatia
1192 1629 1268 1703 sive
1283 1629 1515 1726 possessiones
1536 1629 1807 1724 qualescumque

401 1757 514 1832 eidem
533 1758 715 1830 attinentes
736 1754 781 1828 de
802 1763 915 1828 cetero
940 1754 985 1826 de
1007 1775 1113 1826 manu
1133 1761 1249 1827 nostra
1270 1755 1327 1828 vel
1353 1774 1589 1826 successorum
1612 1761 1806 1825 nostrorum

400 1881 546 1954 alienata
563 1880 690 1951 fuerint
704 1878 778 1952 sive
794 1899 856 1973 per
873 1877 1144 1950 infeudationem
1158 1879 1215 1950 vel
1230 1877 1552 1974 impignorationem
1565 1877 1622 1949 vel
1639 1898 1807 1970 quocum·

399 2025 469 2100 que
492 2003 633 2096 ingenio
656 2001 894 2094 alienationis,
921 2003 976 2074 vel
997 2001 1228 2096 predictorum
1246 2001 1380 2096 aliquid
1402 2001 1612 2074 diminutum
1635 2022 1697 2073 seu
1719 2001 1808 2074 sub-

401 2136 547 2201 tractum
563 2125 666 2199 luerit
686 2125 752 2223 ipsi
768 2125 924 2216 ecclesis,
942 2125 1049 2198 abbos
1063 2125 1155 2198 dicte
1171 2125 1314 2199 ecclesie
1332 2125 1394 2220 qui
1410 2146 1472 2221 pro
1486 2133 1639 2219 tempore
1657 2125 1760 2197 luerit
1774 2134 1808 2198 et

400 2253 476 2348 ejus
499 2251 689 2347 capitulum
717 2249 859 2322 liberam
879 2249 1030 2322 habeant
1052 2259 1254 2344 potestatem
1274 2249 1386 2344 ipsam
1404 2247 1619 2322 advocatiam
1643 2248 1680 2318 iu
1701 2249 1804 2320 alium

400 2395 657 2472 quemcumque
677 2375 851 2448 voluerint
871 2376 1055 2448 transferre
1076 2384 1111 2448 et
1132 2376 1247 2471 ipsum
1271 2371 1338 2446 sibi
1364 2383 1513 2447 statuere
1529 2373 1757 2464 advocatum,
1773 2383 1809 2446 et

401 2501 536 2572 nullum
557 2499 606 2570 illi
630 2499 847 2572 exhibebunt
867 2499 1046 2572 servitium
1070 2500 1128 2572 cui
1152 2507 1226 2572 erat
1252 2499 1375 2572 collata
1400 2497 1583 2571 advocatia
1601 2518 1663 2592 per
1685 2518 1810 2570 manus

400 2632 534 2696 nostum
547 2623 604 2696 vel
617 2645 855 2698 successorum
869 2633 1077 2698 nostrorum.
1095 2624 1284 2698 Statuimus
1297 2623 1400 2696 etiam
1419 2631 1454 2695 et
1465 2621 1615 2718 presenti
1627 2621 1810 2718 privilegio

401 2747 621 2821 decernimus
650 2756 688 2819 ut
711 2769 918 2842 quecunque
945 2769 1093 2844 persona
1115 2748 1345 2822 ecclesiastica
1368 2747 1426 2820 vel
1452 2745 1616 2820 secularis
1640 2744 1812 2842 predictas

401 2870 563 2944 ecclesias
581 2879 615 2943 et
635 2873 751 2944 omnia
767 2894 873 2968 supra
889 2893 1049 2944 concessa
1073 2871 1241 2968 impedire
1257 2873 1315 2944 vel
1339 2869 1533 2944 diminuere
1546 2870 1808 2966 presumpserit,

402 3003 539 3067 uentum
551 2994 656 3067 libras
670 2996 745 3068 auri
760 3002 955 3090 componat,
971 3018 1119 3090 quarum
1134 2997 1300 3070 medietas
1315 3017 1450 3069 camere
1463 3001 1591 3087 nostre,
1609 2996 1716 3068 ultera
1728 3016 1811 3068 vero

401 3117 563 3210 injuriam
587 3119 698 3213 passis
721 3121 949 3214 persolvetur.
974 3121 1018 3191 Ut
1039 3129 1155 3192 autem
1177 3121 1242 3194 hec
1265 3129 1339 3194 rata
1360 3129 1395 3194 et
1415 3119 1515 3193 firma
1530 3127 1752 3214 permaneant
1774 3119 1811 3191 in

401 3251 607 3337 perpetuum
622 3264 765 3338 presens
778 3245 998 3340 privilegium
1013 3245 1117 3316 scribi
1131 3245 1274 3318 lecimus
1292 3255 1327 3318 et
1341 3245 1454 3341 sigillo
1470 3253 1585 3318 nostre
1600 3243 1814 3317 celsitudinis

402 3385 619 3440 oommnmn.

450 3489 562 3580 Huius
581 3491 631 3564 rei
657 3500 761 3565 testes
780 3500 861 3566 sunt
882 3491 1060 3567 Corradus
1081 3491 1407 3586 Hildesheimensis,
1431 3489 1639 3566 Bertholdus
1654 3488 1815 3584 Argenti·

403 3615 519 3686 nensis
543 3617 760 3690 venerabiles
782 3617 952 3714 episcopi,
970 3617 1066 3692 Cuno
1091 3619 1199 3691 abbas
1218 3617 1264 3690 de
1282 3617 1497 3690 Wihenburc
1513 3611 1814 3713 (weissenburg),

402 3735 579 3812 Conradus
600 3741 794 3836 prepositus
816 3741 861 3814 de
883 3743 994 3827 Thau,
1007 3743 1210 3816 Wollelmus
1231 3742 1426 3838 prepositus
1447 3741 1493 3814 de
1514 3739 1682 3826 Furburc,
1702 3759 1817 3812 oomes

403 3860 570 3934 Henricus
581 3861 626 3935 do
640 3863 781 3953 Elsatia,
801 3863 965 3938 Gerlaous
978 3867 1024 3940 de
1040 3867 1233 3962 Guetingen
1245 3864 1330 3964 (εἰσ),
1347 3865 1527 3961 Philippus
1542 3863 1588 3937 de
1600 3863 1685 3956 Bits,
1701 3861 1817 3936 Fride-

402 3983 495 4057 ricus
508 3995 542 4057 et
556 3985 794 4080 Engelhardus
804 3991 1001 4062 marescalci
1012 3989 1277 4085 deflagenowe
1292 3991 1468 4081 Egslolius
1480 3989 1525 4063 de
1533 3987 1814 4082 Gemundingen,

402 4107 597 4180 Leutlridus
608 4109 654 4182 de
666 4109 899 4202 landesbmc,
915 4112 1127 4186 Wernberus
1140 4124 1176 4186 et
1190 4113 1368 4188 Conradus
1381 4112 1624 4208 deHagcstatt,
1638 4112 1818 4186 Bertoldus

404 4227 449 4302 de
462 4227 672 4324 Arnesbarc,
689 4233 857 4306 Henricus
877 4233 923 4307 de
939 4233 1155 4332 Giselingen,
1176 4236 1354 4310 Comedus
1373 4236 1488 4310 dictus
1503 4235 1710 4328 Monachus,
1733 4239 1818 4312 ller-

402 4373 551 4426 mannus
568 4356 798 4448 camerarius,
814 4359 982 4432 Henricus
999 4361 1170 4456 Spisarius
1187 4362 1294 4436 otalii
1310 4363 1544 4458 quamplures.

451 4474 596 4572 Signum
616 4479 748 4554 domini
767 4483 906 4555 Henrioi
926 4485 1061 4580 septimi
1079 4485 1310 4560 Romanorum
1328 4487 1431 4582 regis.
1454 4485 1754 4586 (Moooqrammc.)

344 4617 348 4633 ·
451 4602 576 4676 Datum
594 4605 690 4702 apud
713 4609 932 4702 Hageuowe,
956 4630 1048 4682 anno
1072 4610 1245 4685 dominice
1265 4611 1510 4685 incarnationis
1536 4611 1719 4686 millesimo
1747 4613 1814 4688 du·

404 4728 590 4803 centesimo
607 4729 772 4805 uicesimo
786 4741 923 4823 octavo,
940 4741 1064 4829 quarto
1081 4733 1247 4810 kalendas
1261 4736 1392 4832 aprilis,
1408 4735 1598 4812 indictione
1614 4738 1738 4834 prima.
