4658 6132
648 549 706 612 150
1137 545 1351 612 intuentur
1375 547 1550 612 sactum
1860 547 1939 629 [An.
1958 547 2043 611 late.

644 683 749 756 nibus
768 681 933 778 spoliare3
957 679 1020 752 sed
1040 701 1119 752 oum
1142 681 1307 756 Dominus
1318 693 1480 760 oonatnm
1499 703 1563 757 sne
1584 681 1737 778 nequitie
1749 683 1966 780 repressisset
1984 704 2046 758 neo

643 813 759 902 pomer
773 803 869 899 quod
888 803 1055 876 inanimo
1070 803 1212 898 gerebat
1229 805 1383 895 effioere,
1400 805 1542 881 balistm
1556 813 1592 881 et
1609 813 1722 880 uetera
1742 825 1839 878 urmu
1858 815 1928 878 tum
1950 827 1972 879 a
1989 827 2045 880 oa·

644 928 781 1000 nissimo
796 927 833 998 in
846 925 979 998 Christo
992 923 1064 998 lilio
1081 933 1196 998 nostro
1209 926 1241 999 J.
1260 925 1383 1000 illustri
1398 949 1481 1023 rege
1500 927 1778 1024 ierosolymitano
1792 949 1898 1022 qnam
1914 928 1960 1001 alr
1972 927 2046 1002 eliis

645 1051 836 1150 peregrinis
845 1071 909 1146 pro
925 1048 1123 1124 defensione
1133 1049 1235 1122 Tene
1250 1058 1366 1123 mnrte
1377 1049 1427 1124 ibi
1440 1051 1558 1124 relicta
1569 1059 1604 1126 et
1621 1052 1725 1147 longo
1742 1059 1896 1146 tempore
1911 1071 2046 1126 nonsart·

644 1185 726 1249 vata
740 1174 787 1249 ud
801 1173 919 1246 nerim
938 1191 1038 1246 suum
1057 1171 1137 1245 leoit
1151 1171 1308 1244 olnnoulo
1321 1173 1506 1268 asportari,
1524 1195 1673 1269 quorum
1691 1181 1823 1270 purtem
1844 1194 1964 1248 seeum
1985 1171 2045 1247 do·

644 1299 758 1373 ferens
769 1305 805 1370 et
819 1295 987 1390 reliquam
1004 1293 1155 1368 Solduno
1168 1303 1203 1368 et
1219 1293 1302 1369 fidei
1321 1295 1461 1370 inimioo
1474 1297 1723 1390 transmittens,
1744 1296 1927 1370 desuuotis
1941 1295 2045 1388 galeis

644 1443 714 1517 que
724 1429 822 1494 erant
834 1419 881 1493 ad
897 1429 985 1492 terre
998 1416 1190 1492 custodium
1202 1418 1446 1512 relinquendo,
1460 1419 1497 1492 in
1513 1421 1599 1494 ieslo
1612 1419 1843 1517 apostoloram
1856 1417 2002 1516 Philippi
2013 1429 2044 1492 et

644 1545 762 1619 iacobi
780 1545 867 1617 olam
881 1543 987 1638 fugit,
1004 1562 1140 1616 summo
1152 1540 1306 1616 diluenlo
1321 1543 1495 1618 civitatem
1509 1563 1686 1638 egressus,
1705 1552 1741 1616 et
1757 1542 1809 1614 sio
1821 1551 1946 1616 terram
1964 1541 2044 1615 v'iris

644 1678 681 1741 et
697 1667 846 1758 viribus,
870 1667 976 1738 nmis
1002 1675 1038 1738 et
1063 1665 1286 1740 munimentis
1307 1668 1428 1740 ueteris
1452 1665 1650 1741 destitutam
1674 1665 1872 1760 relinquens
1888 1663 2044 1761 exposuit

645 1791 794 1864 inimicis
808 1788 889 1862 fidei
905 1787 1155 1883 occupandam.

692 1917 817 1987 Datum
841 1910 989 2003 Perusii,
1020 1910 1154 1984 decimo
1177 1911 1299 2007 quinto
1321 1911 1485 1986 kalendas
1513 1910 1672 2006 angusti,
1701 1909 1919 2008 pontificatus
1943 1908 2043 1983 nostri

643 2057 735 2110 anno
748 2035 856 2108 tertio.
1952 2068 1953 2076 κ

696 2160 752 2252 [ln
764 2157 925 2232 eumdem
941 2157 1084 2232 modum
1098 2157 1263 2254 seriptum
1275 2167 1373 2232 est...
1388 2157 1652 2252 liothomagensi
1664 2157 1924 2254 arehiepisoopo
1933 2165 1969 2231 et
1979 2154 2043 2229 sul·

645 2281 816 2377 frageueis
836 2283 924 2374 ejus.
943 2321 994 2334 --
1079 2282 1267 2354 Senonensi
1290 2281 1548 2378 arehiepisoopo
1570 2290 1605 2356 et
1631 2279 1856 2375 sunagrnais
1883 2281 1970 2374 ejus.
2000 2301 2044 2332 -’

708 2404 867 2478 llemeusi
883 2403 1141 2500 archiepisoopo
1158 2413 1194 2476 et
1213 2403 1437 2498 suffraganeis
1455 2407 1543 2498 ejus.
1559 2445 1610 2458 -·
1687 2403 1892 2477 Biturioonsi
1910 2401 2041 2476 nohh-

643 2529 784 2625 pisoopo
804 2537 838 2600 et
857 2525 1080 2621 suffraganeis
1100 2529 1187 2620 ejus.
1200 2567 1250 2582 ·-
1331 2526 1578 2620 Burdogulenai
1598 2527 1857 2624 arehiepisoopo
1876 2535 1912 2600 et
1924 2525 2039 2600 sullrn·

522 2687 524 2692 ·
645 2651 765 2745 ganeis
795 2653 882 2743 ejus.
909 2691 960 2704 --
1063 2650 1251 2722 Turonensi
1277 2649 1535 2746 arehiepiaonpo
1560 2659 1596 2723 et
1624 2650 1849 2746 suffraganeis
1878 2653 1966 2745 ejus.
1995 2686 2041 2704 -·

709 2773 949 2846 Ebredunensi
965 2772 1222 2870 archiepiscopo
1235 2782 1270 2846 et
1282 2773 1508 2868 suffraganeis
1521 2774 1628 2867 ejus]

699 3237 903 3347 Gregorius
916 3261 1016 3345 papa
1030 3234 1079 3316 ad
1091 3233 1383 3342 postulationem
1397 3231 1666 3341 archiepiscopi
1687 3229 1914 3322 Nioosiensis
1935 3249 2041 3310 man·

642 3372 710 3454 dat
732 3369 1010 3477 arehiepiscopo
1034 3365 1265 3449 Caesariensi
1287 3375 1331 3448 ut
1355 3365 1580 3448 sententiam
1600 3360 1996 3448 exeommunieationis
2018 3383 2039 3438 a

642 3501 858 3612 patriarcha
878 3498 1218 3609 Hierosolymitano
1234 3507 1366 3582 eontra
1385 3497 1617 3580 Friderioum
1638 3496 1902 3605 imperatorem
1918 3491 2040 3602 prelu-

642 3646 722 3718 tem
739 3632 931 3718 observari
944 3632 1070 3714 faeiat.

724 3777 1392 3916 (nent.exnagsuorgor.‚ann.1u,ne
1413 3825 1450 3878 so
1463 3823 1494 3878 a
1508 3825 1562 3892 4⁰3
1578 3817 1611 3876 rn
1625 3815 1737 3878 oneo
1753 3813 1831 3877 sur.
1846 3809 1950 3890 uun.)

692 3982 887 4077 Gregorius,
905 3989 988 4069 eto,
1005 3977 1260 4073 arehiepisoopo
1278 3975 1486 4062 cesariensi,
1505 3982 1571 4051 eto.
1590 3973 1803 4048 Venerabilis
1816 3973 1919 4049 stater
1930 3975 2039 4042 noster

644 4105 862 4203 Nyoosiensis
881 4103 1158 4199 arehiepisoopus
1174 4121 1195 4172 a
1212 4099 1313 4172 nobis
1329 4097 1504 4172 humiliter
1515 4097 1702 4192 postolavit
1712 4105 1751 4172 ut
1767 4092 2038 4172 exeommunica-

647 4231 749 4304 tionis
764 4227 967 4303 sententiam
984 4245 1089 4320 quam
1103 4243 1166 4318 pro
1179 4243 1222 4296 eo
1241 4220 1446 4294 venerabilis
1461 4222 1563 4293 irater
1581 4229 1696 4294 noster
1710 4218 1902 4316 patriarcha
1917 4216 2038 4289 liiero-

644 4352 868 4446 solymitauus
881 4345 1064 4446 apostolice
1081 4345 1173 4420 sedis
1186 4343 1318 4438 legatus
1336 4343 1372 4426 in
1382 4341 1608 4427 ¹Frederieum
1628 4343 1865 4438 imperatorem
1882 4339 2039 4432 exigente

642 4473 776 4566 justitia
787 4470 1037 4566 promulgavit,
1059 4466 1252 4540 firmitatem
1260 4469 1448 4542 laceremus
1462 4465 1614 4540 debitam
1627 4466 1793 4540 obtinere.
1807 4464 1959 4558 Ideoque
1976 4461 2038 4534 ira·

645 4594 793 4670 ternitati
807 4583 866 4666 tue
881 4614 942 4687 per
957 4591 1141 4687 apostoliea
1157 4590 1283 4686 scripta
1301 4589 1506 4664 mandamus
1524 4589 1688 4685 quatinus
1704 4589 1831 4664 dietam
1842 4605 2037 4662 exeommu-
