4642 6106
994 689 1206 754 FlllDElllCl
1232 691 1404 752 secutor
1716 688 1794 771 [Anu.
1814 687 1901 747 1230.

321 1263 430 1372 'ggpp
544 1253 776 1360 Fridericus,
797 1253 1057 1336 Romanorum
1075 1253 1302 1363 imperator,
1324 1254 1372 1338 ad
1396 1253 1707 1362 supplicationem
1728 1253 1901 1361 Luipoldi

490 1387 598 1470 ducis
622 1387 796 1469 lustriae
818 1387 1048 1470 monasterio
1066 1385 1338 1496 Reichersberg
1355 1395 1511 1470 renovat
1528 1395 1566 1468 et
1582 1387 1782 1468 inserendo
1799 1411 1901 1468 con-

489 1518 617 1602 firmat
638 1519 878 1630 privilegium
902 1519 1066 1602 Heinrici
1081 1520 1130 1602 Vl
1148 1519 1386 1628 imperatoris
1401 1519 1520 1628 patris
1541 1520 1622 1624 sui,
1641 1520 1775 1602 datum
1800 1543 1902 1600 cuno

492 1652 610 1758 1195,
627 1653 651 1732 7
666 1651 845 1735 octobris.

570 1865 665 1945 (nott.
680 1883 729 1944 cp.
745 1867 876 1928 Murrum.
892 1867 981 1943 Boio,
997 1875 1070 1929 tom.
1086 1869 1184 1946 1v‚p.
1200 1868 1284 1946 tta.)

537 2054 575 2124 ln
603 2054 744 2128 nomine
766 2064 883 2127 sancte
900 2064 935 2126 et
955 2053 1140 2128 individue
1157 2055 1342 2128 Trinitatis.
1363 2053 1557 2128 fridericus
1584 2054 1759 2128 secundus
1781 2055 1901 2129 divina

488 2179 626 2252 favente
642 2177 821 2250 clementia
833 2179 1064 2252 Romanorum
1079 2177 1274 2272 imperator,
1290 2199 1425 2272 semper
1437 2187 1625 2271 angustus,
1642 2177 1854 2249 lherusalem
1868 2187 1904 2249 et

488 2303 603 2375 Sicilie
622 2323 699 2376 rex.
718 2301 803 2374 Cum
822 2301 983 2374 instantia
1004 2301 1207 2396 quotidiana
1223 2307 1339 2374 nostra
1356 2301 1401 2373 sit
1421 2301 1644 2374 ecclesiarum
1662 2301 1819 2372 omnium
1837 2301 1902 2372 im·

487 2426 575 2520 perii
594 2425 700 2498 nostri
715 2425 910 2499 sollicitudo
924 2426 1101 2512 continua,
1118 2447 1187 2497 non
1202 2424 1346 2518 indigne
1356 2423 1403 2496 ad
1414 2433 1539 2496 statum
1551 2425 1704 2520 ipsarum
1719 2423 1901 2520 pacificum

489 2548 765 2625 conservandum
789 2559 905 2623 nostre
927 2549 1201 2622 benevolentiam
1220 2545 1434 2621 ostendimus
1449 2547 1598 2642 pietatis.
1615 2549 1664 2620 Ea
1682 2559 1821 2646 proptor
1839 2572 1903 2624 no·

490 2685 563 2744 tum
584 2671 658 2744 lieri
674 2674 836 2745 volumus
851 2673 1025 2745 universis
1042 2673 1176 2769 imperii
1196 2672 1302 2745 nostri
1320 2670 1481 2744 fidelibus
1499 2671 1595 2764 quod
1609 2673 1808 2768 leopoldus
1825 2673 1902 2746 dux

490 2796 627 2870 Austris
642 2806 677 2870 et
690 2795 808 2887 Stirie‚
824 2795 970 2870 dilectus
989 2796 1150 2892 princeps
1172 2807 1303 2883 noster,
1322 2796 1359 2868 in
1379 2804 1495 2868 nostra
1512 2796 1684 2890 presentia
1698 2797 1903 2869 mostitntus

491 2920 689 2994 celsitudini
702 2928 817 2993 nosue
834 2919 1043 3016 supplicavit
1058 2919 1232 2992 humiliter
1245 2929 1280 2992 et
1297 2918 1423 2992 devote
1437 2927 1476 2989 nt
1495 2919 1716 3014 privilegium
1729 2919 1824 3014 qnod
1839 2919 1904 2994 do·

492 3046 609 3116 minus
622 3044 820 3135 Hammone,
840 3044 1070 3116 Romanorum
1088 3044 1272 3138 imperator
1287 3041 1512 3136 magnificus,
1529 3043 1611 3115 dive
1626 3043 1789 3116 memorie
1806 3053 1902 3139 pater

492 3177 618 3258 noster,
635 3167 693 3262 pie
704 3167 860 3242 indulxit
873 3167 1017 3239 ecclesie
1031 3165 1076 3240 do
1087 3166 1315 3260 llichersperg
1326 3165 1493 3239 innovare
1503 3174 1538 3238 et
1551 3165 1754 3239 confirmare
1767 3167 1813 3240 de
1825 3190 1903 3261 gra·

491 3293 540 3366 tia
553 3293 697 3385 [nemra]
716 3289 949 3384 dignaremur.
968 3291 1075 3382 Cujus
1091 3289 1262 3384 privilegii
1279 3299 1376 3362 tenor
1389 3289 1468 3362 talis
1480 3297 1556 3361 eet:

541 3417 580 3488 ln
596 3415 735 3488 nornine
749 3423 867 3488 sancte
879 3424 914 3487 et
926 3413 1108 3486 individue
1118 3413 1303 3486 Trinitatis.
1319 3413 1487 3485 Henricns
1501 3422 1621 3485 sextus
1634 3412 1903 3488 divinalavente

493 3539 672 3612 clementia
681 3540 910 3612 Romanorum
921 3538 1120 3634 imperator,
1133 3546 1457 3632 semperaugustus,
1472 3545 1579 3610 etrex
1588 3536 1714 3610 Sicilie.
1727 3537 1902 3612 Adetemi

491 3664 588 3756 regni
607 3664 776 3758 premium
790 3673 824 3736 et
837 3663 1033 3758 temporalis
1047 3661 1180 3756 imperii
1194 3661 1442 3732 incrementum
1458 3661 1558 3732 nobis
1571 3658 1735 3754 prolicere
1747 3683 1816 3734 non
1829 3685 1903 3736 am·

491 3787 643 3882 higimns
657 3787 687 3858 si
703 3785 940 3878 religiosarum
961 3805 1184 3879 personarum
1203 3784 1492 3878 postulationibus
1507 3792 1642 3878 gratum
1660 3793 1695 3855 et
1712 3784 1901 3879 benignum

490 3910 728 3983 curaverimus
750 3911 893 4006 prebere
907 3929 1099 3981 assensum.
1117 3907 1202 3979 lude
1216 3916 1268 3978 ost
1284 3907 1381 4000 quod
1402 3906 1447 3979 ad
1467 3907 1620 3981 notitiam
1638 3911 1849 4002 presentium
1868 3921 1903 3982 et

491 4037 684 4107 futurorum
701 4033 861 4129 cupimus
875 4013 1059 4128 pervenire
1072 4031 1168 4126 quod
1183 4053 1246 4103 nos
1260 4051 1322 4125 pro
1337 4013 1449 4102 salute
1464 4051 1505 4102 ac
1521 4030 1675 4104 remedio
1691 4033 1900 4104 serenissimi

490 4155 598 4254 patris
621 4157 727 4230 nostri
748 4165 784 4230 et
808 4165 941 4248 nostra,
965 4155 1011 4228 ad
1033 4155 1297 4252 postulationem
1312 4153 1431 4226 dilecti
1457 4154 1621 4249 principis
1649 4141 1756 4227 nostri
1772 4155 1902 4230 alberti

490 4281 749 4378 Salzpurgensis
766 4280 1015 4376 archicpiscopi
1036 4280 1389 4376 supplicationemque
1403 4263 1549 4350 Arbonis
1572 4277 1684 4352 fidelis
1699 4280 1804 4352 nostri
1823 4303 1903 4376 pre-

490 4405 593 4502 positi
610 4405 655 4478 de
670 4405 914 4500 llichersperg,
935 4404 981 4476 ad
1000 4403 1223 4476 imitationem
1238 4403 1414 4475 memorati
1434 4401 1543 4474 felicis
1559 4403 1722 4476 memorie
1737 4403 1902 4498 genitoris

491 4529 598 4602 nostri
612 4529 775 4602 Friderici
791 4529 1022 4600 Romanorum
1037 4527 1213 4621 quondam
1229 4527 1441 4622 imperatoris
1455 4526 1683 4617 invictissimi,
1701 4527 1817 4622 ipsum
1832 4527 1902 4599 Ar-

491 4655 616 4726 bonem
637 4652 848 4748 prepositum
868 4661 902 4722 et
919 4651 1100 4723 ecclesiam
1120 4651 1461 4745 Richerspergensem
1480 4671 1559 4722 cum
1578 4651 1740 4722 omnibus
1754 4649 1854 4721 bonis
1867 4659 1900 4722 et

491 4775 648 4875 personis
663 4775 776 4850 eidem
788 4774 931 4847 ecclesie
944 4773 1194 4870 pertinentibus
1205 4775 1272 4846 sub
1283 4773 1449 4869 imperiali
1463 4783 1580 4846 nostro
1591 4773 1801 4869 protectione
1811 4794 1904 4846 rece
