4642 6106
336 632 433 693 laurus.
449 629 493 708 4.]
782 625 978 689 HISTORIA
1003 623 1296 687 DiPLObiii‘l'idd.
1686 619 1747 684 259

336 766 431 841 dioto
455 771 556 860 portu
572 761 678 836 marie
696 772 731 837 et
750 763 935 840 medietate
957 761 1104 859 predicti
1118 763 1242 836 casulis
1255 761 1436 858 Apriiiani,
1453 751 1555 856 prout
1570 762 1749 858 provisum

336 899 391 966 eet
405 900 440 964 et
452 889 660 986 promissum
675 885 737 985 (a)
752 909 813 983 par
825 886 988 962 eumdem
1003 888 1168 962 Matteum
1184 885 1336 982 tempore
1349 885 1610 982 permutationis
1623 887 1745 984 ipsius,

336 1015 452 1090 eidem
472 1013 589 1086 abbati
610 1020 646 1084 ot
666 1012 872 1086 monasterio
890 1011 1048 1108 predicto
1066 1019 1102 1084 et
1118 1010 1374 1084 successoribus
1394 1011 1468 1084 suis
1491 1010 1749 1107 inperpetuum

338 1139 527 1214 concedere
544 1147 578 1210 at
594 1135 829 1230 [conliirmare
842 1136 1078 1232 dignaremur.
1098 1138 1167 1208 Noe
1181 1143 1297 1208 autem
1312 1133 1409 1230 quod
1426 1132 1537 1234 (quia)
1556 1136 1748 1232 predictum

339 1262 585 1336 monasterium
603 1283 738 1358 semper
752 1261 914 1356 prosequi
933 1260 1145 1335 intendimus
1164 1261 1273 1354 gratia
1286 1269 1321 1333 et
1340 1261 1474 1350 favore,
1492 1261 1647 1334 volentes
1669 1285 1751 1337 con·

339 1387 505 1462 ditionem
522 1386 633 1482 ipsius
647 1406 784 1480 semper
799 1407 928 1480 augere
945 1397 980 1458 et
994 1387 1106 1458 iacere
1119 1385 1312 1476 meliorem,
1334 1385 1380 1458 de
1393 1385 1579 1480 imperialis
1593 1386 1752 1482 benigni·

340 1513 419 1586 tatis
435 1510 545 1606 gratia
565 1510 756 1606 predictam
777 1519 901 1584 terram
923 1511 1066 1584 Nuceria
1088 1534 1169 1584 cum
1189 1510 1345 1606 predicto
1368 1519 1468 1606 portu
1491 1511 1597 1584 marie
1618 1511 1680 1606 qui
1698 1511 1752 1586 di·

338 1637 429 1710 citur
445 1635 552 1707 Navis
573 1633 618 1708 da
636 1633 740 1706 Arata
759 1643 794 1706 et
816 1631 1035 1708 medietatem
1054 1635 1199 1731 predicti
1223 1634 1344 1708 casalis
1360 1634 1528 1730 Apriliani
1544 1657 1623 1708 oum
1642 1635 1753 1709 homi-

340 1761 456 1852 nibus,
466 1759 646 1852 militibus,
656 1759 900 1854 burgensibus,
913 1759 1105 1832 franchiset
1116 1759 1265 1849 villanis,
1276 1781 1355 1832 cum
1365 1760 1459 1832 omui
1463 1759 1752 1852 jureetoneribus

340 1885 431 1970 suis,
450 1883 550 1978 aquis
570 1883 733 1957 dulcibus
749 1891 784 1956 et
800 1883 930 1974 sciatis,
950 1883 1169 1972 nemoribus,
1188 1881 1344 1978 pascuis,
1361 1889 1427 1954 etc.
1445 1881 1501 1954 Ad
1516 1883 1621 1976 hujus
1636 1895 1753 1958 autem

340 2009 588 2101 concessionis,
606 2008 873 2083 confirmationis
894 2017 929 2080 et
948 2007 1210 2103 permutationis
1231 2015 1346 2079 nostre
1369 2005 1569 2080 memoriam
1591 2017 1626 2080 et
1648 2009 1754 2084 robur

342 2135 377 2206 in
394 2142 599 2228 perpetuum
618 2133 804 2205 valiturum
821 2153 963 2228 presens
980 2131 1201 2228 privilegium
1215 2151 1276 2226 per
1296 2151 1420 2204 manus
1438 2131 1557 2204 Jacobi
1572 2132 1617 2206 de
1631 2134 1753 2208 Bonita

342 2256 505 2354 (Bantra)
525 2255 637 2330 fidelis
661 2259 724 2347 [et]
743 2255 866 2328 notarii
885 2255 991 2328 nostri
1008 2255 1112 2326 scribi
1131 2264 1166 2327 et
1187 2254 1300 2349 sigilio
1322 2275 1399 2328 cere
1420 2254 1594 2351 pendente
1612 2255 1661 2354 (b)
1674 2279 1754 2334 ma-

337 2381 472 2476 jestatie
487 2391 602 2454 nostre
614 2381 782 2475 jussimus
798 2379 1016 2454 communiri.

390 2505 515 2578 Actum
529 2506 645 2600 Fugio,
663 2527 754 2578 anno
766 2504 944 2578 Dominice
962 2503 1209 2576 incarnationis
1222 2505 1402 2578 millesimo
1413 2504 1650 2579 ducentesimo
1664 2531 1753 2602 qua-

343 2631 556 2726 dragesimo,
581 2653 700 2704 mense
724 2629 907 2723 februarii,
930 2639 1053 2725 quarte
1074 2628 1273 2703 indictionis
1288 2627 1360 2726 (t),
1383 2629 1519 2726 imperii
1541 2631 1671 2706 domini
1687 2633 1754 2706 Fe·

344 2756 466 2844 dorici,
483 2765 551 2829 oto.

398 3337 630 3444 Fridericus,
645 3339 905 3422 Romanorum
918 3340 1139 3450 imperator,
1154 3341 1332 3426 Balsamo
1346 3341 1475 3428 abbati
1491 3345 1649 3429 Curensi
1666 3372 1760 3430 con-
1789 3365 1958 3471 marga

347 3473 446 3556 oedit
463 3481 507 3556 ut
524 3471 659 3555 vasalli
677 3471 796 3580 ipsius
813 3474 1034 3556 monasterii
1053 3485 1247 3558 morantes
1268 3477 1370 3585 apud
1390 3476 1550 3584 Curam,
1576 3477 1758 3563 Sanctum
1803 3471 1950 3528 ‘¹⁰⁵'⁰⁸¹¹⁰²³·

349 3605 570 3715 Adjutorem
588 3615 626 3689 et
649 3606 826 3690 Castrum
845 3607 979 3690 Cilenti
998 3609 1037 3690 in
1057 3609 1298 3720 generalibus
1317 3609 1629 3696 subventionibus
1650 3614 1759 3724 regui

346 3748 499 3821 centum
519 3740 652 3823 unciae
673 3741 755 3823 auri
775 3743 1041 3826 tantummodo
1054 3742 1276 3851 exhibeant,
1291 3745 1523 3856 eosdemque
1535 3745 1701 3828 vasallos
1718 3746 1759 3828 in

347 3872 527 3956 omnibus
557 3899 690 3958 eorum
721 3875 1027 3960 immunitatibus
1058 3877 1239 3985 restituit,
1268 3879 1439 3962 concedit
1464 3879 1621 3988 insuper
1650 3878 1759 3960 utin

387 4057 426 4140 (a)
449 4061 484 4121 ln
497 4062 640 4140 impresso
648 4061 834 4140 marom,
849 4062 937 4123 male.

330 4257 339 4272 .
389 4165 429 4242 (b)
450 4167 530 4228 Haec
542 4167 602 4230 duo
614 4169 734 4229 msobtn
747 4169 839 4230 verba
850 4186 887 4230 ex
899 4171 1090 4235 amanuensis
1099 4169 1219 4231 arbitrtu
1231 4171 1262 4230 tn
1275 4175 1390 4230 textum
1403 4170 1554 4247 trrepstssc
1566 4177 1717 4248 putamus.

385 4455 423 4530 (t)
441 4456 509 4514 Cum
523 4473 623 4530 eunus,
637 4457 747 4522 indictio
760 4463 788 4516 et
800 4458 874 4517 locus
888 4458 999 4518 minime
1011 4459 1189 4531 concordent,
1205 4476 1260 4518 nou
1274 4458 1449 4518 dubitandum
1468 4459 1535 4534 quin
1549 4465 1628 4518 uotae
1647 4459 1762 4520 chrono-

348 4553 449 4628 logicae
462 4555 532 4612 sicut
542 4555 675 4630 reliquum
688 4556 879 4614 documentum
894 4555 984 4614 miuus
993 4562 1113 4615 ocmecte
1131 4557 1308 4632 transcriptae
1317 4557 1424 4614 inerint
1438 4556 1516 4616 Unde
1537 4555 1679 4632 tegendum
1698 4575 1762 4634 pro-

348 4652 474 4725 ponimus
486 4655 621 4711 trtcectmo
632 4669 682 4728 pro
694 4653 920 4729 puudropeetmo,
933 4669 995 4712 cum
1016 4653 1121 4738 nonnisi
1140 4655 1169 4712 in
1187 4671 1257 4713 auno
1271 4655 1461 4714 iucarnationis
1479 4658 1549 4732 ⁴²³⁰
1562 4655 1670 4730 (nostra
1688 4672 1761 4715 oom-

348 4748 486 4821 putatiuue
500 4751 566 4809 taut
574 4749 593 4825 ),
606 4749 756 4808 Friderious
767 4765 859 4810 memo
869 4749 1022 4824 icbmario,
1034 4755 1129 4826 quarte
1143 4751 1307 4822 indictionis,
1322 4751 1394 4826 apud
1405 4751 1515 4827 rogim
1525 4751 1625 4812 morari
1634 4755 1761 4828 potuerit.
