4652 6092
587 707 648 770 540
1055 705 1177 769 tanai
1203 705 1549 772 nocuaaaloaott.

605 910 714 989 1227

605 1019 716 1168 1528
1059 1104 1246 1152 nocnaaurs
1264 1105 1360 1151 venre
1379 1105 1422 1150 sn
1440 1103 1562 1148 msera
1579 1101 1722 1148 serenan
1741 1099 1936 1148 mmmm.

588 1307 956 1330 ............
980 1264 1132 1326 Gsroosias
1145 1263 1235 1328 albos
1247 1263 1485 1326 Pruaomaaa
1499 1261 1648 1326 Frldmioo
1664 1261 1866 1324 Romanorum
1881 1264 2011 1340 impera-

1020 1363 1081 1423 tori
1099 1363 1264 1440 gratulatur
1280 1364 1313 1423 ln
1332 1363 1452 1440 negotio
1474 1359 1716 1440 peregrinationis
1733 1362 1964 1434 mammarium,
1983 1366 2014 1422 et

1020 1457 1171 1536 supplioat
1183 1464 1219 1520 nt
1234 1473 1305 1520 oum
1317 1473 1370 1536 par
1383 1457 1534 1518 amimam
1547 1459 1614 1534 eius
1630 1471 1650 1517 a
1669 1455 1761 1518 Terra
1771 1453 1881 1518 Sancta
1896 1456 2013 1534 expulsi

1020 1551 1132 1614 inerim
1148 1551 1318 1632 chananei,
1332 1551 1472 1614 aeolesiaa
1483 1550 1584 1614 Sancti
1596 1549 1741 1614 Samuelis
1753 1557 1784 1612 et
1796 1549 1898 1614 saneti
1910 1551 2014 1614 llaba·

1021 1667 1076 1712 ouo
1088 1649 1185 1712 ord1ni
1198 1667 1253 1712 auo
1265 1649 1438 1710 radantur.
1724 1725 1728 1732 ¹
1954 1656 2015 1712 tis

982 1745 1921 1828 Relationfranpalsedalaorolsadadel’empereurllraderioll.
1955 1756 2013 1810 iao

982 1848 1196 1926 Fragmentum
1224 1849 1339 1909 lunaris
1370 1845 1510 1910 Faleriot
1536 1845 1738 1910 Romanorum
1763 1847 1950 1928 imperatoris
1975 1847 2014 1908 ad

1023 1947 1144 2006 Terram
1157 1945 1296 2008 Sanctam
1309 1947 1489 2026 navigantis.
1955 1953 2014 2007 aas

983 2043 1111 2106 utteraa
1136 2042 1258 2106 flotltim
1289 2043 1399 2121 quibus
1424 2041 1585 2124 Gregorius
1612 2059 1690 2122 papa
1718 2045 1869 2124 memsuis
1893 2043 2016 2106 mlitlae

593 2333 646 2410 [ia
659 2331 737 2410 lab]
759 2375 968 2398 .......
985 2335 1208 2411 Transerlptum
1232 2335 1429 2412 capitulorum
1454 2340 1576 2414 umgas
1602 2333 1640 2396 ab
1665 2335 1841 2412 imperatore
1867 2331 2016 2396 Frirladao

1025 2445 1095 2493 eum
1107 2429 1229 2491 soldano
1246 2431 1426 2511 Babyloniae
1441 2433 1551 2506 initas,
1566 2447 1643 2510 quae
1660 2430 1827 2508 patriarcba
1844 2431 2016 2510 Hierosoly-

1025 2529 1156 2590 mitanus
1168 2543 1263 2606 papae
1274 2527 1383 2590 lirant
1396 2545 1465 2592 eum
1474 2527 1779 2590 animadversionibus
1791 2528 1825 2588 ln
1836 2526 1960 2590 modum
1969 2528 2016 2588 ri·

1024 2627 1142 2704 arpenn
1979 2633 2015 2688 aa

593 2724 737 2802 [inmari.
819 2725 908 2804 Apud
986 2725 1174 2784 lia-»maara
1187 2723 1407 2785 Teutoss'ooraas
1418 2723 1557 2805 maaser
1563 2737 1658 2802 papae
1669 2725 1788 2786 nuntiat
1799 2723 1873 2803 quid
1886 2723 2018 2786 lnTsrra

603 2807 729 2868 &risten
789 2805 932 2884 ³⁰illim-J
1027 2821 1136 2884 Sancta
1148 2821 1318 2894 advenerit,
1333 2825 1490 2900 praecipue
1506 2821 1544 2882 de
1561 2823 1727 2884 munitione
1743 2823 1873 2884 oisltm
1883 2823 1978 2902 loppa
1989 2827 2018 2882 at

1026 2919 1064 2980 tle
1082 2919 1272 2980 conclusione
1288 2921 1370 2996 paols
1387 2920 1465 2980 inter
1482 2921 1690 2997 imperatorem
1707 2917 1891 2982 Friderieum
1906 2925 1939 2982 et
1958 2917 2017 2981 soi·

1026 3017 1137 3078 danum
1152 3015 1345 3096 Babyloniae.
1979 3025 2016 3078 ao

596 3119 737 3206 [armare
821 3127 910 3205 Apud
988 3149 1029 3162 -
1047 3115 1174 3178 cuidam
1192 3115 1296 3178 scribit
1312 3115 1461 3194 quomodo
1478 3116 1527 3178 die
1544 3132 1604 3197 quo
1623 3117 1784 3196 imperator
1800 3115 1882 3195 apud
1897 3116 2016 3180 Jerusa-

603 3205 730 3266 drssltssr·
791 3207 933 3288 lappam]
1026 3215 1085 3276 ism
1099 3230 1239 3276 eoronam
1251 3217 1393 3292 portavit,
1408 3216 1470 3293 ipse
1483 3215 1690 3276 exmmtiones
1704 3212 1770 3294 ejus
1781 3227 1881 3276 eorum
1894 3229 2017 3294 magna·

1026 3312 1108 3374 tibus
1122 3318 1153 3373 et
1165 3311 1275 3390 populo
1292 3314 1472 3391 exposuerit,
1486 3313 1627 3374 nuntians
1640 3313 1790 3374 eivltmm
1806 3312 1845 3374 ab
1858 3311 2017 3390 montepis-

1028 3425 1102 3488 eopo
1126 3409 1310 3472 cremensi
1334 3409 1490 3470 interdicto
1511 3411 1701 3488 suppositam.
1718 3410 1787 3472 lioat
1808 3411 1967 3486 imperator
1986 3409 2018 3470 in

1028 3505 1076 3568 his
1088 3505 1227 3568 omnibus
1235 3523 1297 3568 non
1307 3507 1392 3568 aliter
1404 3522 1492 3586 agere
1504 3509 1631 3584 potamii
1644 3523 1735 3585 quam
1747 3507 1853 3586 egerit.
1980 3512 2018 3568 aa

599 3612 637 3667 26
649 3609 739 3667 mart.
752 3607 843 3688 ilpud
860 3607 973 3671 Aooon.
990 3600 1129 3663 Gerolrias
1144 3601 1319 3684 patriacha
1342 3600 1620 3682 Hierosolymitoaos
1638 3619 1733 3682 papae
1754 3603 1857 3666 scribla
1874 3601 2021 3684 qudquid

1028 3701 1197 3764 Fadarious
1214 3703 1373 3780 imperator
1390 3703 1422 3762 in
1440 3702 1532 3762 Terra
1548 3701 1657 3763 saneta
1678 3706 1745 3778 post
1763 3717 1913 3764 amum
1932 3717 2019 3764 suum

1029 3801 1123 3878 egerit
1142 3805 1173 3861 et
1188 3799 1338 3878 quomorb
1354 3815 1424 3860 oum
1440 3799 1563 3860 soldano
1580 3797 1762 3879 Babyloniae
1777 3814 1881 3877 paoem
1895 3797 2019 3862 hadu-

1030 3896 1141 3958 lentam
1155 3897 1299 3975 neglectis
1309 3902 1404 3957 terrae
1417 3896 1594 3958 unitatibus
1606 3897 1716 3957 inierit.
1964 3904 2018 3958 itti

619 3993 720 4071 [mab.
755 3991 844 4071 Apud
849 3987 975 4075 Aeson]
991 4023 1032 4036 -
1051 3991 1198 4054 Omnibus
1211 3992 1318 4054 Christi
1330 3990 1467 4052 iidellbus
1476 3993 1543 4070 quis
1556 3991 1645 4052 luerit
1658 3994 1690 4052 ln
1703 3991 1794 4054 Terra
1804 3990 1913 4053 saneta
1924 3991 2019 4070 impe·

1032 4090 1138 4151 astons
1154 4105 1307 4167 praeesses
1324 4089 1497 4167 denuntiat,
1516 4090 1655 4150 incusans
1674 4087 1755 4168 quod
1775 4087 1825 4150 ille
1845 4094 1914 4166 post
1934 4103 2020 4151 suum

1032 4187 1113 4265 apud
1125 4187 1226 4250 Aeson
1239 4187 1367 4249 raditum
1381 4187 1556 4266 Templariis
1568 4193 1599 4249 et
1611 4189 1683 4249 viris
1700 4187 1843 4266 religiosa
1854 4189 2022 4268 injuriaret

1032 4285 1265 4348 ‹lamnalbidam
1278 4301 1416 4364 expressa
1427 4285 1570 4346 intulerit.
1965 4285 2019 4346 135
