4642 6106
604 667 665 730 aaa
1103 669 1311 732 illnlllllcl
1336 669 1509 732 SECUNDl
1822 665 1900 757 [Auri.
1918 673 2008 736 real.

604 804 744 878 videtur
763 811 798 876 el
813 803 890 877 aliis
908 805 944 876 in
962 806 1107 880 axilium
1122 805 1285 900 relegari,
1305 827 1384 877 oum
1405 795 1460 878 ad'
1470 803 1509 878 id
1528 827 1574 876 ex
1593 795 1715 878 minori
1734 805 1917 879 dilectione
1935 823 2012 880 oro:

603 927 698 1002 daris
712 927 844 1000 induci.
861 931 912 1001 Ne
926 930 1030 1023 igitur
1046 939 1162 1003 contra
1176 951 1236 1002 eos
1250 929 1464 1003 occasionem
1477 943 1622 1024 querere
1641 923 1792 1002 videaris
1806 938 1841 1001 el
1853 951 1913 1024 per
1925 921 2013 1003 eon-

603 1073 752 1146 seqneus
770 1059 887 1124 oonlra
907 1075 970 1126 nos
986 1063 1021 1125 et
1038 1065 1071 1127 le
1092 1055 1228 1148 linguas
1243 1075 1349 1128 aenas
1366 1054 1616 1145 detractorum,
1638 1053 1849 1150 imperialem
1870 1055 2009 1126 eelsitu-

603 1174 720 1248 dinem
736 1177 920 1250 affectuose
934 1199 1098 1272 rogamus
1115 1187 1149 1250 et
1166 1199 1346 1252 monemus
1362 1187 1489 1251 attente
1504 1187 1676 1272 qnaoenus
1690 1179 1735 1252 ab
1750 1177 1935 1251 intentione
1950 1179 2009 1250 tali

602 1299 748 1372 desistas
765 1308 798 1372 et
812 1321 872 1372 eos
890 1301 1072 1374 occasione
1084 1301 1284 1394 hujusmodi
1301 1301 1442 1374 minima
1461 1301 1643 1396 inquietes.
1963 1289 1966 1294 λ

650 1425 775 1495 Datum
791 1425 965 1514 Laterani,
983 1435 1020 1497 ut
1034 1447 1150 1519 supro.

475 2031 526 2117 Ἣ
541 2047 566 2116 χ
659 2007 861 2118 Gregorius
883 2033 982 2116 papa
1004 2007 1192 2118 Reginum
1216 2007 1540 2115 arehiepiscopum
1561 2014 1672 2116 rogat
1693 2015 1737 2088 ut
1758 2007 1858 2115 apud
1882 2005 2014 2087 Fride-

604 2140 727 2222 rieum
754 2141 1012 2224 Romanorum
1036 2139 1302 2248 imperatorem
1326 2149 1451 2246 partes
1473 2137 1687 2248 interponat
1710 2139 1760 2222 nd
1781 2139 2012 2222 restituenda

606 2273 894 2382 universaquae
912 2271 1174 2380 Hospitnlariis
1187 2283 1225 2354 et
1238 2270 1460 2379 Templariis
1478 2270 1606 2353 abluta
1621 2271 1787 2354 luerunt.

686 2484 812 2563 (nerlu.
826 2485 898 2546 tntu.
915 2496 949 2546 n·
967 2489 1048 2560 11⁶.)

654 2673 784 2767 Regino
799 2671 1068 2766 archiepiscopo.
1089 2670 1312 2766 Speravimus
1329 2681 1384 2762 ut,
1404 2669 1494 2742 sieut
1509 2669 1609 2742 uobis
1624 2669 1871 2764 presentialiter
1883 2671 2015 2764 promi-

607 2797 695 2886 sisti,
707 2795 942 2891 Hospitalariis
951 2805 985 2868 et
992 2793 1193 2892 Templariis
1204 2793 1337 2867 restitui
1345 2815 1546 2890 procurares
1555 2794 1682 2879 ablala;
1694 2792 1756 2866 sed
1765 2791 1881 2864 adhuc
1889 2793 2014 2865 ablatis

609 2921 767 3017 primitus
781 2920 935 2992 destituti
949 2921 1025 2992 aliis
1038 2927 1120 2992 sunl
1130 2919 1264 2992 noviter
1277 2917 1426 3014 spoliati,
1438 2917 1528 2990 siout
1539 2915 1639 2990 nobis
1653 2939 1771 2990 eurum
1784 2915 2015 2988 lamentabilis

607 3045 809 3138 conquestio
826 3043 996 3139 pataleoit.
1017 3043 1102 3115 Cum
1125 3041 1230 3136 igitur
1247 3053 1385 3138 propter
1403 3041 1468 3114 hoo
1487 3041 1650 3114 dilectum
1675 3039 1829 3111 filiurn...
1853 3041 2013 3112 abbatem

608 3167 792 3241 Casemarii
810 3169 857 3242 ad
878 3167 1088 3263 imperialem
1113 3165 1319 3260 presentiam
1335 3165 1564 3254 destinemus,
1584 3163 1828 3236 fraternitatem
1848 3173 1941 3236 tuam
1959 3184 2013 3235 ro·

607 3315 731 3388 gamus
755 3303 790 3364 el
815 3313 996 3364 monemus
1019 3299 1145 3363 attente
1171 3313 1232 3385 per
1254 3291 1441 3385 apostolica
1462 3291 1588 3385 scripta
1614 3289 1816 3360 mandantes
1842 3297 2014 3382 quatenns

607 3417 702 3512 apud
722 3415 935 3488 carissimum
957 3415 993 3485 in
1013 3414 1145 3486 Christo
1168 3414 1277 3486 lilium
1299 3424 1453 3487 nostrum
1469 3414 1507 3484 F.
1523 3415 1753 3485 Romanorum
1775 3412 2012 3506 imperatorem

609 3543 787 3630 illustrem,
807 3559 941 3633 semper
956 3548 1156 3631 augustum,
1173 3547 1208 3608 et
1225 3559 1340 3630 regem
1360 3537 1487 3628 Sicilie,
1506 3547 1544 3608 ut
1563 3537 1614 3608 eis
1628 3535 1742 3608 ablata
1761 3535 1915 3608 restituat
1935 3535 2015 3606 nni-

609 3687 721 3756 versa,
739 3665 935 3758 interponas
952 3663 1134 3734 ellioaoiler
1147 3675 1259 3756 parles
1278 3675 1372 3754 luas,
1392 3664 1438 3734 ila
1453 3663 1548 3756 quod
1563 3659 1776 3754 diligentiam
1793 3669 1885 3732 luam
1904 3659 2014 3754 possi·

610 3811 688 3860 mus
703 3787 824 3858 merito
840 3785 1091 3859 commendare.

660 3915 783 3984 Datum
800 3909 973 4000 Laterani,
993 3920 1031 3980 ut
1048 3931 1165 4002 supro.

643 4037 698 4134 ¹ln
712 4033 874 4108 eumdem
889 4034 1032 4138 modum
1049 4034 1214 4134 seriptum
1233 4039 1285 4103 est
1302 4031 1558 4126 archiepiseopo
1571 4032 1746 4126 Capuano.

1574 4321 1718 4330 ...φ-...-
1726 4321 1770 4328 ...-

424 4613 574 4707 ,lllss‘gsslg
669 4604 873 4713 Gregorius
899 4629 998 4712 papa
1025 4601 1251 4710 magistrum
1278 4599 1415 4678 domus
1435 4595 1578 4701 Templi
1602 4603 1730 4675 monet
1756 4617 1804 4674 ne
1830 4592 1868 4672 in
1896 4615 2019 4698 regno

613 4735 953 4845 Hierosolymilono
977 4743 1109 4815 eontra
1134 4731 1299 4813 formam
1321 4727 1424 4836 panis
1449 4736 1486 4808 et
1508 4725 1712 4833 imperialis
1736 4723 1864 4807 ballivi
1886 4721 2020 4831 prohi-
