4702 6110
376 669 533 746 truncat]
832 664 1027 726 utstoltln
1051 663 1344 728 caenomanica
1728 661 1789 726 435

377 804 502 878 nostris
526 803 667 876 collatas
686 808 722 874 et
743 823 764 874 a
789 799 890 872 nobis
914 799 1095 874 innovatas
1110 810 1146 874 et
1163 823 1223 897 per
1248 799 1468 896 privilegium
1485 805 1638 871 nostrum
1664 795 1788 872 confir-

378 937 487 1002 matas
510 927 623 1000 modis
652 925 813 1000 omnibus
838 927 1001 1000 volumus
1022 926 1171 1000 illibatas
1196 946 1410 1022 permanere.
1435 921 1536 998 Unde
1565 921 1666 998 vobis
1690 945 1789 998 man·

379 1052 504 1126 dumus
519 1062 554 1126 et
570 1049 712 1124 firmiter
726 1071 789 1146 psr
803 1050 949 1144 gratiam
967 1060 1116 1124 nostram
1134 1051 1346 1148 precipimus
1365 1050 1531 1146 quatinus
1548 1047 1686 1122 fidelem
1709 1069 1790 1122 nos·

379 1187 471 1250 trum
487 1179 521 1250 S.
540 1175 590 1271 (a)
605 1175 817 1271 prepositum
832 1175 947 1248 Sancti
961 1175 1139 1248 Adalberti
1152 1175 1393 1270 jurisdictione
1407 1196 1514 1270 quam
1531 1195 1552 1246 a
1568 1173 1669 1246 nobis
1686 1173 1791 1246 habet

380 1300 425 1374 da
442 1309 513 1374 toto
531 1299 705 1395 predicet
722 1298 921 1372 hominibus
940 1298 1070 1394 inipso
1088 1299 1324 1386 manentibus,
1344 1297 1538 1372 secundum
1558 1297 1655 1391 quod
1670 1297 1706 1368 in
1721 1295 1792 1392 pri·

379 1425 508 1519 vilegio
523 1433 639 1498 nostm
653 1423 747 1498 idem
765 1423 927 1520 predium
941 1423 1032 1498 baeti
1045 1423 1222 1498 Adalberti
1238 1446 1300 1520 per
1314 1433 1425 1498 certos
1436 1422 1601 1496 terminos
1613 1420 1660 1495 de
1678 1429 1794 1496 nostra

382 1548 590 1624 conscientia
615 1557 667 1622 est
692 1546 912 1640 distinctum,
936 1556 1039 1642 prout
1059 1548 1280 1643 privilegium
1307 1547 1522 1644 imperatoris
1544 1545 1695 1620 lleinrici
1716 1546 1795 1618 iun·

382 1673 511 1746 datoris
534 1673 646 1768 ipsius
668 1671 812 1746 ecclesie
835 1672 1018 1746 manifeste
1041 1671 1194 1748 declarat
1221 1683 1256 1746 et
1276 1673 1461 1770 exprimit,
1486 1672 1620 1764 integre
1642 1671 1795 1766 gaudere

383 1797 588 1892 permittatis
599 1803 634 1870 et
646 1795 692 1870 de
706 1797 774 1870 hac
789 1795 835 1870 de
844 1806 958 1870 cetero
968 1798 1165 1872 nullatenus
1176 1819 1240 1870 ros
1253 1797 1499 1887 intromittatis,
1514 1797 1577 1871 sed
1591 1796 1705 1892 ipsum
1719 1816 1797 1891 pre-

382 1921 533 2017 positum
553 1929 588 1992 et
603 1919 782 1993 ecclesiam
803 1921 895 1994 beati
918 1919 1095 1994 Adnlberti
1116 1921 1152 1993 in
1177 1923 1339 1994 omnibus
1363 1921 1510 2016 agendis
1526 1921 1600 1994 suis
1614 1920 1797 2014 diligenter

383 2044 635 2140 promoveatis3
657 2043 776 2116 scituri
793 2065 856 2138 pro
877 2053 969 2118 certo
984 2045 1080 2139 quod
1097 2045 1311 2140 quicumque
1327 2045 1441 2141 ipsum
1463 2054 1497 2116 at
1510 2043 1669 2118 eamdem
1689 2043 1797 2116 eccle·

384 2168 470 2241 siam
498 2176 617 2242 contra
643 2168 709 2242 hoc
737 2179 895 2242 nostrum
927 2169 1130 2243 mandatum
1155 2169 1335 2242 molestare
1359 2168 1624 2264 presumpserit,
1655 2187 1796 2262 gravem

384 2303 499 2366 nostre
512 2292 761 2388 indignationis
774 2293 941 2366 offensam
955 2293 1078 2366 meritc
1092 2292 1197 2367 debet
1210 2293 1409 2378 formidare,
1420 2291 1503 2388 quia
1518 2313 1587 2364 non
1601 2291 1799 2366 omittemus

385 2419 559 2510 requirere
574 2439 699 2514 penam
718 2418 755 2490 in
771 2418 955 2514 privilegio
973 2427 1090 2492 nostro
1105 2439 1318 2514 expressam.

432 2543 557 2616 Datum
575 2543 684 2638 Spire,
702 2563 794 2616 anno
812 2543 949 2616 Domini
969 2544 1017 2618 ll.
1034 2542 1097 2617 CC.
1117 2545 1227 2632 XXX,
1248 2565 1356 2618 nonas
1375 2541 1580 2618 decembris.

439 3131 623 3216 Henricus
640 3132 900 3217 Romanorum
922 3159 989 3215 rex
1005 3143 1140 3216 notum
1156 3131 1246 3216 facit
1266 3133 1372 3244 quod
1389 3133 1600 3218 Fridericus
1614 3145 1651 3220 et
1663 3135 1804 3222 lohan-
1827 3158 2007 3260 qpffi.

386 3293 454 3350 nes
472 3265 609 3350 fratres
627 3268 675 3350 de
692 3265 964 3350 Frankenslein
983 3269 1033 3350 ed
1054 3267 1275 3376 petitionem
1298 3267 1447 3352 abbatis
1469 3279 1507 3352 et
1525 3279 1732 3356 conventus
1754 3273 1803 3356 de

387 3399 616 3484 Hemmerod
633 3409 828 3483 cesserunt
840 3399 998 3484 omnino
1010 3399 1068 3482 liti
1084 3428 1204 3510 quam
1220 3401 1415 3484 habebunt
1437 3411 1570 3486 conlm
1587 3403 1712 3513 ipsam
1728 3430 1801 3490 ec-

388 3531 540 3614 clesiam
557 3559 670 3642 super
686 3535 850 3617 decursu
868 3529 1071 3643 cujusdam
1088 3533 1160 3616 riri
1174 3533 1285 3643 juxta
1302 3533 1504 3619 Rechholz.

469 3769 566 3851 [Edld.
581 3771 805 3850 Wunnraurn,
821 3771 939 3836 Sadaid.
949 3770 1113 3854 diplomat,
1127 3779 1151 3836 t.
1167 3773 1207 3849 V,
1221 3792 1252 3854 p.
1269 3783 1338 3851 27⁴,
1348 3783 1383 3836 η’
1396 3775 1460 3855 98.)

437 3985 617 4061 Heinricus
630 3987 692 4062 Dei
709 3989 819 4083 gratia
829 3991 1060 4064 Romanorum
1073 4013 1137 4064 rex
1149 4000 1185 4064 et
1196 4012 1333 4088 semper
1343 4005 1514 4087 augustus
1528 3993 1564 4066 in
1579 4005 1796 4094 perpetuum.

388 4111 618 4186 Ecclesiarum
642 4113 904 4187 necessitatibus
926 4115 1105 4210 suffragari
1123 4126 1159 4188 et
1179 4116 1273 4189 bono
1296 4116 1450 4212 ipsamm
1473 4121 1652 4196 consulere
1675 4145 1718 4198 eo
1738 4123 1801 4199 he·

389 4233 530 4330 nignius
551 4257 623 4332 quc
642 4237 717 4334 ipse
731 4239 961 4330 religiosiores
977 4240 1204 4313 inveniuntur
1223 4238 1323 4314 decet
1338 4242 1469 4338 regiam
1485 4246 1710 4338 majestatem.
1732 4249 1799 4326 Ea·

389 4369 529 4456 propter
549 4372 672 4434 notum
693 4385 769 4437 esse
786 4365 949 4437 volumus
969 4363 1132 4437 omnibus
1149 4363 1273 4436 Christi
1295 4366 1471 4462 nostrique
1491 4366 1618 4466 [regni]
1637 4369 1799 4448 fidelibus

389 4485 484 4578 quod
503 4485 619 4560 dilecti
633 4484 753 4562 fideles
768 4489 875 4561 nostri
894 4487 1088 4562 Fridericus
1105 4498 1141 4562 et
1153 4487 1325 4562 lohannes
1336 4491 1458 4564 iratres
1476 4492 1522 4566 de
1535 4493 1799 4572 Franckenstein

391 4609 437 4682 ad
458 4610 659 4704 petitionem
675 4613 719 4684 Η.
735 4611 871 4687 abbatis
888 4621 924 4686 et
940 4621 1133 4688 conventus
1149 4612 1295 4688 ecclesie
1310 4613 1347 4686 in
1364 4613 1602 4692 Hemmisrode
1623 4633 1802 4698 cesserunt

433 4775 474 4858 (a)
495 4779 533 4841 ln
546 4779 677 4844 secunda
688 4779 817 4845 eddone
830 4779 1011 4846 Silodcnen.
