4710 6076
391 2097 495 2193 wlgpffl

451 2151 538 2203 plnum·

371 2203 399 2245 ἥ
415 2203 551 2258 septembris.

577 644 639 708 ata
1106 639 1277 706 nauale!
1303 641 1471 704 suatllll
1807 645 1889 728 [lim.
1906 647 1993 712 1227.

581 781 638 856 bis
653 787 689 854 et
709 779 826 854 comiti
844 788 961 854 restro
982 779 1019 852 in
1044 777 1227 852 antedictis
1248 775 1415 852 nundinis
1439 779 1648 854 conterimus
1673 778 1720 856 de
1744 785 1855 878 gratia
1879 796 1995 859 nostre

580 903 797 980 celsitudinis
813 913 850 978 ct
868 903 916 979 ad
941 903 1139 978 instantiam
1157 911 1193 977 ct
1214 923 1423 976 consensum
1442 903 1596 1001 episcopi
1612 905 1785 1001 prelibati.
1811 909 1857 982 Ut
1878 917 1995 984 antem

579 1030 645 1104 bec
664 1035 781 1104 nostm
795 1028 972 1102 concessio
986 1037 1022 1102 ot
1037 1024 1254 1122 indulgentia
1275 1027 1443 1102 libertatis
1461 1028 1568 1102 robur
1592 1027 1762 1106 firmitmb
1782 1031 1937 1108 obtineat
1958 1035 1994 1106 iu

579 1161 804 1250 perpetuum,
827 1161 1022 1250 presentem
1036 1151 1169 1226 literam
1184 1150 1290 1224 scribi
1307 1151 1452 1226 fecimus
1467 1162 1503 1226 ot
1517 1153 1632 1250 sigillo
1649 1165 1765 1231 nostm
1780 1157 1996 1232 celsitudinis

580 1277 800 1352 communiri.
1611 1245 1629 1266 ⁹
1664 1253 1668 1260 Ι

627 1403 752 1476 ilatum
764 1401 861 1498 apnd
875 1401 1094 1498 Winpinam,
1112 1423 1205 1476 anno
1224 1399 1398 1476 dominice
1413 1401 1657 1477 incarnationis
1671 1403 1854 1480 millasimo
1866 1403 1993 1480 CC‘XX

580 1527 740 1624 septimo,
754 1525 941 1601 undecimo
955 1525 1123 1602 kalendas
1136 1524 1299 1619 octobris,
1317 1525 1506 1600 indictione
1518 1527 1642 1624 prima.

630 2088 816 2174 chricus
838 2087 1099 2171 Romanorum
1121 2113 1188 2170 rex
1209 2088 1392 2174 fininibus
1410 2089 1549 2173 domus
1565 2090 1764 2200 hospitalis
1782 2087 1994 2174 Tbeutoni-

576 2247 711 2306 corum
729 2221 890 2304 Sanctae
902 2219 1043 2306 Mariae
1057 2220 1098 2301 in
1110 2220 1319 2305 Jerusalem
1336 2223 1535 2306 ecclesiam
1548 2221 1677 2306 Sancti
1690 2223 1807 2306 Blasii
1826 2223 1867 2306 in
1883 2223 1992 2310 Mul-

577 2357 725 2440 hausan
746 2379 836 2438 cum
854 2351 942 2464 jure
959 2363 1184 2462 patronatus
1201 2365 1239 2438 el
1255 2355 1436 2440 omnibus
1453 2356 1661 2440 attinentiis
1675 2357 1821 2442 confert
1843 2367 1882 2440 et
1902 2383 1993 2442 oon·

576 2489 694 2573 tradit
714 2487 832 2572 libere
848 2486 1053 2570 tenendam
1071 2496 1109 2570 et
1127 2497 1309 2598 perpetuo
1328 2489 1612 2598 possidendam.

656 2721 780 2803 (lnadlt.
794 2723 1023 2802 axorlglnnllin
1036 2723 1119 2784 arob.
1133 2723 1207 2804 Bag.
1222 2722 1394 2797 blandensi,
1406 2731 1439 2784 n·
1455 2721 1680 2786 atu-Adoet
1691 2721 1801 2784 lbld
1814 2725 1993 2802 captandus-

694 2829 764 2891 dam
787 2830 932 2908 prlvllsgll
954 2829 1126 2892 authentica
1145 2831 1202 2892 sub
1225 2829 1322 2892 lorma
1343 2829 1545 2892 vidimationls
1563 2831 1683 2892 redacta
1702 2829 1784 2908 apud
1801 2829 1990 2916 biulcbusln,

697 2935 891 3016 Vlduslunll
902 2951 974 2997 ann.
992 2945 1082 3012 tata,
1097 2953 1150 3014 par
1162 2935 1325 3000 liudollum
1333 2935 1472 3000 abbata·
1485 2935 1691 3000 dclillinstaln
1703 2935 1992 3014 atbprnqnositum

693 3045 727 3105 ln
739 3043 856 3118 Burin.)

623 3255 793 3330 ilenricus
818 3253 988 3351 septimus
1011 3253 1131 3329 divina
1154 3256 1294 3328 favente
1314 3254 1496 3330 clementia
1516 3254 1826 3335 Romanorummx
1842 3261 1878 3327 et
1899 3273 1991 3326 sam·

575 3389 832 3482 perangustus.
851 3378 907 3454 Ad
930 3379 1112 3476 utriusque
1125 3381 1198 3454 vite
1216 3381 1412 3454 felicitatem
1431 3377 1597 3478 prodesse
1620 3379 1722 3454 nobis
1746 3399 1817 3454 non
1842 3377 1992 3472 ambigi·

575 3505 701 3581 mussi
718 3503 794 3580 loca
810 3504 931 3578 divino
944 3504 1052 3578 cultui
1069 3505 1264 3601 mancipata
1278 3505 1515 3580 curaverimus
1527 3503 1693 3600 ampliare
1709 3511 1745 3577 et
1762 3524 1883 3578 corum
1897 3524 1992 3576 conn-

575 3630 681 3706 modo
704 3630 764 3726 pio
792 3627 1041 3702 intenderimus
1067 3651 1148 3702 cum
1171 3630 1310 3703 affectu.
1336 3631 1413 3716 Qua
1442 3628 1488 3702 de
1511 3649 1550 3702 ro
1575 3628 1736 3702 noverint
1757 3637 1829 3702 turn
1850 3648 1994 3724 presens

576 3765 650 3829 etas
673 3775 780 3849 quam
802 3773 1004 3827 successura
1025 3755 1207 3850 posteritas
1232 3753 1330 3850 quod
1352 3775 1417 3828 uos
1439 3751 1655 3828 attendentes
1677 3761 1714 3828 et
1733 3752 1833 3826 vultu
1854 3751 1993 3849 placido

575 3878 799 3976 respicientes
811 3877 938 3954 devote
949 3879 1118 3974 obsequia
1136 3888 1171 3952 et
1187 3879 1429 3974 obsequiosum
1448 3877 1668 3953 devotionem
1685 3877 1889 3950 dilectorum
1906 3875 1992 3950 lide·

576 4006 664 4078 lium
680 4012 875 4080 nostrorum
898 4005 1041 4076 fratrum
1068 4003 1195 4078 domus
1219 4002 1399 4100 hospitalis
1425 4001 1714 4076 Teutbonioorum
1739 4010 1858 4074 sancte
1884 4001 1993 4074 Maria

577 4131 615 4204 in
631 4129 819 4204 ierusalem
833 4149 904 4223 quc
918 4129 1089 4202 laborioso
1111 4129 1213 4202 nobis
1231 4149 1273 4202 ac
1286 4126 1563 4224 progenitoribus
1581 4125 1756 4200 nostriset
1774 4123 1869 4199 fideli
1891 4123 1992 4198 anbi-

576 4257 661 4330 bent
673 4263 709 4328 et
724 4253 959 4328 exhibuerunt
974 4253 1163 4344 famulatu,
1179 4252 1360 4326 ecclesiam
1378 4251 1487 4326 sancti
1501 4251 1604 4326 Blasii
1624 4251 1662 4324 in
1677 4250 1862 4326 Mulbnscn
1883 4269 1991 4345 mam

577 4399 672 4452 nunc
686 4378 731 4452 dc
744 4399 852 4452 manu
864 4386 980 4451 nostra
992 4374 1318 4472 possidotdlbertus
1330 4375 1530 4472 capellanus
1543 4383 1672 4466 noster,
1685 4383 1720 4447 at
1731 4374 1833 4466 qu'us
1850 4370 1990 4446 donatio

576 4525 619 4580 ac
631 4505 690 4598 jus
705 4511 904 4600 patronatus
915 4501 962 4576 ad
980 4522 1044 4576 nos
1064 4510 1100 4574 et
1112 4501 1295 4596 imperium
1312 4509 1467 4597 spectare
1483 4498 1529 4574 do
1541 4499 1674 4574 ratione
1687 4496 1890 4584 dinoscitur,
1908 4517 1990 4570 curn

573 4633 652 4727 jura
669 4637 870 4726 patronatus
887 4637 923 4702 et
938 4627 1101 4702 omnibns
1120 4627 1308 4702 atinentiis
1323 4627 1397 4701 suis
1419 4627 1511 4702 dicte
1525 4624 1646 4700 domui
1662 4645 1705 4698 ac
1719 4623 1882 4698 iratribus
1896 4621 1991 4715 ejus-

577 4756 657 4832 dem
673 4753 883 4830 contulimus
901 4762 937 4828 ct
951 4751 1227 4830 contradidimus
1244 4753 1351 4828 libere
1364 4753 1549 4828 tenendam
1565 4761 1602 4826 et
1623 4758 1791 4849 perpetuo
1807 4745 1990 4846 possidon-
