<?xml version="1.0" encoding="UTF-8"?>
<!DOCTYPE html PUBLIC "-//W3C//DTD XHTML 1.0 Transitional//EN"
    "http://www.w3.org/TR/xhtml1/DTD/xhtml1-transitional.dtd">
<html xmlns="http://www.w3.org/1999/xhtml" xml:lang="en" lang="en">
 <head>
  <title>
</title>
<meta http-equiv="Content-Type" content="text/html;charset=utf-8" />
  <meta name='ocr-system' content='tesseract 3.04.00' />
  <meta name='ocr-capabilities' content='ocr_page ocr_carea ocr_par ocr_line ocrx_word'/>
</head>
<body>
  <div class='ocr_page' id='page_1' title='image "./historiadiploma03fredgoog/historiadiploma03fredgoog_0288.png"; bbox 0 0 4642 6106; ppageno 0'>
   <div class='ocr_carea' id='block_1_1' title="bbox 338 697 1758 788">
    <p class='ocr_par' dir='ltr' id='par_1_1' title="bbox 338 697 1758 788">
     <span class='ocr_line' id='line_1_1' title="bbox 338 697 1758 788; baseline -0.001 -21"><span class='ocrx_word' id='word_1_1' title='bbox 338 706 437 767; x_wconf 83' lang='lat' dir='ltr'>lrrnmr.</span> <span class='ocrx_word' id='word_1_2' title='bbox 453 703 498 788; x_wconf 65' lang='grc' dir='ltr'>Α]</span> <span class='ocrx_word' id='word_1_3' title='bbox 797 699 995 762; x_wconf 76' lang='lat' dir='ltr'>HISTORIA</span> <span class='ocrx_word' id='word_1_4' title='bbox 1019 697 1313 762; x_wconf 76' lang='lat' dir='ltr'>utenortamcs.</span> <span class='ocrx_word' id='word_1_5' title='bbox 1697 704 1758 766; x_wconf 73' lang='lat'>279</span> 
     </span>
    </p>
   </div>
   <div class='ocr_carea' id='block_1_2' title="bbox 338 833 1768 4514">
    <p class='ocr_par' dir='ltr' id='par_1_2' title="bbox 338 833 1768 4514">
     <span class='ocr_line' id='line_1_2' title="bbox 339 833 1758 938; baseline -0.004 -24"><span class='ocrx_word' id='word_1_6' title='bbox 339 840 481 938; x_wconf 89' lang='lat' dir='ltr'>oppida,</span> <span class='ocrx_word' id='word_1_7' title='bbox 502 838 660 932; x_wconf 73' lang='lat' dir='ltr'>regiones</span> <span class='ocrx_word' id='word_1_8' title='bbox 676 843 711 909; x_wconf 91' lang='lat' dir='ltr'>et</span> <span class='ocrx_word' id='word_1_9' title='bbox 728 835 926 932; x_wconf 90' lang='lat' dir='ltr'>provincias</span> <span class='ocrx_word' id='word_1_10' title='bbox 942 857 1022 906; x_wconf 90' lang='lat' dir='ltr'>cum</span> <span class='ocrx_word' id='word_1_11' title='bbox 1039 834 1214 931; x_wconf 82' lang='lat' dir='ltr'>presidiis,</span> <span class='ocrx_word' id='word_1_12' title='bbox 1236 833 1393 930; x_wconf 89' lang='lat' dir='ltr'>portibus</span> <span class='ocrx_word' id='word_1_13' title='bbox 1413 845 1448 908; x_wconf 91' lang='lat' dir='ltr'>et</span> <span class='ocrx_word' id='word_1_14' title='bbox 1466 835 1653 928; x_wconf 87' lang='lat' dir='ltr'>limitibus,</span> <span class='ocrx_word' id='word_1_15' title='bbox 1670 849 1705 911; x_wconf 89' lang='lat' dir='ltr'>et</span> <span class='ocrx_word' id='word_1_16' title='bbox 1720 849 1758 910; x_wconf 94' lang='lat' dir='ltr'>ut</span> 
     </span>
     <span class='ocr_line' id='line_1_3' title="bbox 338 957 1759 1054; baseline 0 -19"><span class='ocrx_word' id='word_1_17' title='bbox 338 961 443 1036; x_wconf 87' lang='lat' dir='ltr'>etiarn</span> <span class='ocrx_word' id='word_1_18' title='bbox 460 961 490 1034; x_wconf 88' lang='lat' dir='ltr'>si</span> <span class='ocrx_word' id='word_1_19' title='bbox 511 959 638 1054; x_wconf 87' lang='lat' dir='ltr'>aliquis</span> <span class='ocrx_word' id='word_1_20' title='bbox 657 957 848 1032; x_wconf 82' lang='lat' dir='ltr'>introiverit</span> <span class='ocrx_word' id='word_1_21' title='bbox 869 959 905 1029; x_wconf 91' lang='lat' dir='ltr'>in</span> <span class='ocrx_word' id='word_1_22' title='bbox 928 966 1066 1053; x_wconf 90' lang='lat' dir='ltr'>portum</span> <span class='ocrx_word' id='word_1_23' title='bbox 1084 957 1234 1051; x_wconf 83' lang='lat' dir='ltr'>aliquem</span> <span class='ocrx_word' id='word_1_24' title='bbox 1253 979 1301 1032; x_wconf 85' lang='lat' dir='ltr'>ex</span> <span class='ocrx_word' id='word_1_25' title='bbox 1319 958 1475 1052; x_wconf 90' lang='lat' dir='ltr'>portibus</span> <span class='ocrx_word' id='word_1_26' title='bbox 1491 957 1606 1033; x_wconf 79' lang='lat' dir='ltr'>Africa</span> <span class='ocrx_word' id='word_1_27' title='bbox 1621 962 1677 1034; x_wconf 89' lang='lat' dir='ltr'>vel</span> <span class='ocrx_word' id='word_1_28' title='bbox 1700 983 1759 1035; x_wconf 90' lang='lat' dir='ltr'>re·</span> 
     </span>
     <span class='ocr_line' id='line_1_4' title="bbox 338 1069 1760 1180; baseline 0.001 -22"><span class='ocrx_word' id='word_1_29' title='bbox 338 1086 467 1180; x_wconf 82' lang='lat' dir='ltr'>sugerit</span> <span class='ocrx_word' id='word_1_30' title='bbox 483 1083 530 1158; x_wconf 91' lang='lat' dir='ltr'>ad</span> <span class='ocrx_word' id='word_1_31' title='bbox 553 1081 694 1180; x_wconf 83' lang='lat' dir='ltr'>aliquod</span> <span class='ocrx_word' id='word_1_32' title='bbox 715 1069 812 1154; x_wconf 85' lang='lat' dir='ltr'>littus</span> <span class='ocrx_word' id='word_1_33' title='bbox 829 1105 875 1156; x_wconf 83' lang='lat' dir='ltr'>ex</span> <span class='ocrx_word' id='word_1_34' title='bbox 892 1083 1065 1156; x_wconf 81' lang='lat' dir='ltr'>littoribus</span> <span class='ocrx_word' id='word_1_35' title='bbox 1086 1082 1173 1174; x_wconf 88' lang='lat' dir='ltr'>suis,</span> <span class='ocrx_word' id='word_1_36' title='bbox 1193 1081 1270 1156; x_wconf 91' lang='lat' dir='ltr'>sive</span> <span class='ocrx_word' id='word_1_37' title='bbox 1288 1083 1333 1154; x_wconf 88' lang='lat' dir='ltr'>sit</span> <span class='ocrx_word' id='word_1_38' title='bbox 1350 1083 1542 1157; x_wconf 89' lang='lat' dir='ltr'>habitatum</span> <span class='ocrx_word' id='word_1_39' title='bbox 1559 1087 1616 1158; x_wconf 89' lang='lat' dir='ltr'>vel</span> <span class='ocrx_word' id='word_1_40' title='bbox 1635 1086 1760 1159; x_wconf 91' lang='lat' dir='ltr'>deser-</span> 
     </span>
     <span class='ocr_line' id='line_1_5' title="bbox 339 1207 1761 1306; baseline -0.001 -22"><span class='ocrx_word' id='word_1_41' title='bbox 339 1219 427 1302; x_wconf 89' lang='lat' dir='ltr'>tum,</span> <span class='ocrx_word' id='word_1_42' title='bbox 438 1212 511 1302; x_wconf 89' lang='lat' dir='ltr'>jam</span> <span class='ocrx_word' id='word_1_43' title='bbox 530 1209 575 1282; x_wconf 92' lang='lat' dir='ltr'>sit</span> <span class='ocrx_word' id='word_1_44' title='bbox 592 1229 735 1281; x_wconf 80' lang='lat' dir='ltr'>securm</span> <span class='ocrx_word' id='word_1_45' title='bbox 753 1208 799 1280; x_wconf 94' lang='lat' dir='ltr'>ab</span> <span class='ocrx_word' id='word_1_46' title='bbox 815 1207 938 1282; x_wconf 88' lang='lat' dir='ltr'>incolis</span> <span class='ocrx_word' id='word_1_47' title='bbox 954 1207 1069 1280; x_wconf 83' lang='lat' dir='ltr'>Airioe</span> <span class='ocrx_word' id='word_1_48' title='bbox 1080 1216 1115 1280; x_wconf 86' lang='lat' dir='ltr'>et</span> <span class='ocrx_word' id='word_1_49' title='bbox 1128 1207 1173 1280; x_wconf 89' lang='lat' dir='ltr'>ab</span> <span class='ocrx_word' id='word_1_50' title='bbox 1187 1208 1351 1280; x_wconf 90' lang='lat' dir='ltr'>omnibus</span> <span class='ocrx_word' id='word_1_51' title='bbox 1362 1209 1625 1298; x_wconf 79' lang='lat' dir='ltr'>mahometanis,</span> <span class='ocrx_word' id='word_1_52' title='bbox 1636 1209 1761 1306; x_wconf 77' lang='lat' dir='ltr'>Egyp-</span> 
     </span>
     <span class='ocr_line' id='line_1_6' title="bbox 339 1331 1761 1426; baseline -0.001 -18"><span class='ocrx_word' id='word_1_53' title='bbox 339 1335 397 1408; x_wconf 88' lang='lat' dir='ltr'>tiis</span> <span class='ocrx_word' id='word_1_54' title='bbox 415 1343 450 1408; x_wconf 94' lang='lat' dir='ltr'>et</span> <span class='ocrx_word' id='word_1_55' title='bbox 466 1335 556 1422; x_wconf 91' lang='lat' dir='ltr'>aliis,</span> <span class='ocrx_word' id='word_1_56' title='bbox 574 1342 613 1404; x_wconf 93' lang='lat' dir='ltr'>nt</span> <span class='ocrx_word' id='word_1_57' title='bbox 629 1332 660 1404; x_wconf 89' lang='lat' dir='ltr'>si</span> <span class='ocrx_word' id='word_1_58' title='bbox 678 1331 804 1426; x_wconf 88' lang='lat' dir='ltr'>aliquis</span> <span class='ocrx_word' id='word_1_59' title='bbox 822 1333 987 1426; x_wconf 76' lang='lat' dir='ltr'>refugerit</span> <span class='ocrx_word' id='word_1_60' title='bbox 1004 1332 1051 1406; x_wconf 88' lang='lat' dir='ltr'>ad</span> <span class='ocrx_word' id='word_1_61' title='bbox 1068 1331 1210 1426; x_wconf 88' lang='lat' dir='ltr'>aliquod</span> <span class='ocrx_word' id='word_1_62' title='bbox 1229 1331 1324 1404; x_wconf 90' lang='lat' dir='ltr'>littus</span> <span class='ocrx_word' id='word_1_63' title='bbox 1343 1355 1391 1404; x_wconf 85' lang='lat' dir='ltr'>ex</span> <span class='ocrx_word' id='word_1_64' title='bbox 1409 1333 1582 1406; x_wconf 88' lang='lat' dir='ltr'>littoribus</span> <span class='ocrx_word' id='word_1_65' title='bbox 1596 1333 1711 1407; x_wconf 82' lang='lat' dir='ltr'>Africa</span> <span class='ocrx_word' id='word_1_66' title='bbox 1726 1345 1761 1408; x_wconf 90' lang='lat' dir='ltr'>et</span> 
     </span>
     <span class='ocr_line' id='line_1_7' title="bbox 339 1457 1763 1555; baseline -0.001 -22"><span class='ocrx_word' id='word_1_67' title='bbox 339 1459 508 1555; x_wconf 78' lang='lat' dir='ltr'>receperit</span> <span class='ocrx_word' id='word_1_68' title='bbox 524 1457 692 1530; x_wconf 88' lang='lat' dir='ltr'>damnum</span> <span class='ocrx_word' id='word_1_69' title='bbox 707 1466 743 1530; x_wconf 89' lang='lat' dir='ltr'>et</span> <span class='ocrx_word' id='word_1_70' title='bbox 762 1457 953 1531; x_wconf 90' lang='lat' dir='ltr'>molestiam</span> <span class='ocrx_word' id='word_1_71' title='bbox 975 1459 1021 1531; x_wconf 92' lang='lat' dir='ltr'>ab</span> <span class='ocrx_word' id='word_1_72' title='bbox 1040 1459 1159 1552; x_wconf 86' lang='lat' dir='ltr'>aliquo</span> <span class='ocrx_word' id='word_1_73' title='bbox 1182 1458 1324 1531; x_wconf 86' lang='lat' dir='ltr'>subdito</span> <span class='ocrx_word' id='word_1_74' title='bbox 1341 1459 1415 1553; x_wconf 88' lang='lat' dir='ltr'>regi</span> <span class='ocrx_word' id='word_1_75' title='bbox 1432 1457 1608 1554; x_wconf 89' lang='lat' dir='ltr'>predicto,</span> <span class='ocrx_word' id='word_1_76' title='bbox 1628 1459 1763 1554; x_wconf 91' lang='lat' dir='ltr'>obliga·</span> 
     </span>
     <span class='ocr_line' id='line_1_8' title="bbox 341 1580 1762 1680; baseline 0 -23"><span class='ocrx_word' id='word_1_77' title='bbox 341 1585 472 1657; x_wconf 90' lang='lat' dir='ltr'>buntur</span> <span class='ocrx_word' id='word_1_78' title='bbox 490 1581 557 1679; x_wconf 90' lang='lat' dir='ltr'>ipsi</span> <span class='ocrx_word' id='word_1_79' title='bbox 574 1581 621 1655; x_wconf 93' lang='lat' dir='ltr'>ad</span> <span class='ocrx_word' id='word_1_80' title='bbox 635 1581 893 1655; x_wconf 88' lang='lat' dir='ltr'>resarciendum</span> <span class='ocrx_word' id='word_1_81' title='bbox 909 1583 1095 1676; x_wconf 87' lang='lat' dir='ltr'>damnum;</span> <span class='ocrx_word' id='word_1_82' title='bbox 1115 1592 1150 1656; x_wconf 92' lang='lat' dir='ltr'>et</span> <span class='ocrx_word' id='word_1_83' title='bbox 1166 1594 1205 1656; x_wconf 90' lang='lat' dir='ltr'>ut</span> <span class='ocrx_word' id='word_1_84' title='bbox 1220 1584 1323 1657; x_wconf 90' lang='lat' dir='ltr'>etiem</span> <span class='ocrx_word' id='word_1_85' title='bbox 1343 1580 1486 1680; x_wconf 85' lang='lat' dir='ltr'>nc[que]</span> <span class='ocrx_word' id='word_1_86' title='bbox 1502 1584 1635 1657; x_wconf 92' lang='lat' dir='ltr'>irritent</span> <span class='ocrx_word' id='word_1_87' title='bbox 1649 1605 1762 1678; x_wconf 91' lang='lat' dir='ltr'>neque</span> 
     </span>
     <span class='ocr_line' id='line_1_9' title="bbox 340 1707 1761 1805; baseline -0.002 -22"><span class='ocrx_word' id='word_1_88' title='bbox 340 1717 529 1805; x_wconf 86' lang='lat' dir='ltr'>provocent</span> <span class='ocrx_word' id='word_1_89' title='bbox 540 1707 691 1801; x_wconf 85' lang='lat' dir='ltr'>aliquem</span> <span class='ocrx_word' id='word_1_90' title='bbox 702 1728 748 1780; x_wconf 83' lang='lat' dir='ltr'>ex</span> <span class='ocrx_word' id='word_1_91' title='bbox 760 1707 854 1779; x_wconf 90' lang='lat' dir='ltr'>illins</span> <span class='ocrx_word' id='word_1_92' title='bbox 863 1707 985 1780; x_wconf 89' lang='lat' dir='ltr'>incolis</span> <span class='ocrx_word' id='word_1_93' title='bbox 998 1729 1061 1804; x_wconf 88' lang='lat' dir='ltr'>spe</span> <span class='ocrx_word' id='word_1_94' title='bbox 1074 1709 1127 1781; x_wconf 93' lang='lat' dir='ltr'>vel</span> <span class='ocrx_word' id='word_1_95' title='bbox 1141 1709 1276 1800; x_wconf 88' lang='lat' dir='ltr'>timore,</span> <span class='ocrx_word' id='word_1_96' title='bbox 1290 1729 1403 1803; x_wconf 92' lang='lat' dir='ltr'>neque</span> <span class='ocrx_word' id='word_1_97' title='bbox 1415 1710 1617 1782; x_wconf 82' lang='lat' dir='ltr'>conculcent</span> <span class='ocrx_word' id='word_1_98' title='bbox 1630 1718 1761 1804; x_wconf 85' lang='lat' dir='ltr'>partem</span> 
     </span>
     <span class='ocr_line' id='line_1_10' title="bbox 342 1831 1762 1930; baseline -0.001 -25"><span class='ocrx_word' id='word_1_99' title='bbox 342 1834 495 1926; x_wconf 88' lang='lat' dir='ltr'>aliquam</span> <span class='ocrx_word' id='word_1_100' title='bbox 512 1831 547 1903; x_wconf 92' lang='lat' dir='ltr'>in</span> <span class='ocrx_word' id='word_1_101' title='bbox 566 1831 624 1904; x_wconf 91' lang='lat' dir='ltr'>illa</span> <span class='ocrx_word' id='word_1_102' title='bbox 641 1841 763 1926; x_wconf 89' lang='lat' dir='ltr'>sponte</span> <span class='ocrx_word' id='word_1_103' title='bbox 776 1854 840 1905; x_wconf 91' lang='lat' dir='ltr'>sna</span> <span class='ocrx_word' id='word_1_104' title='bbox 857 1831 975 1904; x_wconf 89' lang='lat' dir='ltr'>domni</span> <span class='ocrx_word' id='word_1_105' title='bbox 992 1833 1140 1906; x_wconf 81' lang='lat' dir='ltr'>faciendi</span> <span class='ocrx_word' id='word_1_106' title='bbox 1159 1855 1277 1923; x_wconf 87' lang='lat' dir='ltr'>causa,</span> <span class='ocrx_word' id='word_1_107' title='bbox 1293 1855 1408 1927; x_wconf 91' lang='lat' dir='ltr'>neque</span> <span class='ocrx_word' id='word_1_108' title='bbox 1421 1833 1592 1906; x_wconf 86' lang='lat' dir='ltr'>auxilium</span> <span class='ocrx_word' id='word_1_109' title='bbox 1611 1843 1762 1930; x_wconf 88' lang='lat' dir='ltr'>prestent</span> 
     </span>
     <span class='ocr_line' id='line_1_11' title="bbox 342 1953 1762 2050; baseline -0.002 -21"><span class='ocrx_word' id='word_1_110' title='bbox 342 1956 420 2030; x_wconf 88' lang='lat' dir='ltr'>aliis</span> <span class='ocrx_word' id='word_1_111' title='bbox 433 1955 594 2050; x_wconf 84' lang='lat' dir='ltr'>gentibus</span> <span class='ocrx_word' id='word_1_112' title='bbox 607 1955 653 2029; x_wconf 93' lang='lat' dir='ltr'>ad</span> <span class='ocrx_word' id='word_1_113' title='bbox 670 1954 708 2028; x_wconf 92' lang='lat' dir='ltr'>id</span> <span class='ocrx_word' id='word_1_114' title='bbox 723 1953 934 2045; x_wconf 86' lang='lat' dir='ltr'>laciendum,</span> <span class='ocrx_word' id='word_1_115' title='bbox 949 1963 984 2026; x_wconf 90' lang='lat' dir='ltr'>et</span> <span class='ocrx_word' id='word_1_116' title='bbox 1002 1977 1040 2028; x_wconf 90' lang='lat' dir='ltr'>se</span> <span class='ocrx_word' id='word_1_117' title='bbox 1051 1955 1205 2048; x_wconf 89' lang='lat' dir='ltr'>obligent</span> <span class='ocrx_word' id='word_1_118' title='bbox 1219 1965 1410 2030; x_wconf 86' lang='lat' dir='ltr'>restaurare</span> <span class='ocrx_word' id='word_1_119' title='bbox 1425 1977 1528 2028; x_wconf 92' lang='lat' dir='ltr'>omne</span> <span class='ocrx_word' id='word_1_120' title='bbox 1542 1955 1639 2049; x_wconf 92' lang='lat' dir='ltr'>qnod</span> <span class='ocrx_word' id='word_1_121' title='bbox 1653 1955 1762 2027; x_wconf 90' lang='lat' dir='ltr'>amit-</span> 
     </span>
     <span class='ocr_line' id='line_1_12' title="bbox 344 2078 1761 2175; baseline -0.001 -23"><span class='ocrx_word' id='word_1_122' title='bbox 344 2089 434 2152; x_wconf 87' lang='lat' dir='ltr'>tetur</span> <span class='ocrx_word' id='word_1_123' title='bbox 451 2090 487 2152; x_wconf 84' lang='grc' dir='ltr'>οι</span> <span class='ocrx_word' id='word_1_124' title='bbox 504 2081 679 2152; x_wconf 79' lang='lat' dir='ltr'>auferetur</span> <span class='ocrx_word' id='word_1_125' title='bbox 696 2101 743 2152; x_wconf 80' lang='lat' dir='ltr'>ex</span> <span class='ocrx_word' id='word_1_126' title='bbox 759 2078 817 2150; x_wconf 92' lang='lat' dir='ltr'>illa</span> <span class='ocrx_word' id='word_1_127' title='bbox 834 2079 974 2172; x_wconf 79' lang='lat' dir='ltr'>regione</span> <span class='ocrx_word' id='word_1_128' title='bbox 988 2079 1033 2152; x_wconf 91' lang='lat' dir='ltr'>ab</span> <span class='ocrx_word' id='word_1_129' title='bbox 1048 2080 1209 2152; x_wconf 91' lang='lat' dir='ltr'>omnibns</span> <span class='ocrx_word' id='word_1_130' title='bbox 1225 2079 1420 2152; x_wconf 85' lang='lat' dir='ltr'>christianis</span> <span class='ocrx_word' id='word_1_131' title='bbox 1442 2078 1591 2152; x_wconf 85' lang='lat' dir='ltr'>subditis</span> <span class='ocrx_word' id='word_1_132' title='bbox 1606 2079 1761 2175; x_wconf 90' lang='lat' dir='ltr'>predicto</span> 
     </span>
     <span class='ocr_line' id='line_1_13' title="bbox 342 2203 1762 2299; baseline -0.001 -23"><span class='ocrx_word' id='word_1_133' title='bbox 342 2204 417 2299; x_wconf 86' lang='lat' dir='ltr'>regi</span> <span class='ocrx_word' id='word_1_134' title='bbox 431 2213 465 2278; x_wconf 92' lang='lat' dir='ltr'>et</span> <span class='ocrx_word' id='word_1_135' title='bbox 479 2204 629 2278; x_wconf 89' lang='lat' dir='ltr'>subditis</span> <span class='ocrx_word' id='word_1_136' title='bbox 648 2203 793 2298; x_wconf 91' lang='lat' dir='ltr'>imperio</span> <span class='ocrx_word' id='word_1_137' title='bbox 807 2203 914 2294; x_wconf 87' lang='lat' dir='ltr'>illins,</span> <span class='ocrx_word' id='word_1_138' title='bbox 930 2210 969 2274; x_wconf 92' lang='lat' dir='ltr'>nt</span> <span class='ocrx_word' id='word_1_139' title='bbox 985 2213 1086 2276; x_wconf 86' lang='lat' dir='ltr'>antea</span> <span class='ocrx_word' id='word_1_140' title='bbox 1105 2203 1236 2276; x_wconf 92' lang='lat' dir='ltr'>dictum</span> <span class='ocrx_word' id='word_1_141' title='bbox 1255 2204 1333 2288; x_wconf 80' lang='lat' dir='ltr'>luit,</span> <span class='ocrx_word' id='word_1_142' title='bbox 1349 2203 1544 2276; x_wconf 89' lang='lat' dir='ltr'>secundum</span> <span class='ocrx_word' id='word_1_143' title='bbox 1558 2203 1622 2276; x_wconf 87' lang='lat' dir='ltr'>bas</span> <span class='ocrx_word' id='word_1_144' title='bbox 1636 2203 1762 2276; x_wconf 92' lang='lat' dir='ltr'>condi-</span> 
     </span>
     <span class='ocr_line' id='line_1_14' title="bbox 345 2327 1760 2424; baseline 0 -24"><span class='ocrx_word' id='word_1_145' title='bbox 345 2327 455 2401; x_wconf 89' lang='lat' dir='ltr'>tiones</span> <span class='ocrx_word' id='word_1_146' title='bbox 470 2337 503 2401; x_wconf 91' lang='lat' dir='ltr'>et</span> <span class='ocrx_word' id='word_1_147' title='bbox 516 2337 615 2424; x_wconf 90' lang='lat' dir='ltr'>pacta</span> <span class='ocrx_word' id='word_1_148' title='bbox 626 2337 813 2402; x_wconf 87' lang='lat' dir='ltr'>contraeos</span> <span class='ocrx_word' id='word_1_149' title='bbox 824 2335 859 2401; x_wconf 93' lang='lat' dir='ltr'>et</span> <span class='ocrx_word' id='word_1_150' title='bbox 873 2349 953 2400; x_wconf 90' lang='lat' dir='ltr'>cnm</span> <span class='ocrx_word' id='word_1_151' title='bbox 968 2327 1068 2422; x_wconf 88' lang='lat' dir='ltr'>ipsis;</span> <span class='ocrx_word' id='word_1_152' title='bbox 1082 2351 1162 2401; x_wconf 91' lang='lat' dir='ltr'>cnm</span> <span class='ocrx_word' id='word_1_153' title='bbox 1175 2329 1305 2422; x_wconf 86' lang='lat' dir='ltr'>quibus</span> <span class='ocrx_word' id='word_1_154' title='bbox 1319 2328 1404 2401; x_wconf 91' lang='lat' dir='ltr'>inita</span> <span class='ocrx_word' id='word_1_155' title='bbox 1415 2337 1468 2401; x_wconf 90' lang='lat' dir='ltr'>est</span> <span class='ocrx_word' id='word_1_156' title='bbox 1481 2350 1553 2424; x_wconf 86' lang='lat' dir='ltr'>pax</span> <span class='ocrx_word' id='word_1_157' title='bbox 1565 2329 1601 2399; x_wconf 93' lang='lat' dir='ltr'>in</span> <span class='ocrx_word' id='word_1_158' title='bbox 1612 2331 1760 2423; x_wconf 89' lang='lat' dir='ltr'>spatium</span> 
     </span>
     <span class='ocr_line' id='line_1_15' title="bbox 344 2451 1761 2548; baseline -0.001 -22"><span class='ocrx_word' id='word_1_159' title='bbox 344 2454 586 2527; x_wconf 87' lang='lat' dir='ltr'>continuorum</span> <span class='ocrx_word' id='word_1_160' title='bbox 606 2451 727 2525; x_wconf 89' lang='lat' dir='ltr'>decem</span> <span class='ocrx_word' id='word_1_161' title='bbox 745 2473 914 2526; x_wconf 90' lang='lat' dir='ltr'>annornm</span> <span class='ocrx_word' id='word_1_162' title='bbox 933 2473 1082 2545; x_wconf 91' lang='lat' dir='ltr'>quorum</span> <span class='ocrx_word' id='word_1_163' title='bbox 1110 2452 1318 2548; x_wconf 90' lang='lat' dir='ltr'>principium</span> <span class='ocrx_word' id='word_1_164' title='bbox 1339 2451 1459 2548; x_wconf 89' lang='lat' dir='ltr'>incipit</span> <span class='ocrx_word' id='word_1_165' title='bbox 1472 2452 1518 2524; x_wconf 90' lang='lat' dir='ltr'>ab</span> <span class='ocrx_word' id='word_1_166' title='bbox 1536 2451 1634 2525; x_wconf 92' lang='lat' dir='ltr'>initio</span> <span class='ocrx_word' id='word_1_167' title='bbox 1650 2461 1684 2524; x_wconf 92' lang='lat' dir='ltr'>et</span> <span class='ocrx_word' id='word_1_168' title='bbox 1702 2452 1761 2524; x_wconf 92' lang='lat' dir='ltr'>in-</span> 
     </span>
     <span class='ocr_line' id='line_1_16' title="bbox 344 2575 1761 2675; baseline -0.001 -23"><span class='ocrx_word' id='word_1_169' title='bbox 344 2579 529 2675; x_wconf 89' lang='lat' dir='ltr'>scriptione</span> <span class='ocrx_word' id='word_1_170' title='bbox 541 2579 652 2675; x_wconf 90' lang='lat' dir='ltr'>ipsius</span> <span class='ocrx_word' id='word_1_171' title='bbox 662 2578 876 2674; x_wconf 85' lang='lat' dir='ltr'>diplomatis;</span> <span class='ocrx_word' id='word_1_172' title='bbox 892 2585 926 2650; x_wconf 91' lang='lat' dir='ltr'>et</span> <span class='ocrx_word' id='word_1_173' title='bbox 936 2577 987 2650; x_wconf 87' lang='lat' dir='ltr'>sic</span> <span class='ocrx_word' id='word_1_174' title='bbox 998 2586 1164 2650; x_wconf 88' lang='lat' dir='ltr'>statutum</span> <span class='ocrx_word' id='word_1_175' title='bbox 1177 2587 1229 2650; x_wconf 93' lang='lat' dir='ltr'>est</span> <span class='ocrx_word' id='word_1_176' title='bbox 1242 2587 1281 2649; x_wconf 92' lang='lat' dir='ltr'>ut</span> <span class='ocrx_word' id='word_1_177' title='bbox 1293 2577 1407 2650; x_wconf 92' lang='lat' dir='ltr'>omnia</span> <span class='ocrx_word' id='word_1_178' title='bbox 1420 2575 1704 2672; x_wconf 89' lang='lat' dir='ltr'>adimplerentm‚</span> <span class='ocrx_word' id='word_1_179' title='bbox 1716 2577 1761 2650; x_wconf 91' lang='lat' dir='ltr'>de</span> 
     </span>
     <span class='ocr_line' id='line_1_17' title="bbox 344 2699 1762 2798; baseline -0.002 -22"><span class='ocrx_word' id='word_1_180' title='bbox 344 2725 416 2798; x_wconf 92' lang='lat' dir='ltr'>quo</span> <span class='ocrx_word' id='word_1_181' title='bbox 430 2725 469 2776; x_wconf 92' lang='lat' dir='ltr'>se</span> <span class='ocrx_word' id='word_1_182' title='bbox 481 2703 648 2798; x_wconf 90' lang='lat' dir='ltr'>obligavit</span> <span class='ocrx_word' id='word_1_183' title='bbox 663 2703 714 2776; x_wconf 90' lang='lat' dir='ltr'>sic</span> <span class='ocrx_word' id='word_1_184' title='bbox 729 2703 803 2776; x_wconf 83' lang='lat' dir='ltr'>lore</span> <span class='ocrx_word' id='word_1_185' title='bbox 818 2723 881 2798; x_wconf 94' lang='lat' dir='ltr'>pro</span> <span class='ocrx_word' id='word_1_186' title='bbox 900 2710 995 2796; x_wconf 89' lang='lat' dir='ltr'>parte</span> <span class='ocrx_word' id='word_1_187' title='bbox 1008 2701 1100 2796; x_wconf 86' lang='lat' dir='ltr'>regis</span> <span class='ocrx_word' id='word_1_188' title='bbox 1113 2701 1330 2797; x_wconf 88' lang='lat' dir='ltr'>imperatoris</span> <span class='ocrx_word' id='word_1_189' title='bbox 1344 2703 1451 2774; x_wconf 88' lang='lat' dir='ltr'>llome</span> <span class='ocrx_word' id='word_1_190' title='bbox 1468 2710 1504 2774; x_wconf 91' lang='lat' dir='ltr'>et</span> <span class='ocrx_word' id='word_1_191' title='bbox 1521 2699 1634 2774; x_wconf 91' lang='lat' dir='ltr'>insule</span> <span class='ocrx_word' id='word_1_192' title='bbox 1647 2701 1762 2774; x_wconf 90' lang='lat' dir='ltr'>Sicilie</span> 
     </span>
     <span class='ocr_line' id='line_1_18' title="bbox 345 2823 1763 2921; baseline -0.001 -21"><span class='ocrx_word' id='word_1_193' title='bbox 345 2835 379 2900; x_wconf 90' lang='lat' dir='ltr'>et</span> <span class='ocrx_word' id='word_1_194' title='bbox 394 2826 546 2900; x_wconf 82' lang='lat' dir='ltr'>Saxonie</span> <span class='ocrx_word' id='word_1_195' title='bbox 565 2827 657 2898; x_wconf 89' lang='lat' dir='ltr'>illius</span> <span class='ocrx_word' id='word_1_196' title='bbox 673 2828 806 2920; x_wconf 92' lang='lat' dir='ltr'>legatus</span> <span class='ocrx_word' id='word_1_197' title='bbox 826 2833 860 2898; x_wconf 90' lang='lat' dir='ltr'>et</span> <span class='ocrx_word' id='word_1_198' title='bbox 877 2825 979 2898; x_wconf 88' lang='lat' dir='ltr'>obses</span> <span class='ocrx_word' id='word_1_199' title='bbox 1000 2823 1169 2898; x_wconf 87' lang='lat' dir='ltr'>Vibaldus</span> <span class='ocrx_word' id='word_1_200' title='bbox 1185 2846 1293 2920; x_wconf 86' lang='lat' dir='ltr'>eques</span> <span class='ocrx_word' id='word_1_201' title='bbox 1310 2823 1505 2921; x_wconf 89' lang='lat' dir='ltr'>predictos,</span> <span class='ocrx_word' id='word_1_202' title='bbox 1522 2823 1584 2920; x_wconf 90' lang='lat' dir='ltr'>qni</span> <span class='ocrx_word' id='word_1_203' title='bbox 1609 2825 1701 2900; x_wconf 82' lang='lat' dir='ltr'>dixit</span> <span class='ocrx_word' id='word_1_204' title='bbox 1725 2847 1763 2898; x_wconf 91' lang='lat' dir='ltr'>se</span> 
     </span>
     <span class='ocr_line' id='line_1_19' title="bbox 345 2949 1762 3047; baseline -0.001 -23"><span class='ocrx_word' id='word_1_205' title='bbox 345 2951 390 3024; x_wconf 92' lang='lat' dir='ltr'>ab</span> <span class='ocrx_word' id='word_1_206' title='bbox 407 2951 483 3047; x_wconf 86' lang='lat' dir='ltr'>ipso</span> <span class='ocrx_word' id='word_1_207' title='bbox 501 2952 676 3047; x_wconf 90' lang='lat' dir='ltr'>accepisse</span> <span class='ocrx_word' id='word_1_208' title='bbox 690 2951 891 3024; x_wconf 89' lang='lat' dir='ltr'>mandatum</span> <span class='ocrx_word' id='word_1_209' title='bbox 908 2959 943 3022; x_wconf 90' lang='lat' dir='ltr'>et</span> <span class='ocrx_word' id='word_1_210' title='bbox 956 2949 1134 3044; x_wconf 79' lang='lat' dir='ltr'>negotium</span> <span class='ocrx_word' id='word_1_211' title='bbox 1151 2950 1246 3045; x_wconf 86' lang='lat' dir='ltr'>pacis</span> <span class='ocrx_word' id='word_1_212' title='bbox 1260 2971 1322 3046; x_wconf 94' lang='lat' dir='ltr'>pro</span> <span class='ocrx_word' id='word_1_213' title='bbox 1337 2949 1425 3044; x_wconf 85' lang='lat' dir='ltr'>ipsc,</span> <span class='ocrx_word' id='word_1_214' title='bbox 1446 2957 1481 3020; x_wconf 89' lang='lat' dir='ltr'>ct</span> <span class='ocrx_word' id='word_1_215' title='bbox 1494 2957 1534 3020; x_wconf 94' lang='lat' dir='ltr'>nt</span> <span class='ocrx_word' id='word_1_216' title='bbox 1550 2957 1678 3022; x_wconf 90' lang='lat' dir='ltr'>statuat</span> <span class='ocrx_word' id='word_1_217' title='bbox 1693 2971 1762 3022; x_wconf 91' lang='lat' dir='ltr'>ne-</span> 
     </span>
     <span class='ocr_line' id='line_1_20' title="bbox 346 3073 1762 3172; baseline -0.003 -24"><span class='ocrx_word' id='word_1_218' title='bbox 346 3075 440 3170; x_wconf 91' lang='lat' dir='ltr'>gotia</span> <span class='ocrx_word' id='word_1_219' title='bbox 457 3077 533 3149; x_wconf 93' lang='lat' dir='ltr'>loco</span> <span class='ocrx_word' id='word_1_220' title='bbox 547 3075 775 3172; x_wconf 90' lang='lat' dir='ltr'>imperatoris,</span> <span class='ocrx_word' id='word_1_221' title='bbox 795 3075 988 3149; x_wconf 90' lang='lat' dir='ltr'>secundum</span> <span class='ocrx_word' id='word_1_222' title='bbox 1001 3075 1098 3169; x_wconf 92' lang='lat' dir='ltr'>qnod</span> <span class='ocrx_word' id='word_1_223' title='bbox 1112 3075 1299 3148; x_wconf 89' lang='lat' dir='ltr'>declaravit</span> <span class='ocrx_word' id='word_1_224' title='bbox 1315 3073 1458 3170; x_wconf 90' lang='lat' dir='ltr'>epistola</span> <span class='ocrx_word' id='word_1_225' title='bbox 1475 3083 1590 3146; x_wconf 87' lang='lat' dir='ltr'>suaet</span> <span class='ocrx_word' id='word_1_226' title='bbox 1607 3075 1762 3170; x_wconf 86' lang='lat' dir='ltr'>promisit</span> 
     </span>
     <span class='ocr_line' id='line_1_21' title="bbox 345 3196 1762 3274; baseline -0.003 -2"><span class='ocrx_word' id='word_1_227' title='bbox 345 3201 453 3272; x_wconf 90' lang='lat' dir='ltr'>verba</span> <span class='ocrx_word' id='word_1_228' title='bbox 468 3201 559 3273; x_wconf 90' lang='lat' dir='ltr'>illins</span> <span class='ocrx_word' id='word_1_229' title='bbox 572 3222 610 3273; x_wconf 91' lang='lat' dir='ltr'>se</span> <span class='ocrx_word' id='word_1_230' title='bbox 627 3210 858 3274; x_wconf 89' lang='lat' dir='ltr'>servaturum.</span> <span class='ocrx_word' id='word_1_231' title='bbox 872 3201 929 3272; x_wconf 94' lang='lat' dir='ltr'>Sic</span> <span class='ocrx_word' id='word_1_232' title='bbox 944 3201 1059 3272; x_wconf 91' lang='lat' dir='ltr'>senior</span> <span class='ocrx_word' id='word_1_233' title='bbox 1073 3196 1298 3273; x_wconf 91' lang='lat' dir='ltr'>honorandus</span> <span class='ocrx_word' id='word_1_234' title='bbox 1315 3199 1527 3272; x_wconf 90' lang='lat' dir='ltr'>reverendus</span> <span class='ocrx_word' id='word_1_235' title='bbox 1542 3209 1578 3270; x_wconf 90' lang='lat' dir='ltr'>et</span> <span class='ocrx_word' id='word_1_236' title='bbox 1588 3199 1762 3271; x_wconf 83' lang='lat' dir='ltr'>excellens</span> 
     </span>
     <span class='ocr_line' id='line_1_22' title="bbox 345 3322 1762 3420; baseline -0.002 -24"><span class='ocrx_word' id='word_1_237' title='bbox 345 3323 541 3398; x_wconf 83' lang='lat' dir='ltr'>Abbnissao</span> <span class='ocrx_word' id='word_1_238' title='bbox 563 3346 645 3397; x_wconf 91' lang='lat' dir='ltr'>cnm</span> <span class='ocrx_word' id='word_1_239' title='bbox 664 3325 741 3420; x_wconf 86' lang='lat' dir='ltr'>ipso</span> <span class='ocrx_word' id='word_1_240' title='bbox 764 3324 979 3398; x_wconf 88' lang='lat' dir='ltr'>conditiones</span> <span class='ocrx_word' id='word_1_241' title='bbox 1000 3325 1206 3420; x_wconf 88' lang='lat' dir='ltr'>composuit.</span> <span class='ocrx_word' id='word_1_242' title='bbox 1227 3325 1320 3396; x_wconf 89' lang='lat' dir='ltr'>Deos</span> <span class='ocrx_word' id='word_1_243' title='bbox 1339 3322 1524 3396; x_wconf 90' lang='lat' dir='ltr'>concordet</span> <span class='ocrx_word' id='word_1_244' title='bbox 1548 3323 1690 3395; x_wconf 87' lang='lat' dir='ltr'>consilia</span> <span class='ocrx_word' id='word_1_245' title='bbox 1715 3323 1762 3394; x_wconf 93' lang='lat' dir='ltr'>il-</span> 
     </span>
     <span class='ocr_line' id='line_1_23' title="bbox 346 3447 1762 3543; baseline -0.001 -23"><span class='ocrx_word' id='word_1_246' title='bbox 346 3449 459 3520; x_wconf 92' lang='lat' dir='ltr'>lorum</span> <span class='ocrx_word' id='word_1_247' title='bbox 474 3458 510 3522; x_wconf 92' lang='lat' dir='ltr'>et</span> <span class='ocrx_word' id='word_1_248' title='bbox 524 3449 720 3522; x_wconf 89' lang='lat' dir='ltr'>corroboret</span> <span class='ocrx_word' id='word_1_249' title='bbox 738 3449 944 3522; x_wconf 89' lang='lat' dir='ltr'>intentiones</span> <span class='ocrx_word' id='word_1_250' title='bbox 961 3471 1043 3522; x_wconf 88' lang='lat' dir='ltr'>suas</span> <span class='ocrx_word' id='word_1_251' title='bbox 1060 3449 1254 3522; x_wconf 87' lang='lat' dir='ltr'>secundnm</span> <span class='ocrx_word' id='word_1_252' title='bbox 1272 3447 1431 3521; x_wconf 89' lang='lat' dir='ltr'>ordinem</span> <span class='ocrx_word' id='word_1_253' title='bbox 1450 3447 1660 3543; x_wconf 89' lang='lat' dir='ltr'>predictum,</span> <span class='ocrx_word' id='word_1_254' title='bbox 1681 3469 1762 3520; x_wconf 90' lang='lat' dir='ltr'>com</span> 
     </span>
     <span class='ocr_line' id='line_1_24' title="bbox 346 3570 1763 3666; baseline 0.001 -24"><span class='ocrx_word' id='word_1_255' title='bbox 346 3570 397 3642; x_wconf 91' lang='lat' dir='ltr'>illi</span> <span class='ocrx_word' id='word_1_256' title='bbox 415 3571 568 3647; x_wconf 90' lang='lat' dir='ltr'>dedisset</span> <span class='ocrx_word' id='word_1_257' title='bbox 583 3573 756 3666; x_wconf 88' lang='lat' dir='ltr'>judicium</span> <span class='ocrx_word' id='word_1_258' title='bbox 781 3573 987 3646; x_wconf 90' lang='lat' dir='ltr'>acerrimum</span> <span class='ocrx_word' id='word_1_259' title='bbox 1008 3572 1055 3646; x_wconf 91' lang='lat' dir='ltr'>ad</span> <span class='ocrx_word' id='word_1_260' title='bbox 1077 3573 1142 3644; x_wconf 91' lang='lat' dir='ltr'>hoc</span> <span class='ocrx_word' id='word_1_261' title='bbox 1163 3571 1398 3646; x_wconf 91' lang='lat' dir='ltr'>ordinandum</span> <span class='ocrx_word' id='word_1_262' title='bbox 1425 3581 1460 3644; x_wconf 90' lang='lat' dir='ltr'>et</span> <span class='ocrx_word' id='word_1_263' title='bbox 1486 3570 1693 3643; x_wconf 88' lang='lat' dir='ltr'>mittendum</span> <span class='ocrx_word' id='word_1_264' title='bbox 1717 3572 1763 3644; x_wconf 91' lang='lat' dir='ltr'>ad</span> 
     </span>
     <span class='ocr_line' id='line_1_25' title="bbox 348 3695 1760 3791; baseline -0.001 -23"><span class='ocrx_word' id='word_1_265' title='bbox 348 3715 442 3768; x_wconf 88' lang='lat' dir='ltr'>enm.</span> <span class='ocrx_word' id='word_1_266' title='bbox 463 3695 649 3770; x_wconf 88' lang='lat' dir='ltr'>Benedicat</span> <span class='ocrx_word' id='word_1_267' title='bbox 669 3719 750 3770; x_wconf 90' lang='lat' dir='ltr'>enm</span> <span class='ocrx_word' id='word_1_268' title='bbox 769 3697 863 3769; x_wconf 87' lang='lat' dir='ltr'>Deus</span> <span class='ocrx_word' id='word_1_269' title='bbox 886 3697 948 3791; x_wconf 92' lang='lat' dir='ltr'>qui</span> <span class='ocrx_word' id='word_1_270' title='bbox 966 3695 1130 3791; x_wconf 90' lang='lat' dir='ltr'>perducat</span> <span class='ocrx_word' id='word_1_271' title='bbox 1153 3696 1251 3768; x_wconf 92' lang='lat' dir='ltr'>illum</span> <span class='ocrx_word' id='word_1_272' title='bbox 1274 3695 1321 3770; x_wconf 92' lang='lat' dir='ltr'>ad</span> <span class='ocrx_word' id='word_1_273' title='bbox 1346 3695 1586 3771; x_wconf 85' lang='lat' dir='ltr'>rectitudinem</span> <span class='ocrx_word' id='word_1_274' title='bbox 1609 3695 1760 3788; x_wconf 85' lang='lat' dir='ltr'>consilii,</span> 
     </span>
     <span class='ocr_line' id='line_1_26' title="bbox 347 3819 1765 3914; baseline -0.001 -24"><span class='ocrx_word' id='word_1_275' title='bbox 347 3819 409 3914; x_wconf 94' lang='lat' dir='ltr'>qui</span> <span class='ocrx_word' id='word_1_276' title='bbox 426 3829 478 3892; x_wconf 88' lang='lat' dir='ltr'>est</span> <span class='ocrx_word' id='word_1_277' title='bbox 496 3821 572 3914; x_wconf 88' lang='lat' dir='ltr'>ejus</span> <span class='ocrx_word' id='word_1_278' title='bbox 588 3828 704 3893; x_wconf 88' lang='lat' dir='ltr'>custos</span> <span class='ocrx_word' id='word_1_279' title='bbox 721 3829 757 3894; x_wconf 92' lang='lat' dir='ltr'>et</span> <span class='ocrx_word' id='word_1_280' title='bbox 773 3819 903 3914; x_wconf 88' lang='lat' dir='ltr'>dignus</span> <span class='ocrx_word' id='word_1_281' title='bbox 920 3829 1103 3914; x_wconf 88' lang='lat' dir='ltr'>protector.</span> <span class='ocrx_word' id='word_1_282' title='bbox 1121 3820 1192 3892; x_wconf 86' lang='lat' dir='ltr'>Hec</span> <span class='ocrx_word' id='word_1_283' title='bbox 1207 3821 1378 3892; x_wconf 83' lang='lat' dir='ltr'>contraxit</span> <span class='ocrx_word' id='word_1_284' title='bbox 1396 3819 1483 3892; x_wconf 88' lang='lat' dir='ltr'>inter</span> <span class='ocrx_word' id='word_1_285' title='bbox 1502 3819 1578 3890; x_wconf 88' lang='lat' dir='ltr'>illos</span> <span class='ocrx_word' id='word_1_286' title='bbox 1599 3819 1671 3890; x_wconf 87' lang='lat' dir='ltr'>lore</span> <span class='ocrx_word' id='word_1_287' title='bbox 1685 3839 1765 3890; x_wconf 88' lang='lat' dir='ltr'>ser·-</span> 
     </span>
     <span class='ocr_line' id='line_1_27' title="bbox 347 3942 1767 4040; baseline -0.001 -24"><span class='ocrx_word' id='word_1_288' title='bbox 347 3953 429 4016; x_wconf 90' lang='lat' dir='ltr'>vata</span> <span class='ocrx_word' id='word_1_289' title='bbox 439 3943 632 4017; x_wconf 90' lang='lat' dir='ltr'>secundum</span> <span class='ocrx_word' id='word_1_290' title='bbox 645 3953 783 4040; x_wconf 89' lang='lat' dir='ltr'>pactum</span> <span class='ocrx_word' id='word_1_291' title='bbox 795 3943 859 4016; x_wconf 88' lang='lat' dir='ltr'>Ilei</span> <span class='ocrx_word' id='word_1_292' title='bbox 875 3943 964 4016; x_wconf 87' lang='lat' dir='ltr'>inter</span> <span class='ocrx_word' id='word_1_293' title='bbox 978 3944 1073 4040; x_wconf 85' lang='lat' dir='ltr'>ipsos</span> <span class='ocrx_word' id='word_1_294' title='bbox 1085 3953 1200 4016; x_wconf 87' lang='lat' dir='ltr'>actum</span> <span class='ocrx_word' id='word_1_295' title='bbox 1212 3966 1283 4038; x_wconf 94' lang='lat' dir='ltr'>quo</span> <span class='ocrx_word' id='word_1_296' title='bbox 1296 3965 1334 4016; x_wconf 90' lang='lat' dir='ltr'>se</span> <span class='ocrx_word' id='word_1_297' title='bbox 1350 3942 1530 4038; x_wconf 89' lang='lat' dir='ltr'>obligavit,</span> <span class='ocrx_word' id='word_1_298' title='bbox 1551 3952 1585 4014; x_wconf 92' lang='lat' dir='ltr'>et</span> <span class='ocrx_word' id='word_1_299' title='bbox 1602 3943 1767 4038; x_wconf 91' lang='lat' dir='ltr'>quicum-</span> 
     </span>
     <span class='ocr_line' id='line_1_28' title="bbox 348 4065 1767 4162; baseline 0.001 -24"><span class='ocrx_word' id='word_1_300' title='bbox 348 4088 418 4161; x_wconf 90' lang='lat' dir='ltr'>que</span> <span class='ocrx_word' id='word_1_301' title='bbox 439 4066 526 4140; x_wconf 91' lang='lat' dir='ltr'>illud</span> <span class='ocrx_word' id='word_1_302' title='bbox 544 4068 760 4162; x_wconf 87' lang='lat' dir='ltr'>amplectitur</span> <span class='ocrx_word' id='word_1_303' title='bbox 784 4088 927 4162; x_wconf 88' lang='lat' dir='ltr'>prosper</span> <span class='ocrx_word' id='word_1_304' title='bbox 941 4067 1062 4142; x_wconf 89' lang='lat' dir='ltr'>evadit</span> <span class='ocrx_word' id='word_1_305' title='bbox 1085 4077 1120 4141; x_wconf 90' lang='lat' dir='ltr'>et</span> <span class='ocrx_word' id='word_1_306' title='bbox 1140 4069 1304 4160; x_wconf 87' lang='lat' dir='ltr'>lucratur,</span> <span class='ocrx_word' id='word_1_307' title='bbox 1325 4079 1360 4140; x_wconf 92' lang='lat' dir='ltr'>et</span> <span class='ocrx_word' id='word_1_308' title='bbox 1381 4067 1443 4161; x_wconf 94' lang='lat' dir='ltr'>qui</span> <span class='ocrx_word' id='word_1_309' title='bbox 1467 4065 1511 4139; x_wconf 89' lang='lat' dir='ltr'>ad</span> <span class='ocrx_word' id='word_1_310' title='bbox 1535 4089 1615 4139; x_wconf 86' lang='lat' dir='ltr'>cunr</span> <span class='ocrx_word' id='word_1_311' title='bbox 1640 4067 1767 4161; x_wconf 79' lang='lat' dir='ltr'>refugit</span> 
     </span>
     <span class='ocr_line' id='line_1_29' title="bbox 349 4190 1766 4296; baseline 0.001 -34"><span class='ocrx_word' id='word_1_312' title='bbox 349 4190 535 4264; x_wconf 87' lang='lat' dir='ltr'>liberaliter</span> <span class='ocrx_word' id='word_1_313' title='bbox 550 4200 585 4264; x_wconf 92' lang='lat' dir='ltr'>et</span> <span class='ocrx_word' id='word_1_314' title='bbox 602 4190 725 4296; x_wconf 67' lang='lat' dir='ltr'>quiad</span> <span class='ocrx_word' id='word_1_315' title='bbox 747 4191 835 4264; x_wconf 91' lang='lat' dir='ltr'>illud</span> <span class='ocrx_word' id='word_1_316' title='bbox 852 4193 997 4264; x_wconf 89' lang='lat' dir='ltr'>recurrit</span> <span class='ocrx_word' id='word_1_317' title='bbox 1015 4214 1158 4265; x_wconf 87' lang='lat' dir='ltr'>securus</span> <span class='ocrx_word' id='word_1_318' title='bbox 1183 4191 1353 4266; x_wconf 90' lang='lat' dir='ltr'>redditur.</span> <span class='ocrx_word' id='word_1_319' title='bbox 1382 4192 1523 4263; x_wconf 88' lang='lat' dir='ltr'>Factum</span> <span class='ocrx_word' id='word_1_320' title='bbox 1541 4201 1594 4263; x_wconf 88' lang='lat' dir='ltr'>est</span> <span class='ocrx_word' id='word_1_321' title='bbox 1613 4191 1766 4286; x_wconf 87' lang='lat' dir='ltr'>diploma</span> 
     </span>
     <span class='ocr_line' id='line_1_30' title="bbox 349 4313 1768 4413; baseline 0.001 -25"><span class='ocrx_word' id='word_1_322' title='bbox 349 4315 417 4389; x_wconf 93' lang='lat' dir='ltr'>hcc</span> <span class='ocrx_word' id='word_1_323' title='bbox 427 4318 623 4409; x_wconf 88' lang='lat' dir='ltr'>juramento</span> <span class='ocrx_word' id='word_1_324' title='bbox 637 4315 683 4390; x_wconf 92' lang='lat' dir='ltr'>ad</span> <span class='ocrx_word' id='word_1_325' title='bbox 700 4313 937 4390; x_wconf 85' lang='lat' dir='ltr'>confirmanda</span> <span class='ocrx_word' id='word_1_326' title='bbox 952 4339 1023 4413; x_wconf 92' lang='lat' dir='ltr'>que</span> <span class='ocrx_word' id='word_1_327' title='bbox 1041 4317 1077 4389; x_wconf 95' lang='lat' dir='ltr'>in</span> <span class='ocrx_word' id='word_1_328' title='bbox 1094 4338 1136 4390; x_wconf 92' lang='lat' dir='ltr'>ec</span> <span class='ocrx_word' id='word_1_329' title='bbox 1152 4323 1253 4409; x_wconf 88' lang='lat' dir='ltr'>sunt,</span> <span class='ocrx_word' id='word_1_330' title='bbox 1267 4325 1303 4390; x_wconf 92' lang='lat' dir='ltr'>et</span> <span class='ocrx_word' id='word_1_331' title='bbox 1319 4315 1356 4388; x_wconf 94' lang='lat' dir='ltr'>in</span> <span class='ocrx_word' id='word_1_332' title='bbox 1371 4317 1443 4389; x_wconf 87' lang='lat' dir='ltr'>Deo</span> <span class='ocrx_word' id='word_1_333' title='bbox 1462 4325 1514 4388; x_wconf 91' lang='lat' dir='ltr'>est</span> <span class='ocrx_word' id='word_1_334' title='bbox 1528 4338 1608 4412; x_wconf 91' lang='lat' dir='ltr'>spes</span> <span class='ocrx_word' id='word_1_335' title='bbox 1624 4315 1768 4390; x_wconf 84' lang='lat' dir='ltr'>authore</span> 
     </span>
     <span class='ocr_line' id='line_1_31' title="bbox 351 4439 702 4514; baseline 0.003 -2"><span class='ocrx_word' id='word_1_336' title='bbox 351 4439 475 4513; x_wconf 85' lang='lat' dir='ltr'>mundi</span> <span class='ocrx_word' id='word_1_337' title='bbox 490 4448 525 4512; x_wconf 90' lang='lat' dir='ltr'>et</span> <span class='ocrx_word' id='word_1_338' title='bbox 538 4449 702 4514; x_wconf 89' lang='lat' dir='ltr'>creatore.</span> 
     </span>
    </p>
   </div>
   <div class='ocr_carea' id='block_1_3' title="bbox 350 4560 1768 4908">
    <p class='ocr_par' dir='ltr' id='par_1_3' title="bbox 350 4560 1768 4908">
     <span class='ocr_line' id='line_1_32' title="bbox 399 4560 1768 4658; baseline 0.001 -24"><span class='ocrx_word' id='word_1_339' title='bbox 399 4563 468 4636; x_wconf 86' lang='lat' dir='ltr'>Heu</span> <span class='ocrx_word' id='word_1_340' title='bbox 478 4585 548 4658; x_wconf 84' lang='lat' dir='ltr'>pax</span> <span class='ocrx_word' id='word_1_341' title='bbox 558 4561 787 4658; x_wconf 86' lang='lat' dir='ltr'>predictaluit</span> <span class='ocrx_word' id='word_1_342' title='bbox 796 4570 968 4636; x_wconf 87' lang='lat' dir='ltr'>contracta</span> <span class='ocrx_word' id='word_1_343' title='bbox 978 4583 1059 4634; x_wconf 90' lang='lat' dir='ltr'>cnm</span> <span class='ocrx_word' id='word_1_344' title='bbox 1069 4560 1224 4657; x_wconf 90' lang='lat' dir='ltr'>predicto</span> <span class='ocrx_word' id='word_1_345' title='bbox 1233 4563 1346 4656; x_wconf 88' lang='lat' dir='ltr'>legato</span> <span class='ocrx_word' id='word_1_346' title='bbox 1355 4563 1540 4635; x_wconf 86' lang='lat' dir='ltr'>christiano</span> <span class='ocrx_word' id='word_1_347' title='bbox 1550 4561 1585 4632; x_wconf 94' lang='lat' dir='ltr'>in</span> <span class='ocrx_word' id='word_1_348' title='bbox 1598 4565 1768 4658; x_wconf 89' lang='lat' dir='ltr'>presentia</span> 
     </span>
     <span class='ocr_line' id='line_1_33' title="bbox 350 4685 1768 4782; baseline 0.004 -26"><span class='ocrx_word' id='word_1_349' title='bbox 350 4685 486 4759; x_wconf 91' lang='lat' dir='ltr'>illorum</span> <span class='ocrx_word' id='word_1_350' title='bbox 498 4686 956 4782; x_wconf 89' lang='lat' dir='ltr'>qucranensmisereatnr</span> <span class='ocrx_word' id='word_1_351' title='bbox 965 4686 1281 4759; x_wconf 89' lang='lat' dir='ltr'>mahometanorum</span> <span class='ocrx_word' id='word_1_352' title='bbox 1291 4687 1653 4774; x_wconf 86' lang='lat' dir='ltr'>etohristianornm‚et</span> <span class='ocrx_word' id='word_1_353' title='bbox 1665 4697 1768 4762; x_wconf 81' lang='lat' dir='ltr'>testes</span> 
     </span>
     <span class='ocr_line' id='line_1_34' title="bbox 351 4810 1768 4908; baseline 0.001 -26"><span class='ocrx_word' id='word_1_354' title='bbox 351 4811 594 4884; x_wconf 87' lang='lat' dir='ltr'>intellexerunt</span> <span class='ocrx_word' id='word_1_355' title='bbox 604 4833 707 4886; x_wconf 90' lang='lat' dir='ltr'>omne</span> <span class='ocrx_word' id='word_1_356' title='bbox 719 4812 785 4884; x_wconf 91' lang='lat' dir='ltr'>boc</span> <span class='ocrx_word' id='word_1_357' title='bbox 798 4811 895 4907; x_wconf 95' lang='lat' dir='ltr'>quod</span> <span class='ocrx_word' id='word_1_358' title='bbox 908 4820 1143 4908; x_wconf 85' lang='lat' dir='ltr'>presentatum</span> <span class='ocrx_word' id='word_1_359' title='bbox 1152 4819 1205 4883; x_wconf 87' lang='lat' dir='ltr'>est</span> <span class='ocrx_word' id='word_1_360' title='bbox 1216 4810 1263 4884; x_wconf 91' lang='lat' dir='ltr'>ad</span> <span class='ocrx_word' id='word_1_361' title='bbox 1274 4833 1377 4884; x_wconf 92' lang='lat' dir='ltr'>omne</span> <span class='ocrx_word' id='word_1_362' title='bbox 1390 4811 1486 4906; x_wconf 90' lang='lat' dir='ltr'>quod</span> <span class='ocrx_word' id='word_1_363' title='bbox 1500 4810 1667 4904; x_wconf 82' lang='lat' dir='ltr'>diximus,</span> <span class='ocrx_word' id='word_1_364' title='bbox 1683 4820 1718 4884; x_wconf 90' lang='lat' dir='ltr'>et</span> <span class='ocrx_word' id='word_1_365' title='bbox 1729 4811 1768 4884; x_wconf 95' lang='lat' dir='ltr'>il-</span> 
     </span>
    </p>
   </div>
   <div class='ocr_carea' id='block_1_4' title="bbox 0 0 2342 6100">
    <p class='ocr_par' dir='ltr' id='par_1_4' title="bbox 0 0 2342 6100">
     <span class='ocr_line' id='line_1_35' title="bbox 0 0 2342 6100; baseline 0 0"><span class='ocrx_word' id='word_1_366' title='bbox 0 0 2342 6100; x_wconf 95' lang='lat' dir='ltr'> </span> 
     </span>
    </p>
   </div>
  </div>
 </body>
</html>
