4710 6076
427 677 525 740 lenton
541 673 606 760 4]’
873 669 1073 732 HISTORIA
1097 661 1395 730 ntrtottnrtctt.
1783 669 1851 734 299

427 810 599 902 tribulati,
622 807 690 882 nisi
709 829 771 903 spe
786 805 945 880 rediviva
968 806 1158 902 respirent,
1184 805 1255 876 iere
1272 811 1445 898 coguntur
1460 825 1522 899 pre
1541 803 1702 897 angustia
1717 805 1849 901 despe-

428 958 517 1010 rare.
539 935 584 1010 Ut
607 941 723 1008 autem
744 931 919 1026 signatum
938 929 974 1002 in
996 929 1091 1003 idem
1108 927 1291 1001 conveniat
1311 949 1391 1000 cum
1413 928 1591 1022 signante,
1611 950 1692 1002 cnm
1716 929 1849 1003 Hieru-

428 1061 536 1134 salem
553 1058 644 1132 visio
658 1056 754 1154 pacis
771 1054 919 1142 dicatur,
940 1055 1036 1152 pacis
1059 1053 1179 1127 haberi
1198 1063 1232 1125 te
1250 1054 1414 1124 volumus
1439 1061 1642 1126 sectatorem
1667 1063 1707 1126 nt
1730 1053 1850 1130 fideles

429 1185 481 1256 tui
498 1183 642 1256 sedeant
660 1181 697 1254 in
717 1179 975 1276 pulchritudine
988 1179 1085 1275 pacis
1103 1187 1139 1250 et
1155 1177 1276 1272 requie
1294 1178 1458 1273 opulenta
1474 1197 1539 1249 nec
1558 1199 1628 1250 non
1641 1179 1795 1252 Ecclesia
1815 1189 1852 1252 et

429 1330 576 1405 persone
594 1305 825 1380 ecclesiastice
847 1305 951 1400 plena
976 1303 1134 1376 libertate
1149 1302 1269 1396 gavise
1288 1302 1470 1396 tranquilla
1489 1301 1673 1374 securitate
1687 1302 1847 1376 letantur.

428 1435 586 1508 Preterea
609 1432 693 1528 qnia
714 1430 967 1526 beneplacitum
989 1428 1090 1502 nobis
1110 1437 1164 1502 est
1184 1428 1298 1523 quod,
1316 1427 1406 1500 sient
1419 1449 1480 1522 per
1498 1435 1575 1500 tuas
1596 1427 1697 1500 nobis
1720 1427 1850 1502 litteras

428 1529 615 1648 intimasti,
634 1556 798 1630 dilectum
816 1554 925 1626 filium
941 1554 1093 1627 nobilem
1110 1553 1226 1626 virum
1243 1552 1450 1626 Riccardum
1466 1553 1697 1647 Filangerinm
1715 1573 1850 1626 mares-

431 1683 566 1756 calcum
582 1689 681 1753 tuum
700 1680 821 1774 dirigis
844 1679 934 1751 ultra
954 1700 1049 1751 mare
1065 1675 1135 1776 (l),
1156 1678 1296 1774 prelatis
1318 1678 1541 1750 ecclesiarum
1562 1685 1598 1750 et
1621 1677 1698 1749 aliis
1721 1677 1850 1750 litteras

431 1804 616 1899 dirigimus
635 1825 723 1898 quas
747 1802 875 1899 petisti.
900 1803 1145 1875 Verumtamen
1164 1802 1279 1898 ipsum
1297 1823 1366 1874 non
1392 1801 1529 1896 imperii
1553 1801 1610 1873 vel
1637 1801 1849 1896 imperialem

432 1931 585 2026 legatum
603 1931 660 2002 vel
679 1929 853 2023 bajulum,
878 1925 941 2001 sed
966 1937 1065 1999 tuum
1081 1929 1139 2000 vel
1159 1927 1374 2024 imperatoris
1397 1927 1560 2000 ducimus
1580 1927 1846 2024 appellandum,

325 2146 326 2150 Ἴ
431 2055 527 2150 quod
553 2075 601 2128 ex
624 2063 659 2127 te
681 2054 718 2126 in
745 2055 815 2127 tuis
847 2053 968 2126 litteris
989 2054 1167 2126 observari
1189 2055 1353 2126 volumus
1380 2053 1582 2146 diligenter,
1610 2073 1691 2126 cnm
1718 2052 1849 2126 exinde

431 2186 547 2274 posset
570 2177 759 2252 heredibus
781 2177 851 2250 tuis
871 2175 1104 2273 prejudicium
1124 2178 1298 2270 generari,
1323 2179 1424 2272 quasi
1444 2199 1591 2272 regnum
1614 2177 1851 2250 Hierosolimi-

431 2311 551 2376 tanum
571 2302 741 2398 imperiali
754 2301 878 2376 ditioni
899 2303 1068 2375 subesset.
1087 2301 1144 2374 dd
1157 2301 1223 2375 hec
1238 2302 1387 2398 petimus
1403 2311 1439 2375 et
1452 2303 1666 2399 postulamus
1685 2301 1851 2376 instanter

431 2433 471 2496 ut
496 2447 579 2520 erga
603 2425 726 2500 domos
749 2425 934 2522 Hospitalis
961 2435 997 2498 et
1019 2425 1152 2522 Templi
1177 2425 1467 2500 Hierosolimitani
1493 2426 1641 2522 propitia
1670 2425 1850 2500 clementia

431 2557 609 2624 serenatus
621 2549 672 2624 eis
689 2560 725 2624 et
739 2551 854 2624 ablata
867 2550 1029 2624 restituas
1042 2560 1077 2624 et
1091 2552 1177 2624 alias
1194 2552 1288 2648 ipsas
1300 2553 1520 2649 prosequaris
1532 2552 1695 2625 continua
1707 2553 1845 2649 pietate,

431 2674 478 2748 ita
493 2674 590 2770 quod
607 2675 678 2749 Deo
694 2684 831 2770 gratum
848 2683 884 2748 et
896 2677 998 2749 nobis
1015 2697 1093 2749 esse
1106 2677 1225 2772 possit.

478 2799 605 2872 Datum
622 2800 740 2892 Reate,
760 2801 790 2871 ll
808 2799 889 2872 idus
903 2801 1056 2894 augusti,
1073 2821 1166 2874 anno
1179 2801 1236 2874 Ψ.

468 3161 508 3234 (t)
520 3181 533 3216 r
547 3159 1114 3238 [llenssjuni011ticcardusdal’rincipntu
1123 3162 1303 3223 marmcdcns
1315 3162 1418 3222 domini
1430 3163 1611 3239 imperatoris,
1621 3163 1681 3238 ipen
1690 3163 1851 3239 imperatore

433 3280 448 3311 ι
463 3260 608 3318 mandante
627 3267 657 3318 ut
674 3261 703 3318 in
720 3260 826 3336 Syriam
841 3260 1010 3333 transfretet,
1026 3277 1095 3336 quos
1107 3263 1164 3322 uult
1178 3264 1213 3321 de
1231 3278 1314 3338 ragno
1331 3264 1384 3322 sibi
1402 3264 1497 3322 ascivit
1512 3263 1540 3320 in
1552 3262 1668 3322 sodes.»
1681 3293 1718 3306 -
1726 3261 1800 3320 Rrec.
1813 3277 1852 3322 nn

432 3355 461 3418 S.
476 3356 580 3431 Germ,
596 3357 777 3417 dimicari
793 3376 859 3418 cca.
874 3359 969 3418 Plures
986 3361 1098 3418 aderant
1115 3375 1214 3418 causae
1231 3361 1303 3418 unde
1317 3362 1408 3436 copias
1419 3361 1453 3418 ad
1471 3363 1580 3419 Terram
1595 3359 1720 3418 Sanctam
1733 3359 1852 3418 mitteret

431 3455 586 3531 imperator.
599 3457 702 3515 llumor
716 3455 788 3514 enirn
800 3455 938 3516 ferebatur
950 3457 985 3515 de
1001 3457 1139 3515 invasione
1153 3457 1225 3530 regis
1233 3457 1389 3529 Persarum,
1400 3457 1572 3517 soldanorum
1580 3455 1684 3515 scilicet
1697 3455 1781 3514 lccnii
1791 3457 1850 3514 sire

431 3549 669 3628 Alapillidsnpr.
676 3569 707 3627 p.
714 3555 768 3612 itt
774 3558 803 3610 et
810 3553 1008 3612 26⁸1.Saraceni
1017 3553 1128 3628 insuper
1136 3552 1222 3612 inscio
1228 3553 1270 3612 vel
1281 3555 1390 3613 conscio
1398 3553 1513 3615 Soldano
1521 3553 1631 3629 AEgypu'
1638 3553 1683 3612 bis
1689 3551 1850 3612 mammos

431 3650 504 3725 apud
512 3650 662 3711 Jerusalem
670 3657 869 3712 commorantes
881 3652 1113 3728 iurpugnaverant.
1123 3650 1163 3710 Gt.
1173 3651 1508 3726 contemnentem,
1518 3653 1620 3728 pras,
1632 3653 1721 3710 tacet
1730 3651 1851 3725 semilae

433 3753 523 3806 anam
538 3749 611 3823 apud
623 3749 742 3824 Cyprum
755 3755 847 3824 gastae
858 3750 1003 3826 praecipue
1017 3750 1052 3808 ad
1066 3749 1266 3825 expeditionem
1276 3751 1483 3826 comparandam
1494 3750 1660 3808 Friderr'cum
1673 3748 1799 3808 incitasse
1809 3747 1849 3808 ri·

433 3843 538 3902 dentur.
547 3846 611 3919 lpso
621 3862 719 3921 nempe
732 3847 760 3904 in
770 3847 873 3905 ltaliam
884 3863 1015 3922 regrcmo,
1028 3847 1162 3906 lohannes
1175 3847 1210 3904 de
1223 3847 1324 3906 lbelino
1334 3849 1437 3908 balivos
1447 3849 1483 3908 ab
1496 3849 1656 3924 imperatore
1669 3847 1776 3905 relictos
1784 3845 1847 3920 (vid.

433 3955 509 4014 supr.
524 3957 552 4016 p.
565 3941 634 4015 tlt)
646 3945 723 4016 juxta
733 3945 870 4002 Nicosiam
888 3945 1037 4017 devicerat,
1049 3945 1177 4003 vicesimo
1195 3947 1275 4004 tertio
1294 3945 1363 4018 junii
1383 3949 1467 4017 ⁴229,
1483 3951 1513 4004 et
1525 3951 1619 4020 postea
1633 3959 1684 4019 per
1699 3949 1787 4002 tntum
1799 3943 1851 4000 cir·

433 4037 501 4096 citor
514 4053 615 4096 annum
629 4039 658 4096 in
674 4055 738 4098 arce
749 4041 940 4100 Dieud'amcur
950 4039 1077 4100 ohsaascs
1093 4047 1225 4100 tenuerat
1236 4041 1276 4100 illi
1287 4047 1379 4101 autem
1390 4043 1518 4102 auxilium
1528 4057 1584 4100 ncn
1597 4045 1753 4118 sperantem
1767 4038 1850 4098 tutela

431 4135 546 4210 junioris
560 4137 630 4211 regis
649 4138 814 4210 renuntiata,
834 4155 929 4214 pacem
946 4139 1112 4197 admiserunt
1122 4156 1130 4196 ι
1140 4139 1176 4198 ci.
1191 4139 1253 4198 cod.
1267 4139 1360 4200 incdit.
1377 4145 1462 4210 tate,
1475 4140 1522 4200 lol.
1537 4143 1591 4198 ³95
1604 4151 1673 4199 rer·
1686 4135 1847 4198 inBibliotlr.

434 4233 719 4306 Paris-Busrnnrc,
734 4237 841 4293 Hister.
855 4235 886 4294 di
897 4237 993 4311 cipro,
1009 4235 1055 4294 lol.
1068 4237 1134 4307 ut,
1148 4237 1215 4293 ibid.
1226 4268 1260 4280 -
1270 4239 1414 4312 Bsuonor,
1428 4240 1524 4298 Notior
1532 4253 1582 4296 sar
1593 4237 1622 4295 ln
1631 4235 1850 4312 umdel‘lrilippe

432 4331 464 4391 dt
478 4335 614 4404 Novom,
627 4349 672 4409 ap.
686 4335 1016 4394 ultramuraneum
1030 4335 1152 4408 crarta,
1170 4343 1191 4394 t.
1207 4337 1242 4410 11,
1256 4342 1309 4413 pt
1325 4345 1424 4414 etseq.
