<?xml version="1.0" encoding="UTF-8"?>
<!DOCTYPE html PUBLIC "-//W3C//DTD XHTML 1.0 Transitional//EN"
    "http://www.w3.org/TR/xhtml1/DTD/xhtml1-transitional.dtd">
<html xmlns="http://www.w3.org/1999/xhtml" xml:lang="en" lang="en">
 <head>
  <title>
</title>
<meta http-equiv="Content-Type" content="text/html;charset=utf-8" />
  <meta name='ocr-system' content='tesseract 3.04.00' />
  <meta name='ocr-capabilities' content='ocr_page ocr_carea ocr_par ocr_line ocrx_word'/>
</head>
<body>
  <div class='ocr_page' id='page_1' title='image "./historiadiploma03fredgoog/historiadiploma03fredgoog_0235.png"; bbox 0 0 4642 6106; ppageno 0'>
   <div class='ocr_carea' id='block_1_1' title="bbox 550 589 1961 676">
    <p class='ocr_par' dir='ltr' id='par_1_1' title="bbox 550 589 1961 676">
     <span class='ocr_line' id='line_1_1' title="bbox 550 589 1961 676; baseline 0.005 -23"><span class='ocrx_word' id='word_1_1' title='bbox 550 589 612 654; x_wconf 68' lang='lat'><strong>226</strong></span> <span class='ocrx_word' id='word_1_2' title='bbox 1049 593 1264 656; x_wconf 71' lang='lat' dir='ltr'><strong>rutoEtttct</strong></span> <span class='ocrx_word' id='word_1_3' title='bbox 1290 593 1463 656; x_wconf 83' lang='lat' dir='ltr'>SECUNDI</span> <span class='ocrx_word' id='word_1_4' title='bbox 1775 595 1856 676; x_wconf 79' lang='lat' dir='ltr'><strong>[due.</strong></span> <span class='ocrx_word' id='word_1_5' title='bbox 1876 597 1961 662; x_wconf 71' lang='lat'><em>1230.</em></span> 
     </span>
    </p>
   </div>
   <div class='ocr_carea' id='block_1_2' title="bbox 546 727 1963 3317">
    <p class='ocr_par' dir='ltr' id='par_1_2' title="bbox 546 727 1963 3188">
     <span class='ocr_line' id='line_1_2' title="bbox 551 727 1963 826; baseline 0.006 -26"><span class='ocrx_word' id='word_1_6' title='bbox 551 727 657 801; x_wconf 85' lang='lat' dir='ltr'><strong>nitate</strong></span> <span class='ocrx_word' id='word_1_7' title='bbox 674 735 744 800; x_wconf 87' lang='lat' dir='ltr'><strong>tam</strong></span> <span class='ocrx_word' id='word_1_8' title='bbox 758 727 905 820; x_wconf 90' lang='lat' dir='ltr'><strong>celebri,</strong></span> <span class='ocrx_word' id='word_1_9' title='bbox 921 737 989 804; x_wconf 89' lang='lat' dir='ltr'><strong>tam</strong></span> <span class='ocrx_word' id='word_1_10' title='bbox 1006 729 1171 821; x_wconf 78' lang='lat' dir='ltr'><strong>solemni,</strong></span> <span class='ocrx_word' id='word_1_11' title='bbox 1188 730 1331 826; x_wconf 91' lang='lat' dir='ltr'><strong>quando</strong></span> <span class='ocrx_word' id='word_1_12' title='bbox 1350 739 1384 803; x_wconf 90' lang='lat' dir='ltr'><strong>te</strong></span> <span class='ocrx_word' id='word_1_13' title='bbox 1399 728 1499 826; x_wconf 80' lang='lat' dir='ltr'><strong>quasi</strong></span> <span class='ocrx_word' id='word_1_14' title='bbox 1516 727 1552 802; x_wconf 92' lang='lat' dir='ltr'><strong>in</strong></span> <span class='ocrx_word' id='word_1_15' title='bbox 1568 752 1700 804; x_wconf 90' lang='lat' dir='ltr'><strong>novum</strong></span> <span class='ocrx_word' id='word_1_16' title='bbox 1719 731 1895 808; x_wconf 92' lang='lat' dir='ltr'><strong>bominem</strong></span> <span class='ocrx_word' id='word_1_17' title='bbox 1909 758 1963 809; x_wconf 90' lang='lat' dir='ltr'><strong>re·</strong></span> 
     </span>
     <span class='ocr_line' id='line_1_3' title="bbox 550 851 1962 950; baseline 0.006 -26"><span class='ocrx_word' id='word_1_18' title='bbox 550 851 696 926; x_wconf 79' lang='lat' dir='ltr'><strong>formato</strong></span> <span class='ocrx_word' id='word_1_19' title='bbox 719 853 887 945; x_wconf 81' lang='lat' dir='ltr'><strong>gloriatur</strong></span> <span class='ocrx_word' id='word_1_20' title='bbox 910 855 1043 928; x_wconf 82' lang='lat' dir='ltr'><strong>celestis</strong></span> <span class='ocrx_word' id='word_1_21' title='bbox 1065 855 1162 928; x_wconf 91' lang='lat' dir='ltr'><strong>curia</strong></span> <span class='ocrx_word' id='word_1_22' title='bbox 1184 863 1219 926; x_wconf 86' lang='lat' dir='ltr'><strong>et</strong></span> <span class='ocrx_word' id='word_1_23' title='bbox 1244 855 1400 928; x_wconf 89' lang='lat' dir='ltr'><strong>seculum</strong></span> <span class='ocrx_word' id='word_1_24' title='bbox 1418 853 1646 946; x_wconf 80' lang='lat' dir='ltr'><strong>jocundatur,</strong></span> <span class='ocrx_word' id='word_1_25' title='bbox 1671 855 1962 950; x_wconf 86' lang='lat' dir='ltr'><strong>magnificentiam</strong></span> 
     </span>
     <span class='ocr_line' id='line_1_4' title="bbox 551 975 1962 1074; baseline 0.006 -28"><span class='ocrx_word' id='word_1_26' title='bbox 551 983 647 1048; x_wconf 85' lang='lat' dir='ltr'><strong>tuam</strong></span> <span class='ocrx_word' id='word_1_27' title='bbox 657 975 829 1050; x_wconf 84' lang='lat' dir='ltr'><strong>munificis</strong></span> <span class='ocrx_word' id='word_1_28' title='bbox 842 977 963 1052; x_wconf 86' lang='lat' dir='ltr'><strong>deceat</strong></span> <span class='ocrx_word' id='word_1_29' title='bbox 976 979 1118 1053; x_wconf 86' lang='lat' dir='ltr'><strong>affluere</strong></span> <span class='ocrx_word' id='word_1_30' title='bbox 1131 977 1307 1052; x_wconf 85' lang='lat' dir='ltr'><strong>beneficiis</strong></span> <span class='ocrx_word' id='word_1_31' title='bbox 1321 977 1469 1074; x_wconf 86' lang='lat' dir='ltr'><strong>pietatis,</strong></span> <span class='ocrx_word' id='word_1_32' title='bbox 1485 999 1528 1052; x_wconf 90' lang='lat' dir='ltr'><strong>eo</strong></span> <span class='ocrx_word' id='word_1_33' title='bbox 1540 977 1636 1074; x_wconf 85' lang='lat' dir='ltr'><strong>quod</strong></span> <span class='ocrx_word' id='word_1_34' title='bbox 1648 1001 1717 1053; x_wconf 91' lang='lat' dir='ltr'><strong>non</strong></span> <span class='ocrx_word' id='word_1_35' title='bbox 1730 983 1842 1054; x_wconf 90' lang='lat' dir='ltr'><strong>solum</strong></span> <span class='ocrx_word' id='word_1_36' title='bbox 1854 981 1962 1056; x_wconf 80' lang='lat' dir='ltr'><strong>cbris-</strong></span> 
     </span>
     <span class='ocr_line' id='line_1_5' title="bbox 552 1098 1962 1198; baseline 0.004 -26"><span class='ocrx_word' id='word_1_37' title='bbox 552 1098 635 1172; x_wconf 91' lang='lat' dir='ltr'><strong>tiaui</strong></span> <span class='ocrx_word' id='word_1_38' title='bbox 657 1099 846 1197; x_wconf 80' lang='lat' dir='ltr'><strong>principes,</strong></span> <span class='ocrx_word' id='word_1_39' title='bbox 867 1101 930 1176; x_wconf 89' lang='lat' dir='ltr'><strong>sed</strong></span> <span class='ocrx_word' id='word_1_40' title='bbox 953 1103 1058 1175; x_wconf 89' lang='lat' dir='ltr'><strong>etiam</strong></span> <span class='ocrx_word' id='word_1_41' title='bbox 1079 1101 1208 1198; x_wconf 86' lang='lat' dir='ltr'><strong>pagani</strong></span> <span class='ocrx_word' id='word_1_42' title='bbox 1223 1101 1285 1197; x_wconf 90' lang='lat' dir='ltr'><strong>qui</strong></span> <span class='ocrx_word' id='word_1_43' title='bbox 1301 1123 1420 1175; x_wconf 88' lang='lat' dir='ltr'><strong>veram</strong></span> <span class='ocrx_word' id='word_1_44' title='bbox 1435 1101 1498 1176; x_wconf 89' lang='lat' dir='ltr'><strong>Dei</strong></span> <span class='ocrx_word' id='word_1_45' title='bbox 1518 1102 1676 1176; x_wconf 78' lang='lat' dir='ltr'><strong>notitiam</strong></span> <span class='ocrx_word' id='word_1_46' title='bbox 1698 1125 1768 1178; x_wconf 91' lang='lat' dir='ltr'><strong>non</strong></span> <span class='ocrx_word' id='word_1_47' title='bbox 1789 1105 1962 1180; x_wconf 89' lang='lat' dir='ltr'><strong>habebant</strong></span> 
     </span>
     <span class='ocr_line' id='line_1_6' title="bbox 550 1221 1962 1326; baseline 0.005 -30"><span class='ocrx_word' id='word_1_48' title='bbox 550 1221 587 1296; x_wconf 93' lang='lat' dir='ltr'><strong>in</strong></span> <span class='ocrx_word' id='word_1_49' title='bbox 604 1223 678 1296; x_wconf 89' lang='lat' dir='ltr'><strong>suis</strong></span> <span class='ocrx_word' id='word_1_50' title='bbox 693 1226 966 1300; x_wconf 82' lang='lat' dir='ltr'><strong>solemnitatibus</strong></span> <span class='ocrx_word' id='word_1_51' title='bbox 986 1227 1190 1300; x_wconf 88' lang='lat' dir='ltr'><strong>tenebantur</strong></span> <span class='ocrx_word' id='word_1_52' title='bbox 1207 1226 1352 1300; x_wconf 87' lang='lat' dir='ltr'><strong>liberare</strong></span> <span class='ocrx_word' id='word_1_53' title='bbox 1370 1226 1545 1322; x_wconf 83' lang='lat' dir='ltr'><strong>captivos,</strong></span> <span class='ocrx_word' id='word_1_54' title='bbox 1563 1247 1627 1300; x_wconf 87' lang='lat' dir='ltr'><strong>nos</strong></span> <span class='ocrx_word' id='word_1_55' title='bbox 1645 1227 1708 1322; x_wconf 92' lang='lat' dir='ltr'><strong>qui</strong></span> <span class='ocrx_word' id='word_1_56' title='bbox 1731 1249 1793 1324; x_wconf 91' lang='lat' dir='ltr'><strong>pro</strong></span> <span class='ocrx_word' id='word_1_57' title='bbox 1815 1231 1962 1326; x_wconf 86' lang='lat' dir='ltr'><strong>captivis</strong></span> 
     </span>
     <span class='ocr_line' id='line_1_7' title="bbox 549 1347 1961 1450; baseline 0.007 -30"><span class='ocrx_word' id='word_1_58' title='bbox 549 1356 585 1420; x_wconf 85' lang='lat' dir='ltr'><strong>et</strong></span> <span class='ocrx_word' id='word_1_59' title='bbox 600 1347 735 1421; x_wconf 87' lang='lat' dir='ltr'><strong>afflictis</strong></span> <span class='ocrx_word' id='word_1_60' title='bbox 751 1371 850 1424; x_wconf 88' lang='lat' dir='ltr'><strong>orare</strong></span> <span class='ocrx_word' id='word_1_61' title='bbox 865 1360 1038 1442; x_wconf 90' lang='lat' dir='ltr'><strong>tenemur,</strong></span> <span class='ocrx_word' id='word_1_62' title='bbox 1060 1373 1203 1448; x_wconf 92' lang='lat' dir='ltr'><strong>precum</strong></span> <span class='ocrx_word' id='word_1_63' title='bbox 1226 1359 1419 1424; x_wconf 87' lang='lat' dir='ltr'><strong>nostrarum</strong></span> <span class='ocrx_word' id='word_1_64' title='bbox 1442 1349 1610 1446; x_wconf 90' lang='lat' dir='ltr'><strong>primitiae</strong></span> <span class='ocrx_word' id='word_1_65' title='bbox 1632 1351 1811 1426; x_wconf 81' lang='lat' dir='ltr'><strong>affectione</strong></span> <span class='ocrx_word' id='word_1_66' title='bbox 1827 1355 1961 1450; x_wconf 90' lang='lat' dir='ltr'><strong>plenis-</strong></span> 
     </span>
     <span class='ocr_line' id='line_1_8' title="bbox 549 1469 1962 1572; baseline 0.006 -28"><span class='ocrx_word' id='word_1_67' title='bbox 549 1469 655 1545; x_wconf 84' lang='lat' dir='ltr'><strong>simas</strong></span> <span class='ocrx_word' id='word_1_68' title='bbox 674 1473 841 1570; x_wconf 87' lang='lat' dir='ltr'><strong>imperiali</strong></span> <span class='ocrx_word' id='word_1_69' title='bbox 860 1475 1119 1550; x_wconf 84' lang='lat' dir='ltr'><strong>mansuetudini</strong></span> <span class='ocrx_word' id='word_1_70' title='bbox 1135 1475 1303 1550; x_wconf 83' lang='lat' dir='ltr'><strong>duximus</strong></span> <span class='ocrx_word' id='word_1_71' title='bbox 1324 1473 1565 1565; x_wconf 71' lang='lat' dir='ltr'><strong>destinandas,</strong></span> <span class='ocrx_word' id='word_1_72' title='bbox 1582 1496 1646 1570; x_wconf 91' lang='lat' dir='ltr'><strong>pro</strong></span> <span class='ocrx_word' id='word_1_73' title='bbox 1663 1477 1803 1572; x_wconf 89' lang='lat' dir='ltr'><strong>speciali</strong></span> <span class='ocrx_word' id='word_1_74' title='bbox 1819 1499 1962 1553; x_wconf 83' lang='lat' dir='ltr'><strong>munere</strong></span> 
     </span>
     <span class='ocr_line' id='line_1_9' title="bbox 549 1597 1961 1695; baseline 0.006 -28"><span class='ocrx_word' id='word_1_75' title='bbox 549 1597 762 1690; x_wconf 86' lang='lat' dir='ltr'><strong>postulantes</strong></span> <span class='ocrx_word' id='word_1_76' title='bbox 777 1607 812 1672; x_wconf 91' lang='lat' dir='ltr'><strong>et</strong></span> <span class='ocrx_word' id='word_1_77' title='bbox 824 1597 1023 1692; x_wconf 87' lang='lat' dir='ltr'><strong>adjurantes</strong></span> <span class='ocrx_word' id='word_1_78' title='bbox 1044 1621 1105 1695; x_wconf 90' lang='lat' dir='ltr'><strong>per</strong></span> <span class='ocrx_word' id='word_1_79' title='bbox 1121 1600 1219 1672; x_wconf 91' lang='lat' dir='ltr'><strong>illum</strong></span> <span class='ocrx_word' id='word_1_80' title='bbox 1233 1598 1405 1694; x_wconf 78' lang='lat' dir='ltr'><strong>Angelum</strong></span> <span class='ocrx_word' id='word_1_81' title='bbox 1420 1621 1525 1694; x_wconf 91' lang='lat' dir='ltr'><strong>quem</strong></span> <span class='ocrx_word' id='word_1_82' title='bbox 1544 1599 1713 1672; x_wconf 90' lang='lat' dir='ltr'><strong>Dominus</strong></span> <span class='ocrx_word' id='word_1_83' title='bbox 1728 1599 1775 1674; x_wconf 90' lang='lat' dir='ltr'><strong>ad</strong></span> <span class='ocrx_word' id='word_1_84' title='bbox 1791 1601 1906 1677; x_wconf 88' lang='lat' dir='ltr'><strong>anime</strong></span> <span class='ocrx_word' id='word_1_85' title='bbox 1919 1625 1961 1678; x_wconf 87' lang='lat' dir='ltr'><strong>ac</strong></span> 
     </span>
     <span class='ocr_line' id='line_1_10' title="bbox 549 1721 1959 1820; baseline 0.004 -28"><span class='ocrx_word' id='word_1_86' title='bbox 549 1721 702 1816; x_wconf 87' lang='lat' dir='ltr'><strong>eorporis</strong></span> <span class='ocrx_word' id='word_1_87' title='bbox 724 1722 774 1794; x_wconf 92' lang='lat' dir='ltr'><strong>tui</strong></span> <span class='ocrx_word' id='word_1_88' title='bbox 792 1723 984 1798; x_wconf 89' lang='lat' dir='ltr'><strong>custodiam</strong></span> <span class='ocrx_word' id='word_1_89' title='bbox 999 1723 1197 1820; x_wconf 87' lang='lat' dir='ltr'><strong>deputavit,</strong></span> <span class='ocrx_word' id='word_1_90' title='bbox 1220 1745 1276 1816; x_wconf 90' lang='lat' dir='ltr'><strong>ne,</strong></span> <span class='ocrx_word' id='word_1_91' title='bbox 1293 1723 1390 1818; x_wconf 86' lang='lat' dir='ltr'><strong>quod</strong></span> <span class='ocrx_word' id='word_1_92' title='bbox 1406 1723 1512 1814; x_wconf 90' lang='lat' dir='ltr'><strong>absit,</strong></span> <span class='ocrx_word' id='word_1_93' title='bbox 1529 1723 1709 1796; x_wconf 85' lang='lat' dir='ltr'><strong>contristes</strong></span> <span class='ocrx_word' id='word_1_94' title='bbox 1723 1723 1886 1798; x_wconf 89' lang='lat' dir='ltr'><strong>eumdem</strong></span> <span class='ocrx_word' id='word_1_95' title='bbox 1898 1726 1959 1820; x_wconf 90' lang='lat' dir='ltr'><strong>qui</strong></span> 
     </span>
     <span class='ocr_line' id='line_1_11' title="bbox 548 1845 1959 1946; baseline 0.003 -30"><span class='ocrx_word' id='word_1_96' title='bbox 548 1845 714 1942; x_wconf 87' lang='lat' dir='ltr'><strong>precipue</strong></span> <span class='ocrx_word' id='word_1_97' title='bbox 729 1845 773 1920; x_wconf 92' lang='lat' dir='ltr'><strong>de</strong></span> <span class='ocrx_word' id='word_1_98' title='bbox 786 1859 846 1920; x_wconf 93' lang='lat' dir='ltr'><strong>tua</strong></span> <span class='ocrx_word' id='word_1_99' title='bbox 860 1849 1085 1922; x_wconf 85' lang='lat' dir='ltr'><strong>conversione</strong></span> <span class='ocrx_word' id='word_1_100' title='bbox 1099 1849 1235 1939; x_wconf 90' lang='lat' dir='ltr'><strong>letatur,</strong></span> <span class='ocrx_word' id='word_1_101' title='bbox 1252 1857 1424 1943; x_wconf 88' lang='lat' dir='ltr'><strong>quatenus</strong></span> <span class='ocrx_word' id='word_1_102' title='bbox 1438 1847 1475 1918; x_wconf 93' lang='lat' dir='ltr'><strong>in</strong></span> <span class='ocrx_word' id='word_1_103' title='bbox 1490 1846 1556 1920; x_wconf 86' lang='lat' dir='ltr'><strong>bac</strong></span> <span class='ocrx_word' id='word_1_104' title='bbox 1572 1847 1786 1922; x_wconf 89' lang='lat' dir='ltr'><strong>solemnitate</strong></span> <span class='ocrx_word' id='word_1_105' title='bbox 1799 1869 1870 1942; x_wconf 90' lang='lat' dir='ltr'><strong>que</strong></span> <span class='ocrx_word' id='word_1_106' title='bbox 1880 1869 1959 1946; x_wconf 91' lang='lat' dir='ltr'><strong>spe-</strong></span> 
     </span>
     <span class='ocr_line' id='line_1_12' title="bbox 549 1968 1961 2067; baseline 0.004 -26"><span class='ocrx_word' id='word_1_107' title='bbox 549 1968 647 2042; x_wconf 90' lang='lat' dir='ltr'><strong>cialis</strong></span> <span class='ocrx_word' id='word_1_108' title='bbox 669 1980 721 2044; x_wconf 90' lang='lat' dir='ltr'><strong>est</strong></span> <span class='ocrx_word' id='word_1_109' title='bbox 740 1971 906 2045; x_wconf 83' lang='lat' dir='ltr'><strong>festivitas</strong></span> <span class='ocrx_word' id='word_1_110' title='bbox 927 1970 1154 2064; x_wconf 80' lang='lat' dir='ltr'><strong>Angelorum,</strong></span> <span class='ocrx_word' id='word_1_111' title='bbox 1175 1973 1308 2046; x_wconf 90' lang='lat' dir='ltr'><strong>comitis</strong></span> <span class='ocrx_word' id='word_1_112' title='bbox 1326 1973 1456 2046; x_wconf 85' lang='lat' dir='ltr'><strong>Thome</strong></span> <span class='ocrx_word' id='word_1_113' title='bbox 1478 1980 1513 2046; x_wconf 90' lang='lat' dir='ltr'><strong>et</strong></span> <span class='ocrx_word' id='word_1_114' title='bbox 1533 1970 1712 2067; x_wconf 89' lang='lat' dir='ltr'><strong>quondam</strong></span> <span class='ocrx_word' id='word_1_115' title='bbox 1734 1972 1891 2047; x_wconf 87' lang='lat' dir='ltr'><strong>llainaldi</strong></span> <span class='ocrx_word' id='word_1_116' title='bbox 1914 1974 1961 2049; x_wconf 90' lang='lat' dir='ltr'><strong>de</strong></span> 
     </span>
     <span class='ocr_line' id='line_1_13' title="bbox 548 2092 1960 2193; baseline 0.004 -27"><span class='ocrx_word' id='word_1_117' title='bbox 548 2092 682 2168; x_wconf 82' lang='lat' dir='ltr'><strong>Aversa</strong></span> <span class='ocrx_word' id='word_1_118' title='bbox 698 2094 786 2168; x_wconf 87' lang='lat' dir='ltr'><strong>lilios</strong></span> <span class='ocrx_word' id='word_1_119' title='bbox 803 2096 904 2169; x_wconf 91' lang='lat' dir='ltr'><strong>nobis</strong></span> <span class='ocrx_word' id='word_1_120' title='bbox 921 2097 1108 2170; x_wconf 88' lang='lat' dir='ltr'><strong>liberaliter</strong></span> <span class='ocrx_word' id='word_1_121' title='bbox 1123 2097 1298 2190; x_wconf 88' lang='lat' dir='ltr'><strong>largiaris,</strong></span> <span class='ocrx_word' id='word_1_122' title='bbox 1314 2117 1373 2172; x_wconf 88' lang='lat' dir='ltr'><strong>eos</strong></span> <span class='ocrx_word' id='word_1_123' title='bbox 1388 2097 1434 2170; x_wconf 88' lang='lat' dir='ltr'><strong>ad</strong></span> <span class='ocrx_word' id='word_1_124' title='bbox 1453 2105 1605 2170; x_wconf 89' lang='lat' dir='ltr'><strong>nostrum</strong></span> <span class='ocrx_word' id='word_1_125' title='bbox 1617 2097 1824 2193; x_wconf 88' lang='lat' dir='ltr'><strong>presentiam</strong></span> <span class='ocrx_word' id='word_1_126' title='bbox 1842 2097 1960 2171; x_wconf 79' lang='lat' dir='ltr'><strong>remit·</strong></span> 
     </span>
     <span class='ocr_line' id='line_1_14' title="bbox 550 2217 1959 2318; baseline 0.003 -26"><span class='ocrx_word' id='word_1_127' title='bbox 550 2217 672 2311; x_wconf 77' lang='lat' dir='ltr'><strong>tend03</strong></span> <span class='ocrx_word' id='word_1_128' title='bbox 699 2220 783 2314; x_wconf 91' lang='lat' dir='ltr'><strong>quia</strong></span> <span class='ocrx_word' id='word_1_129' title='bbox 804 2221 884 2294; x_wconf 92' lang='lat' dir='ltr'><strong>licet</strong></span> <span class='ocrx_word' id='word_1_130' title='bbox 908 2221 1100 2295; x_wconf 89' lang='lat' dir='ltr'><strong>secundum</strong></span> <span class='ocrx_word' id='word_1_131' title='bbox 1122 2223 1265 2295; x_wconf 81' lang='lat' dir='ltr'><strong>sormam</strong></span> <span class='ocrx_word' id='word_1_132' title='bbox 1288 2221 1383 2318; x_wconf 87' lang='lat' dir='ltr'><strong>pacis</strong></span> <span class='ocrx_word' id='word_1_133' title='bbox 1402 2221 1653 2318; x_wconf 90' lang='lat' dir='ltr'><strong>aprincipibus</strong></span> <span class='ocrx_word' id='word_1_134' title='bbox 1677 2229 1887 2317; x_wconf 84' lang='lat' dir='ltr'><strong>acceptatam</strong></span> <span class='ocrx_word' id='word_1_135' title='bbox 1914 2223 1959 2298; x_wconf 92' lang='lat' dir='ltr'><strong>de</strong></span> 
     </span>
     <span class='ocr_line' id='line_1_15' title="bbox 549 2343 1957 2441; baseline 0.002 -25"><span class='ocrx_word' id='word_1_136' title='bbox 549 2343 704 2440; x_wconf 87' lang='lat' dir='ltr'><strong>ipsorum</strong></span> <span class='ocrx_word' id='word_1_137' title='bbox 725 2346 926 2420; x_wconf 89' lang='lat' dir='ltr'><strong>liberatione</strong></span> <span class='ocrx_word' id='word_1_138' title='bbox 943 2367 1013 2418; x_wconf 93' lang='lat' dir='ltr'><strong>non</strong></span> <span class='ocrx_word' id='word_1_139' title='bbox 1037 2347 1138 2420; x_wconf 85' lang='lat' dir='ltr'><strong>luerit</strong></span> <span class='ocrx_word' id='word_1_140' title='bbox 1158 2345 1372 2438; x_wconf 88' lang='lat' dir='ltr'><strong>dubitatum,</strong></span> <span class='ocrx_word' id='word_1_141' title='bbox 1392 2347 1422 2418; x_wconf 89' lang='lat' dir='ltr'><strong>si</strong></span> <span class='ocrx_word' id='word_1_142' title='bbox 1442 2367 1621 2441; x_wconf 89' lang='lat' dir='ltr'><strong>nunquam</strong></span> <span class='ocrx_word' id='word_1_143' title='bbox 1640 2353 1754 2418; x_wconf 88' lang='lat' dir='ltr'><strong>tamen</strong></span> <span class='ocrx_word' id='word_1_144' title='bbox 1774 2355 1957 2420; x_wconf 88' lang='lat' dir='ltr'><strong>tractatum</strong></span> 
     </span>
     <span class='ocr_line' id='line_1_16' title="bbox 548 2469 1960 2567; baseline 0.003 -25"><span class='ocrx_word' id='word_1_145' title='bbox 548 2469 680 2560; x_wconf 82' lang='lat' dir='ltr'><strong>luisset,</strong></span> <span class='ocrx_word' id='word_1_146' title='bbox 697 2492 916 2566; x_wconf 90' lang='lat' dir='ltr'><strong>nequaquam</strong></span> <span class='ocrx_word' id='word_1_147' title='bbox 929 2493 989 2545; x_wconf 88' lang='lat' dir='ltr'><strong>eos</strong></span> <span class='ocrx_word' id='word_1_148' title='bbox 1002 2471 1154 2544; x_wconf 87' lang='lat' dir='ltr'><strong>Ecclesia</strong></span> <span class='ocrx_word' id='word_1_149' title='bbox 1169 2492 1297 2565; x_wconf 81' lang='lat' dir='ltr'><strong>negare</strong></span> <span class='ocrx_word' id='word_1_150' title='bbox 1324 2481 1357 2544; x_wconf 93' lang='lat' dir='ltr'><strong>te</strong></span> <span class='ocrx_word' id='word_1_151' title='bbox 1379 2469 1478 2544; x_wconf 89' lang='lat' dir='ltr'><strong>decet</strong></span> <span class='ocrx_word' id='word_1_152' title='bbox 1496 2493 1567 2566; x_wconf 91' lang='lat' dir='ltr'><strong>quc</strong></span> <span class='ocrx_word' id='word_1_153' title='bbox 1585 2470 1647 2543; x_wconf 89' lang='lat' dir='ltr'><strong>tibi</strong></span> <span class='ocrx_word' id='word_1_154' title='bbox 1666 2479 1780 2567; x_wconf 88' lang='lat' dir='ltr'><strong>potest</strong></span> <span class='ocrx_word' id='word_1_155' title='bbox 1799 2470 1835 2542; x_wconf 91' lang='lat' dir='ltr'><strong>in</strong></span> <span class='ocrx_word' id='word_1_156' title='bbox 1855 2471 1960 2564; x_wconf 79' lang='lat' dir='ltr'><strong>longe</strong></span> 
     </span>
     <span class='ocr_line' id='line_1_17' title="bbox 547 2594 1956 2692; baseline 0.001 -26"><span class='ocrx_word' id='word_1_157' title='bbox 547 2595 737 2688; x_wconf 88' lang='lat' dir='ltr'><strong>majoribus</strong></span> <span class='ocrx_word' id='word_1_158' title='bbox 752 2597 973 2692; x_wconf 89' lang='lat' dir='ltr'><strong>respondere.</strong></span> <span class='ocrx_word' id='word_1_159' title='bbox 995 2597 1039 2669; x_wconf 91' lang='lat' dir='ltr'><strong>Ut</strong></span> <span class='ocrx_word' id='word_1_160' title='bbox 1055 2595 1143 2692; x_wconf 91' lang='lat' dir='ltr'><strong>quid</strong></span> <span class='ocrx_word' id='word_1_161' title='bbox 1163 2596 1256 2670; x_wconf 86' lang='lat' dir='ltr'><strong>enim</strong></span> <span class='ocrx_word' id='word_1_162' title='bbox 1272 2594 1321 2666; x_wconf 94' lang='lat' dir='ltr'><strong>illi</strong></span> <span class='ocrx_word' id='word_1_163' title='bbox 1340 2595 1536 2688; x_wconf 88' lang='lat' dir='ltr'><strong>allligantur</strong></span> <span class='ocrx_word' id='word_1_164' title='bbox 1555 2594 1717 2683; x_wconf 89' lang='lat' dir='ltr'><strong>ulterius,</strong></span> <span class='ocrx_word' id='word_1_165' title='bbox 1741 2616 1820 2670; x_wconf 86' lang='lat' dir='ltr'><strong>oum</strong></span> <span class='ocrx_word' id='word_1_166' title='bbox 1837 2595 1956 2688; x_wconf 88' lang='lat' dir='ltr'><strong>tejam</strong></span> 
     </span>
     <span class='ocr_line' id='line_1_18' title="bbox 547 2717 1956 2817; baseline 0.001 -26"><span class='ocrx_word' id='word_1_167' title='bbox 547 2739 618 2792; x_wconf 89' lang='lat' dir='ltr'><strong>non</strong></span> <span class='ocrx_word' id='word_1_168' title='bbox 631 2729 787 2816; x_wconf 85' lang='lat' dir='ltr'><strong>oporteat</strong></span> <span class='ocrx_word' id='word_1_169' title='bbox 800 2721 837 2793; x_wconf 94' lang='lat' dir='ltr'><strong>in</strong></span> <span class='ocrx_word' id='word_1_170' title='bbox 854 2721 971 2816; x_wconf 89' lang='lat' dir='ltr'><strong>aliquo</strong></span> <span class='ocrx_word' id='word_1_171' title='bbox 989 2721 1149 2796; x_wconf 83' lang='lat' dir='ltr'><strong>dubitare</strong></span> <span class='ocrx_word' id='word_1_172' title='bbox 1169 2721 1254 2817; x_wconf 90' lang='lat' dir='ltr'><strong>quin</strong></span> <span class='ocrx_word' id='word_1_173' title='bbox 1273 2719 1405 2794; x_wconf 86' lang='lat' dir='ltr'><strong>babens</strong></span> <span class='ocrx_word' id='word_1_174' title='bbox 1424 2743 1566 2794; x_wconf 88' lang='lat' dir='ltr'><strong>manum</strong></span> <span class='ocrx_word' id='word_1_175' title='bbox 1584 2719 1736 2794; x_wconf 84' lang='lat' dir='ltr'><strong>Ecclesie</strong></span> <span class='ocrx_word' id='word_1_176' title='bbox 1755 2717 1956 2813; x_wconf 88' lang='lat' dir='ltr'><strong>adjutricem</strong></span> 
     </span>
     <span class='ocr_line' id='line_1_19' title="bbox 547 2819 1959 2940; baseline -0.001 -25"><span class='ocrx_word' id='word_1_177' title='bbox 547 2843 679 2938; x_wconf 90' lang='lat' dir='ltr'><strong>ubique</strong></span> <span class='ocrx_word' id='word_1_178' title='bbox 697 2864 738 2916; x_wconf 88' lang='lat' dir='ltr'><strong>ae</strong></span> <span class='ocrx_word' id='word_1_179' title='bbox 756 2843 912 2939; x_wconf 89' lang='lat' dir='ltr'><strong>undique</strong></span> <span class='ocrx_word' id='word_1_180' title='bbox 934 2867 1055 2918; x_wconf 89' lang='lat' dir='ltr'><strong>secura</strong></span> <span class='ocrx_word' id='word_1_181' title='bbox 1076 2854 1176 2940; x_wconf 86' lang='lat' dir='ltr'><strong>potes</strong></span> <span class='ocrx_word' id='word_1_182' title='bbox 1198 2843 1352 2938; x_wconf 80' lang='lat' dir='ltr'><strong>gaudem</strong></span> <span class='ocrx_word' id='word_1_183' title='bbox 1374 2843 1517 2939; x_wconf 79' lang='lat' dir='ltr'><strong>quiete?</strong></span> <span class='ocrx_word' id='word_1_184' title='bbox 1535 2819 1644 2916; x_wconf 87' lang='lat' dir='ltr'><strong>Nobis</strong></span> <span class='ocrx_word' id='word_1_185' title='bbox 1662 2842 1836 2938; x_wconf 89' lang='lat' dir='ltr'><strong>siquidem</strong></span> <span class='ocrx_word' id='word_1_186' title='bbox 1860 2843 1959 2940; x_wconf 91' lang='lat' dir='ltr'><strong>prin·</strong></span> 
     </span>
     <span class='ocr_line' id='line_1_20' title="bbox 546 2966 1953 3065; baseline 0.001 -26"><span class='ocrx_word' id='word_1_187' title='bbox 546 2966 701 3063; x_wconf 87' lang='lat' dir='ltr'><strong>cipaliter</strong></span> <span class='ocrx_word' id='word_1_188' title='bbox 720 2976 869 3041; x_wconf 88' lang='lat' dir='ltr'><strong>atrocem</strong></span> <span class='ocrx_word' id='word_1_189' title='bbox 888 2969 1030 3062; x_wconf 88' lang='lat' dir='ltr'><strong>irrogari</strong></span> <span class='ocrx_word' id='word_1_190' title='bbox 1048 2977 1285 3065; x_wconf 89' lang='lat' dir='ltr'><strong>reputaremus</strong></span> <span class='ocrx_word' id='word_1_191' title='bbox 1302 2967 1464 3064; x_wconf 87' lang='lat' dir='ltr'><strong>injuriam</strong></span> <span class='ocrx_word' id='word_1_192' title='bbox 1479 2967 1510 3041; x_wconf 89' lang='lat' dir='ltr'><strong>ei</strong></span> <span class='ocrx_word' id='word_1_193' title='bbox 1524 2977 1641 3042; x_wconf 87' lang='lat' dir='ltr'><strong>contra</strong></span> <span class='ocrx_word' id='word_1_194' title='bbox 1663 2977 1713 3060; x_wconf 89' lang='lat' dir='ltr'><strong>te,</strong></span> <span class='ocrx_word' id='word_1_195' title='bbox 1734 2967 1830 3062; x_wconf 93' lang='lat' dir='ltr'><strong>quod</strong></span> <span class='ocrx_word' id='word_1_196' title='bbox 1843 2967 1953 3058; x_wconf 91' lang='lat' dir='ltr'><strong>absit,</strong></span> 
     </span>
     <span class='ocr_line' id='line_1_21' title="bbox 546 3093 1081 3188; baseline 0 -23"><span class='ocrx_word' id='word_1_197' title='bbox 546 3093 751 3184; x_wconf 82' lang='lat' dir='ltr'><strong>contingerit</strong></span> <span class='ocrx_word' id='word_1_198' title='bbox 763 3093 897 3188; x_wconf 89' lang='lat' dir='ltr'><strong>aliquid</strong></span> <span class='ocrx_word' id='word_1_199' title='bbox 910 3094 1081 3166; x_wconf 88' lang='lat' dir='ltr'><strong>attentari.</strong></span> 
     </span>
    </p>

    <p class='ocr_par' dir='ltr' id='par_1_3' title="bbox 595 3217 1950 3317">
     <span class='ocr_line' id='line_1_22' title="bbox 595 3217 1950 3317; baseline 0.001 -29"><span class='ocrx_word' id='word_1_200' title='bbox 595 3217 721 3290; x_wconf 89' lang='lat' dir='ltr'><strong>Datum</strong></span> <span class='ocrx_word' id='word_1_201' title='bbox 729 3217 899 3313; x_wconf 80' lang='lat' dir='ltr'><strong>Anagnis,</strong></span> <span class='ocrx_word' id='word_1_202' title='bbox 912 3221 942 3290; x_wconf 89' lang='lat' dir='ltr'>V</span> <span class='ocrx_word' id='word_1_203' title='bbox 955 3219 1119 3294; x_wconf 84' lang='lat' dir='ltr'><strong>kalendas</strong></span> <span class='ocrx_word' id='word_1_204' title='bbox 1132 3219 1348 3316; x_wconf 89' lang='lat' dir='ltr'><strong>septembris,</strong></span> <span class='ocrx_word' id='word_1_205' title='bbox 1362 3217 1581 3317; x_wconf 84' lang='lat' dir='ltr'><strong>pontificatus</strong></span> <span class='ocrx_word' id='word_1_206' title='bbox 1593 3218 1700 3292; x_wconf 85' lang='lat' dir='ltr'><strong>nostri</strong></span> <span class='ocrx_word' id='word_1_207' title='bbox 1714 3238 1806 3291; x_wconf 92' lang='lat' dir='ltr'><strong>anno</strong></span> <span class='ocrx_word' id='word_1_208' title='bbox 1816 3225 1950 3312; x_wconf 92' lang='lat' dir='ltr'><strong>quarto.</strong></span> 
     </span>
    </p>
   </div>
   <div class='ocr_carea' id='block_1_3' title="bbox 388 3741 1957 4390">
    <p class='ocr_par' dir='ltr' id='par_1_4' title="bbox 388 3741 1957 4390">
     <span class='ocr_line' id='line_1_23' title="bbox 388 3741 1957 3857; baseline -0.005 -28"><span class='ocrx_word' id='word_1_209' title='bbox 388 3763 410 3850; x_wconf 64' lang='grc' dir='ltr'><strong>,Ρ</strong></span> <span class='ocrx_word' id='word_1_210' title='bbox 421 3761 478 3851; x_wconf 61' lang='lat'><strong>⁸³¹„</strong></span> <span class='ocrx_word' id='word_1_211' title='bbox 597 3743 798 3857; x_wconf 86' lang='lat' dir='ltr'><strong>Encyclica</strong></span> <span class='ocrx_word' id='word_1_212' title='bbox 815 3743 1009 3850; x_wconf 88' lang='lat' dir='ltr'><strong>Friderici,</strong></span> <span class='ocrx_word' id='word_1_213' title='bbox 1024 3743 1284 3827; x_wconf 85' lang='lat' dir='ltr'><strong>Romanorum</strong></span> <span class='ocrx_word' id='word_1_214' title='bbox 1298 3742 1551 3852; x_wconf 88' lang='lat' dir='ltr'><strong>imperatoris,</strong></span> <span class='ocrx_word' id='word_1_215' title='bbox 1567 3767 1645 3852; x_wconf 87' lang='lat' dir='ltr'><strong>qua</strong></span> <span class='ocrx_word' id='word_1_216' title='bbox 1658 3741 1813 3853; x_wconf 86' lang='lat' dir='ltr'><strong>regibus</strong></span> <span class='ocrx_word' id='word_1_217' title='bbox 1830 3741 1957 3826; x_wconf 90' lang='lat' dir='ltr'><strong>omni-</strong></span> 
     </span>
     <span class='ocr_line' id='line_1_24' title="bbox 544 3873 1954 3990; baseline -0.003 -28"><span class='ocrx_word' id='word_1_218' title='bbox 544 3877 617 3962; x_wconf 91' lang='lat' dir='ltr'><strong>bus</strong></span> <span class='ocrx_word' id='word_1_219' title='bbox 633 3879 784 3962; x_wconf 86' lang='lat' dir='ltr'><strong>nuntiat</strong></span> <span class='ocrx_word' id='word_1_220' title='bbox 801 3879 904 3990; x_wconf 91' lang='lat' dir='ltr'><strong>quod</strong></span> <span class='ocrx_word' id='word_1_221' title='bbox 927 3905 1019 3988; x_wconf 88' lang='lat' dir='ltr'><strong>pace</strong></span> <span class='ocrx_word' id='word_1_222' title='bbox 1040 3877 1138 3960; x_wconf 87' lang='lat' dir='ltr'><strong>inter</strong></span> <span class='ocrx_word' id='word_1_223' title='bbox 1160 3903 1201 3960; x_wconf 89' lang='lat' dir='ltr'><strong>se</strong></span> <span class='ocrx_word' id='word_1_224' title='bbox 1222 3886 1259 3961; x_wconf 91' lang='lat' dir='ltr'><strong>et</strong></span> <span class='ocrx_word' id='word_1_225' title='bbox 1276 3877 1483 3960; x_wconf 87' lang='lat' dir='ltr'><strong>Ecclesium</strong></span> <span class='ocrx_word' id='word_1_226' title='bbox 1505 3875 1713 3986; x_wconf 88' lang='lat' dir='ltr'><strong>composita</strong></span> <span class='ocrx_word' id='word_1_227' title='bbox 1735 3884 1773 3958; x_wconf 88' lang='lat' dir='ltr'><strong>et</strong></span> <span class='ocrx_word' id='word_1_228' title='bbox 1794 3873 1954 3958; x_wconf 81' lang='lat' dir='ltr'><strong>absolu-</strong></span> 
     </span>
     <span class='ocr_line' id='line_1_25' title="bbox 542 4004 1956 4123; baseline -0.008 -27"><span class='ocrx_word' id='word_1_229' title='bbox 542 4013 645 4098; x_wconf 89' lang='lat' dir='ltr'><strong>tione</strong></span> <span class='ocrx_word' id='word_1_230' title='bbox 658 4022 824 4123; x_wconf 89' lang='lat' dir='ltr'><strong>recepta,</strong></span> <span class='ocrx_word' id='word_1_231' title='bbox 846 4037 1042 4095; x_wconf 89' lang='lat' dir='ltr'><strong>summum</strong></span> <span class='ocrx_word' id='word_1_232' title='bbox 1059 4009 1276 4120; x_wconf 90' lang='lat' dir='ltr'><strong>pontificem</strong></span> <span class='ocrx_word' id='word_1_233' title='bbox 1290 4009 1383 4092; x_wconf 86' lang='lat' dir='ltr'><strong>adiit</strong></span> <span class='ocrx_word' id='word_1_234' title='bbox 1399 4035 1488 4092; x_wconf 91' lang='lat' dir='ltr'><strong>cum</strong></span> <span class='ocrx_word' id='word_1_235' title='bbox 1501 4034 1579 4120; x_wconf 93' lang='lat' dir='ltr'><strong>quo</strong></span> <span class='ocrx_word' id='word_1_236' title='bbox 1589 4007 1804 4119; x_wconf 89' lang='lat' dir='ltr'><strong>jucundum</strong></span> <span class='ocrx_word' id='word_1_237' title='bbox 1820 4004 1956 4090; x_wconf 88' lang='lat' dir='ltr'><strong>habuit</strong></span> 
     </span>
     <span class='ocr_line' id='line_1_26' title="bbox 541 4125 1955 4258; baseline -0.008 -26"><span class='ocrx_word' id='word_1_238' title='bbox 541 4125 796 4258; x_wconf 72' lang='lat' dir='ltr'><strong>colloquium,</strong></span> <span class='ocrx_word' id='word_1_239' title='bbox 813 4147 916 4230; x_wconf 91' lang='lat' dir='ltr'><strong>unde</strong></span> <span class='ocrx_word' id='word_1_240' title='bbox 932 4144 1107 4228; x_wconf 87' lang='lat' dir='ltr'><strong>strictiori</strong></span> <span class='ocrx_word' id='word_1_241' title='bbox 1124 4142 1275 4227; x_wconf 86' lang='lat' dir='ltr'><strong>vinculo</strong></span> <span class='ocrx_word' id='word_1_242' title='bbox 1301 4141 1495 4226; x_wconf 86' lang='lat' dir='ltr'><strong>charitatis</strong></span> <span class='ocrx_word' id='word_1_243' title='bbox 1512 4141 1764 4225; x_wconf 87' lang='lat' dir='ltr'><strong>sacerdotium</strong></span> <span class='ocrx_word' id='word_1_244' title='bbox 1779 4149 1817 4223; x_wconf 89' lang='lat' dir='ltr'><strong>et</strong></span> <span class='ocrx_word' id='word_1_245' title='bbox 1834 4139 1955 4250; x_wconf 89' lang='lat' dir='ltr'><strong>impe-</strong></span> 
     </span>
     <span class='ocr_line' id='line_1_27' title="bbox 541 4277 1272 4390; baseline -0.011 -26"><span class='ocrx_word' id='word_1_246' title='bbox 541 4281 643 4364; x_wconf 92' lang='lat' dir='ltr'><strong>rium</strong></span> <span class='ocrx_word' id='word_1_247' title='bbox 659 4281 883 4364; x_wconf 80' lang='lat' dir='ltr'><strong>adinvicem</strong></span> <span class='ocrx_word' id='word_1_248' title='bbox 901 4277 1082 4390; x_wconf 88' lang='lat' dir='ltr'><strong>conjungi</strong></span> <span class='ocrx_word' id='word_1_249' title='bbox 1097 4277 1272 4360; x_wconf 85' lang='lat' dir='ltr'><strong>debeant.</strong></span> 
     </span>
    </p>
   </div>
   <div class='ocr_carea' id='block_1_4' title="bbox 621 4487 1951 4784">
    <p class='ocr_par' dir='ltr' id='par_1_5' title="bbox 621 4487 1951 4784">
     <span class='ocr_line' id='line_1_28' title="bbox 621 4487 1951 4576; baseline -0.008 -20"><span class='ocrx_word' id='word_1_250' title='bbox 621 4493 724 4576; x_wconf 80' lang='lat' dir='ltr'><strong>(Edld.</strong></span> <span class='ocrx_word' id='word_1_251' title='bbox 736 4495 844 4572; x_wconf 82' lang='lat' dir='ltr'><strong>purtim</strong></span> <span class='ocrx_word' id='word_1_252' title='bbox 855 4494 1030 4572; x_wconf 77' lang='lat' dir='ltr'><strong>Berraum,</strong></span> <span class='ocrx_word' id='word_1_253' title='bbox 1049 4489 1157 4553; x_wconf 66' lang='lat' dir='ltr'><strong>Annei„</strong></span> <span class='ocrx_word' id='word_1_254' title='bbox 1170 4489 1275 4566; x_wconf 63' lang='lat' dir='ltr'><strong>eccla,</strong></span> <span class='ocrx_word' id='word_1_255' title='bbox 1287 4491 1323 4552; x_wconf 85' lang='lat' dir='ltr'><strong>ed</strong></span> <span class='ocrx_word' id='word_1_256' title='bbox 1339 4506 1409 4552; x_wconf 88' lang='lat' dir='ltr'><strong>aun.</strong></span> <span class='ocrx_word' id='word_1_257' title='bbox 1429 4497 1524 4562; x_wconf 73' lang='lat'><strong>1²80,</strong></span> <span class='ocrx_word' id='word_1_258' title='bbox 1539 4487 1648 4560; x_wconf 69' lang='lat' dir='ltr'><strong>exul.</strong></span> <span class='ocrx_word' id='word_1_259' title='bbox 1664 4519 1704 4534; x_wconf 89' lang='lat'><strong>-·</strong></span> <span class='ocrx_word' id='word_1_260' title='bbox 1720 4487 1840 4566; x_wconf 84' lang='lat' dir='ltr'><strong>Integre</strong></span> <span class='ocrx_word' id='word_1_261' title='bbox 1851 4489 1951 4548; x_wconf 63' lang='lat' dir='ltr'><strong>auum</strong></span> 
     </span>
     <span class='ocr_line' id='line_1_29' title="bbox 661 4589 1951 4678; baseline -0.01 -14"><span class='ocrx_word' id='word_1_262' title='bbox 661 4599 909 4673; x_wconf 64' lang='lat' dir='ltr'><strong>Praemiacum.</strong></span> <span class='ocrx_word' id='word_1_263' title='bbox 920 4601 997 4660; x_wconf 83' lang='lat' dir='ltr'><strong>Htrt.</strong></span> <span class='ocrx_word' id='word_1_264' title='bbox 1015 4599 1123 4674; x_wconf 76' lang='lat' dir='ltr'><strong>Germ,</strong></span> <span class='ocrx_word' id='word_1_265' title='bbox 1132 4606 1157 4662; x_wconf 89' lang='lat' dir='ltr'><strong>t.</strong></span> <span class='ocrx_word' id='word_1_266' title='bbox 1168 4599 1223 4678; x_wconf 84' lang='lat' dir='ltr'><strong>lv,</strong></span> <span class='ocrx_word' id='word_1_267' title='bbox 1232 4617 1262 4677; x_wconf 87' lang='lat' dir='ltr'><strong>p.</strong></span> <span class='ocrx_word' id='word_1_268' title='bbox 1278 4606 1347 4659; x_wconf 78' lang='lat' dir='ltr'><strong>ato.</strong></span> <span class='ocrx_word' id='word_1_269' title='bbox 1358 4595 1431 4658; x_wconf 86' lang='lat' dir='ltr'><strong>Cotl.</strong></span> <span class='ocrx_word' id='word_1_270' title='bbox 1446 4612 1516 4656; x_wconf 91' lang='lat' dir='ltr'><strong>cum</strong></span> <span class='ocrx_word' id='word_1_271' title='bbox 1529 4596 1648 4674; x_wconf 82' lang='lat' dir='ltr'><strong>Regest.</strong></span> <span class='ocrx_word' id='word_1_272' title='bbox 1662 4595 1784 4674; x_wconf 83' lang='lat' dir='ltr'><strong>Gregor.</strong></span> <span class='ocrx_word' id='word_1_273' title='bbox 1799 4593 1854 4666; x_wconf 85' lang='lat' dir='ltr'><strong>Ill,</strong></span> <span class='ocrx_word' id='word_1_274' title='bbox 1869 4597 1894 4653; x_wconf 91' lang='lat' dir='ltr'><strong>t.</strong></span> <span class='ocrx_word' id='word_1_275' title='bbox 1908 4589 1951 4667; x_wconf 90' lang='lat' dir='ltr'><strong>ll,</strong></span> 
     </span>
     <span class='ocr_line' id='line_1_30' title="bbox 661 4701 1599 4784; baseline -0.009 -14"><span class='ocrx_word' id='word_1_276' title='bbox 661 4707 714 4771; x_wconf 82' lang='lat' dir='ltr'><strong>tol.</strong></span> <span class='ocrx_word' id='word_1_277' title='bbox 728 4715 871 4784; x_wconf 75' lang='lat' dir='ltr'><strong>tet-496,</strong></span> <span class='ocrx_word' id='word_1_278' title='bbox 886 4710 917 4770; x_wconf 90' lang='lat' dir='ltr'><strong>tn</strong></span> <span class='ocrx_word' id='word_1_279' title='bbox 930 4707 1070 4770; x_wconf 89' lang='lat' dir='ltr'><strong>Blbltotb.</strong></span> <span class='ocrx_word' id='word_1_280' title='bbox 1081 4709 1113 4770; x_wconf 88' lang='lat' dir='ltr'><strong>S.</strong></span> <span class='ocrx_word' id='word_1_281' title='bbox 1123 4709 1160 4769; x_wconf 87' lang='lat' dir='ltr'><strong>T.</strong></span> <span class='ocrx_word' id='word_1_282' title='bbox 1176 4705 1319 4784; x_wconf 88' lang='lat' dir='ltr'><strong>Pbtlttpps</strong></span> <span class='ocrx_word' id='word_1_283' title='bbox 1329 4719 1379 4781; x_wconf 86' lang='lat' dir='ltr'><strong>up.</strong></span> <span class='ocrx_word' id='word_1_284' title='bbox 1389 4701 1501 4764; x_wconf 88' lang='lat' dir='ltr'><strong>ldlddle</strong></span> <span class='ocrx_word' id='word_1_285' title='bbox 1514 4701 1599 4780; x_wconf 85' lang='lat' dir='ltr'><strong>Htll.)</strong></span> 
     </span>
    </p>
   </div>
   <div class='ocr_carea' id='block_1_5' title="bbox 0 0 2326 6105">
    <p class='ocr_par' dir='ltr' id='par_1_6' title="bbox 0 0 2326 6105">
     <span class='ocr_line' id='line_1_31' title="bbox 0 0 2326 6105; baseline 0 0"><span class='ocrx_word' id='word_1_286' title='bbox 0 0 2326 6105; x_wconf 95' lang='lat' dir='ltr'><strong> </strong></span> 
     </span>
    </p>
   </div>
  </div>
 </body>
</html>
