4602 6084
365 638 461 698 lactor.
480 633 521 718 l.]
816 630 1013 692 HISTORIA
1036 629 1326 692 maturantes.
1724 633 1767 694 43

365 769 547 864 magistros
558 767 661 840 mam
672 785 734 860 pro
749 764 958 838 fabricandis
972 763 1166 837 chelandris
1180 787 1241 860 per
1252 765 1407 839 diversas
1419 775 1531 860 partes
1545 767 1641 860 regni
1658 765 1764 838 nostri

365 893 470 982 statui
486 890 653 984 jussimus
671 888 862 982 dequibus
882 888 1068 982 octingenti
1091 909 1152 982 per
1172 889 1260 962 aeris
1277 889 1514 984 intemperiem
1537 897 1611 960 tum
1633 898 1762 978 morte,

367 1025 441 1088 tum
463 1013 659 1086 infirmitate
683 1011 840 1107 impediti
863 1012 1018 1100 luerunt;
1049 1033 1157 1106 quare
1178 1033 1297 1086 omnes
1319 1034 1388 1086 non
1406 1021 1592 1108 potuerunt
1611 1032 1765 1107 percom-

367 1138 470 1234 pleri,
492 1138 570 1210 licet
591 1138 700 1228 major
715 1157 793 1230 pars
811 1135 915 1208 luerit
929 1135 1106 1208 fabricata.
1131 1137 1284 1210 Tandem
1307 1138 1456 1210 instante
1472 1137 1648 1230 passagio,
1670 1137 1767 1208 navi·

366 1262 443 1356 gia,
468 1260 670 1334 chelandras
688 1265 723 1330 et
746 1257 997 1352 quinquaginta
1020 1259 1137 1352 galeas
1154 1257 1201 1330 ad
1218 1260 1294 1332 loca
1319 1259 1484 1355 passagii,
1507 1279 1576 1332 non
1600 1280 1622 1332 a
1644 1257 1765 1347 nobis,

368 1383 432 1458 sed
454 1383 499 1456 ab
517 1382 668 1476 antiquis
688 1382 900 1476 temporibus
921 1381 1101 1471 ordinata,
1125 1381 1360 1462 Brundusium
1383 1383 1545 1457 videlicet
1562 1382 1624 1452 nbi
1651 1403 1768 1476 passa·

368 1507 465 1601 glum
490 1506 563 1580 lieri
584 1527 719 1602 semper
739 1505 988 1600 competentius
1006 1505 1202 1596 consuevit,
1230 1505 1311 1578 duci
1330 1506 1473 1578 lecimus
1493 1515 1528 1576 et
1548 1505 1680 1601 parari,
1706 1525 1770 1578 noc

369 1630 592 1725 personaliter
609 1630 647 1701 in
665 1649 848 1702 occursum
868 1629 959 1700 clare
975 1628 1138 1702 memorie
1153 1630 1349 1723 lantgravii
1367 1627 1554 1722 Thuringie
1569 1637 1605 1700 ct
1625 1627 1769 1702 aliorum

369 1753 582 1826 venientium
603 1752 799 1848 principum
825 1753 1054 1840 conferentem
1075 1753 1204 1845 quibus
1221 1753 1465 1826 accedentibus
1483 1751 1568 1824 dnm
1588 1751 1635 1826 ad
1652 1772 1769 1847 passa·

370 1877 466 1971 gum
491 1877 701 1966 rediremus,
725 1875 824 1969 gravi
847 1875 1044 1968 egritudine
1069 1897 1229 1948 sumusa
1255 1877 1399 1948 Domino
1420 1876 1457 1946 in
1479 1875 1600 1948 itincre
1625 1876 1767 1960 visitati,

369 2023 439 2094 que
456 2001 507 2072 sio
524 2021 587 2072 nos
608 1999 829 2072 vehomenter
848 1999 975 2071 invasit
996 2009 1034 2070 ut
1057 2021 1186 2071 moram
1211 2000 1312 2070 nobis
1334 1997 1461 2072 medici
1482 1996 1683 2088 suaderent,
1706 1998 1769 2070 sed

372 2145 416 2196 ne
428 2145 491 2219 pro
508 2122 663 2196 absentia
686 2131 801 2194 nostra
817 2121 1027 2215 contingeret
1041 2121 1239 2214 passagium
1259 2121 1436 2216 impediri,
1460 2121 1673 2194 medicorum
1691 2143 1769 2216 per-

373 2247 533 2318 suasione
544 2255 750 2340 contcmpta‚
769 2246 805 2316 in
819 2245 919 2317 estivi
934 2245 1046 2316 calore
1063 2245 1225 2340 temporis
1243 2265 1312 2317 non
1331 2245 1508 2316 omisimus
1525 2265 1647 2318 versus
1664 2247 1770 2317 Brun·

372 2368 512 2442 dusium
535 2369 690 2462 equitare
712 2367 774 2440 nbi
798 2389 906 2440 nares
928 2375 962 2440 et
982 2366 1186 2440 chelandras
1204 2390 1267 2463 pro
1287 2367 1500 2462 principibus
1517 2379 1552 2440 et
1575 2369 1651 2442 aliis
1671 2391 1770 2463 pere-

373 2491 480 2584 grinis
507 2512 640 2564 necnon
678 2511 741 2586 pro
778 2490 1003 2586 septingentis
1037 2491 1162 2562 nostris
1199 2489 1429 2584 stipendiariis
1462 2491 1644 2578 militibus,
1683 2493 1771 2564 sicut

372 2613 600 2708 expediebat,
616 2613 761 2706 singulis
774 2635 838 2708 pro
851 2613 1015 2708 qualitate
1033 2635 1146 2686 rerum
1162 2623 1197 2686 et
1211 2635 1353 2686 numero
1368 2635 1590 2710 personarum
1605 2617 1773 2708 jussimus

372 2735 556 2832 assignari,
580 2737 641 2830 qni
666 2759 728 2832 per
748 2747 825 2811 octo
851 2739 926 2812 diss
954 2739 1053 2832 aquis
1076 2750 1111 2812 et
1136 2740 1213 2813 aliis
1236 2740 1436 2814 necessariis
1461 2750 1663 2830 onerarunt,
1688 2761 1770 2814 aare

374 2882 536 2955 prospera
554 2861 735 2933 salubriter
752 2862 967 2954 navigantes.
993 2863 1141 2957 Tempus
1162 2873 1235 2936 crat
1251 2863 1356 2954 adeo,
1383 2862 1528 2934 Domino
1543 2863 1767 2952 concedente,

376 2993 531 3078 paratum
551 2983 647 3077 quod
663 2984 803 3078 navigia
825 2985 861 3056 in
882 2984 1010 3078 quibus
1027 3007 1161 3058 camera
1181 2995 1348 3059 nostrast
1369 2986 1497 3058 lamilic
1514 2995 1591 3079 post
1610 2996 1770 3058 octavum

374 3106 467 3180 diem
483 3106 592 3200 prime
612 3106 771 3180 motionis
795 3106 938 3180 navium
960 3119 1095 3206 recepte
1109 3109 1264 3201 luerunt,
1282 3110 1370 3182 inira
1388 3109 1462 3182 dics
1481 3110 1643 3184 undecim
1661 3121 1771 3182 bans-

375 3230 573 3302 lretarerint
593 3231 655 3326 (a).
678 3230 817 3325 Copiam
833 3253 917 3305 veru
938 3233 1082 3306 navium
1101 3241 1229 3306 mntem
1246 3233 1432 3306 babuimus
1449 3232 1544 3327 quod
1559 3255 1621 3328 pro
1636 3235 1771 3306 delectu

375 3353 632 3446 peregrinorum
649 3355 756 3426 multa
779 3355 816 3427 in
841 3367 942 3449 portu
967 3357 1107 3451 navigia
1132 3365 1380 3430 remanserunt.
1402 3359 1452 3429 De
1479 3358 1670 3451 corruptela
1690 3379 1772 3430 vero

374 3475 463 3548 aeris
479 3498 549 3570 que
566 3477 682 3550 nocuit
700 3477 908 3571 peregrinis,
938 3501 1000 3574 per
1017 3501 1122 3574 quam
1142 3479 1263 3554 divina
1279 3479 1498 3552 Providentia
1515 3501 1585 3574 que
1602 3480 1772 3576 provideri

376 3619 445 3670 non
466 3607 578 3693 potest
600 3600 645 3671 ab
665 3600 803 3672 bomine
823 3601 978 3674 diversas
999 3602 1122 3674 mundi
1145 3612 1259 3696 partes
1273 3611 1308 3674 et
1331 3603 1430 3693 regni
1453 3603 1558 3674 nostri
1583 3604 1775 3698 specialiter

375 3722 508 3794 occulto
524 3721 657 3812 judicio
685 3722 886 3816 llagellavit,
918 3725 1004 3796 nulli
1029 3727 1138 3818 magis
1156 3747 1261 3819 quam
1282 3725 1382 3797 nobis
1402 3726 1582 3798 molestum
1605 3727 1720 3798 extitit
1741 3735 1776 3799 et

377 3842 617 3938 dampnosum.
637 3845 723 3916 Nam
737 3844 774 3916 in
789 3847 926 3942 propria
944 3867 1090 3943 persona
1108 3849 1279 3922 sensimus
1295 3848 1340 3922 dc
1359 3869 1430 3942 quo
1445 3847 1522 3920 aliis
1536 3846 1770 3922 condolemus.

377 3965 455 4038 Post
473 3967 628 4040 nondum
647 3979 821 4064 resumpta
835 3972 1108 4044 convalescentia
1126 3973 1243 4066 galeas
1257 3973 1402 4066 ingrcssi
1426 3971 1554 4042 luimus
1575 3969 1628 4068 (l)
1654 3993 1717 4044 nos
1740 3983 1775 4044 et

378 4088 524 4162 dilectus
548 4075 825 4184 consanguineus
851 4103 965 4166 noster
985 4096 1212 4190 lantgravius
1229 4095 1374 4187 vestigia
1397 4094 1654 4188 precedentium
1676 4119 1775 4170 sccu-

419 4313 457 4392 (u)
477 4313 597 4392 Legltur
610 4331 680 4378 vero
693 4333 741 4394 ap.
758 4319 905 4394 Martene,
921 4322 971 4382 scd
985 4322 1080 4382 male:
1096 4319 1174 4401 quod
1185 4321 1237 4382 nt
1251 4317 1310 4380 dier
1323 4319 1554 4400 transfretarent.

414 4701 448 4776 (t)
469 4707 484 4759 8
499 4705 673 4778 septembris,
687 4712 717 4764 ut
729 4708 949 4782 supradiximus,
964 4725 992 4784 p.
1008 4713 1053 4768 st.
