4642 6106
1021 575 1232 638 Fatebatur
1256 573 1429 638 tutemet
1743 575 1822 658 [Arta
1841 577 1925 640 ΗΜ

1180 811 1264 884 ΧΙΙ.

346 987 461 1094 ῑᾚι
569 981 761 1056 Fridericus
773 984 956 1078 Deigrotia
966 985 1196 1060 Romanorum
1212 987 1411 1084 imperator,
1427 1007 1562 1083 semper
1574 995 1756 1082 angustus,
1766 987 1928 1062 Hierusa-

329 1091 478 1200 ‘i'dssffi’
519 1107 587 1180 lem
599 1117 635 1180 et
647 1107 760 1180 Sicilie
774 1129 851 1200 rex,
864 1109 1072 1202 justitiariis,
1087 1111 1283 1202 comitibus,
1301 1111 1502 1200 baronibus,
1516 1111 1698 1204 militibus,
1716 1111 1924 1200 camerariis,

518 1231 645 1324 bajulis
659 1240 695 1303 ot
712 1231 884 1305 universis
900 1233 1104 1308 officialibus
1120 1257 1184 1330 per
1201 1243 1309 1308 totum
1323 1235 1582 1329 justitiariatum
1603 1237 1681 1310 bari
1698 1245 1733 1310 et
1748 1235 1928 1310 Basilicote

518 1355 725 1448 constitutis,
740 1356 902 1430 fidelibus
916 1358 1002 1451 suis,
1017 1359 1163 1454 gratiam
1180 1381 1280 1432 suam
1293 1369 1329 1432 st
1343 1359 1471 1433 bonam
1487 1361 1711 1434 voluntatem.
1722 1359 1926 1433 blandamns

516 1487 551 1552 ct
564 1479 774 1575 precipimus
791 1490 963 1576 quatenns
978 1483 1095 1555 nullus
1111 1483 1157 1557 de
1173 1491 1286 1556 cetero
1299 1482 1446 1556 clericus
1459 1505 1522 1556 scu
1536 1505 1683 1580 persona
1696 1483 1926 1557 ecclesiastica

516 1603 741 1676 conveniatur
757 1603 904 1678 civiliter
920 1627 981 1677 sen
1000 1606 1222 1680 criminaliter
1242 1629 1357 1680 coram
1368 1607 1489 1700 judico
1506 1609 1671 1697 seculari,
1693 1609 1760 1682 nisi
1778 1607 1925 1681 civiliter

515 1749 620 1823 snper
637 1727 776 1825 leodis(
798 1727 825 1825 l.

563 1853 689 1924 Datum
706 1852 878 1926 incastris
895 1875 1002 1950 prope
1017 1854 1243 1950 Ceperanum,
1262 1855 1433 1950 vigesimo
1451 1865 1573 1929 octavo
1586 1856 1740 1950 angusti,
1754 1855 1852 1929 tertie
1866 1854 1924 1928 in-

517 1976 690 2048 dictionis.

567 2099 621 2196 [ln
634 2099 796 2172 eumdem
812 2099 956 2174 modum
971 2101 1137 2196 scriptum
1151 2111 1203 2174 est
1217 2101 1378 2174 omnibus
1387 2103 1583 2196 justitiariis
1597 2099 1727 2197 regni]

1168 2351 1276 2434 xlll.

306 2525 486 2632 lffigffl
563 2526 631 2598 Nos
645 2525 706 2599 Dei
724 2527 879 2621 gratia...
897 2525 1106 2600 Arelatensis
1121 2524 1469 2623 archiepiscopua,...
1487 2527 1722 2600 vintoniensis
1735 2535 1770 2599 et
1784 2525 1831 2599 M.
1845 2525 1922 2598 Bal·

324 2631 472 2739 caipiiiiffi?
514 2649 672 2722 vaocnsis
691 2650 857 2746 episcopi,
868 2651 1025 2746 requisiti
1043 2652 1334 2724 avenerabilibus
1348 2653 1505 2748 patribus
1518 2653 1548 2725 Ι.
1560 2651 1623 2724 Dei
1638 2653 1747 2746 gratia
1761 2652 1923 2748 episcopo

512 2773 737 2847 Sobinensiet
748 2775 811 2846 Th.
827 2775 916 2847 tituli
933 2778 1057 2848 Sancte
1076 2775 1202 2848 Sabine
1214 2777 1416 2872 presbytero
1434 2776 1613 2868 cardinali,
1629 2775 1815 2871 apostolice
1829 2773 1922 2847 sedis

513 2897 648 2990 legatis,
667 2906 706 2969 nt
717 2919 821 2993 snper
836 2897 904 2971 biis
921 2921 992 2994 que
1005 2897 1050 2971 de
1062 2921 1224 2994 processu
1239 2901 1395 2995 ipsorum
1414 2899 1450 2972 in
1465 2900 1603 2994 negotio
1622 2899 1846 2972 absolutionis
1860 2898 1922 2972 do·

512 3020 598 3092 mini
614 3020 827 3117 imperatoris
840 3021 1041 3096 audivimus
1054 3033 1089 3095 et
1102 3022 1255 3096 vidimus
1270 3024 1515 3097 testimoniales
1535 3023 1664 3096 litteras
1678 3023 1917 3112 scriberemus,

512 3143 558 3216 ad
577 3165 793 3220 communem
816 3145 1022 3220 deducimus
1043 3145 1198 3220 notitiam
1217 3149 1312 3242 quod
1333 3146 1479 3243 predicti
1503 3147 1634 3222 domini
1658 3146 1761 3240 legati
1781 3145 1921 3250 domino

512 3267 707 3364 imperatori
721 3271 877 3344 lecerunt
886 3269 1050 3344 mandata
1067 3271 1262 3367 subscripta
1276 3271 1312 3342 in
1329 3271 1424 3344 hunc
1440 3271 1609 3344 modum:

559 3394 629 3466 Nos
641 3395 671 3466 1.
687 3395 749 3468 Dei
763 3395 873 3490 gratia
888 3395 1086 3468 Sabinensis
1100 3395 1284 3492 episcopus
1296 3403 1330 3468 et
1345 3395 1408 3468 Tb.
1423 3395 1548 3469 eadem
1564 3393 1675 3488 gratia
1694 3393 1782 3464 tituli
1798 3395 1920 3466 sancte

511 3517 636 3591 Sabine
647 3519 827 3616 presbyter
837 3519 1036 3612 cardinalis,
1045 3519 1231 3616 apostolice
1241 3519 1334 3594 sedis
1347 3519 1467 3614 legati,
1477 3517 1679 3591 auctoritate
1691 3515 1822 3590 domini
1831 3537 1921 3612 pape

511 3640 717 3716 mandamus
736 3641 876 3716 domino
896 3642 1092 3740 imperatori
1117 3643 1213 3739 quod
1233 3665 1303 3718 non
1326 3641 1492 3739 impediat
1511 3665 1573 3738 per
1592 3663 1630 3714 so
1653 3639 1709 3714 vel
1730 3663 1792 3736 per
1813 3639 1919 3712 alium

509 3765 596 3860 quin
610 3767 806 3856 electiones,
824 3767 1072 3864 postulationes
1092 3775 1127 3841 et
1140 3766 1416 3840 confirmationes
1434 3767 1676 3852 ecclesiarum,
1696 3763 1919 3837 monasterio·

511 3912 587 3962 rum
601 3889 638 3962 in
657 3911 764 3986 regno
785 3890 892 3965 libere
907 3891 1052 3966 liantde
1073 3899 1185 3966 cetero
1206 3889 1401 3964 secundum
1424 3899 1551 3963 statuta
1575 3888 1711 3963 concilii
1734 3885 1914 3982 generalis.

512 4015 594 4087 ltem
611 4022 649 4086 ut
666 4015 849 4088 comitibus
860 4015 1107 4090 calanensibus
1121 4025 1156 4088 ot
1169 4014 1249 4087 liliis
1261 4013 1440 4110 quondam
1449 4012 1606 4086 Rainaldi
1620 4011 1665 4085 do
1679 4009 1808 4084 Aversa
1820 4009 1918 4083 satis·

510 4137 614 4212 iaciat
631 4138 825 4213 secundnm
843 4141 988 4214 sormam
1009 4138 1266 4236 compositionis
1289 4139 1325 4210 in
1348 4137 1417 4211 biis
1431 4157 1494 4234 pro
1510 4135 1640 4232 quibus
1658 4135 1811 4208 Ecclesia
1832 4131 1918 4206 lide·

507 4262 623 4354 jussit.
633 4263 717 4336 lten
730 4271 769 4334 nt
781 4263 967 4338 satisfaciat
978 4262 1024 4337 de
1036 4263 1235 4352 mobilibus,
1245 4263 1393 4358 injuriis,
1410 4261 1571 4358 dampnis
1584 4261 1688 4334 illatis
1702 4256 1914 4354 Templariis,

512 4387 746 4482 llospitalariis
759 4395 794 4460 et
808 4387 885 4461 aliis
901 4387 1056 4482 personis
1072 4387 1331 4472 ecclesiasticis,
1346 4386 1500 4460 terminis
1514 4383 1785 4480 competentibus
1799 4381 1844 4454 ab
1855 4401 1917 4452 ec-

511 4511 615 4583 clesia
638 4509 868 4606 assignandis.
891 4511 974 4584 Item
991 4510 1087 4606 quod
1108 4533 1129 4584 a
1152 4511 1211 4586 die
1232 4510 1459 4587 absolutionis
1481 4530 1593 4605 usque
1619 4506 1665 4582 ad
1684 4514 1761 4581 octo
1783 4523 1918 4578 menses

554 4686 593 4768 (a)
613 4685 810 4769 sumserunt,
829 4691 917 4752 male.
936 4688 1012 4752 Vide
1025 4707 1114 4768 snpra
1130 4699 1163 4755 u⁰
1176 4691 1215 4752 x.
