4702 6110
555 661 616 724 tor
1079 663 1252 726 nuunrcr
1277 663 1443 728 snrrnn
1775 663 1853 749 [nn.
1874 665 1960 732 rano.

639 795 763 876 (narr.
779 813 818 859 ax
829 798 1059 878 operarum
1070 801 1103 860 n
1116 799 1314 881 murore.
1331 779 1779 875 emolumentorum,
1797 809 1864 877 res,
1875 810 1909 862 n·
1922 805 1962 874 ι.)

603 984 646 1054 Η.
668 983 731 1056 Dei
753 985 864 1079 gratio
884 987 1116 1060 Romanorum
1137 1007 1202 1060 rex
1224 1008 1359 1084 semper
1385 995 1570 1082 augustus,
1592 984 1755 1060 fidelibus
1772 987 1846 1058 suis
1865 987 1964 1058 scul-

555 1115 641 1200 teto,
665 1108 817 1184 scabinis
841 1118 876 1182 et
902 1109 1074 1183 universis
1098 1110 1236 1184 civibus
1262 1110 1308 1184 de
1336 1113 1489 1208 Trajeoto
1513 1110 1658 1206 gratim
1681 1131 1781 1183 suam
1801 1117 1837 1182 et
1861 1130 1964 1182 omne

418 1211 420 1218 ¹
554 1231 698 1305 bonum.
727 1233 867 1306 Noverit
893 1231 1040 1307 fidelitas
1065 1241 1179 1307 vestre
1203 1233 1300 1329 qnod
1325 1257 1389 1308 nos
1414 1233 1613 1332 petitionem
1639 1241 1788 1308 vestrum
1815 1233 1964 1326 mutand

554 1355 670 1429 animo
687 1354 855 1430 duxinms
875 1357 1139 1450 admittendam,
1157 1359 1376 1433 devotionem
1394 1365 1430 1431 et
1445 1357 1664 1454 prudentiam
1679 1365 1829 1430 vestrum
1845 1356 1881 1428 in
1898 1355 1964 1428 boc

554 1479 854 1574 commendantes,
882 1481 987 1556 etde
1014 1481 1232 1578 plenitudine
1256 1493 1372 1556 nostra
1399 1505 1440 1556 ao
1473 1483 1674 1556 auctoritate
1698 1481 1795 1576 regia
1821 1480 1963 1553 liberam

553 1605 791 1680 auctoritatem
810 1614 845 1680 et
859 1615 1060 1702 potestatem
1075 1607 1177 1682 vobis
1191 1607 1414 1702 indulgemus
1431 1615 1472 1680 ut
1484 1607 1659 1680 civitatem
1674 1614 1825 1680 uestram
1840 1604 1961 1694 muris,

553 1729 688 1802 fossatis
704 1750 746 1802 eo
761 1730 839 1803 aliis
856 1730 1107 1804 munitionibus
1124 1739 1243 1804 contra
1260 1731 1433 1826 quoslibet
1451 1731 1608 1804 inimicos
1626 1730 1762 1826 imperii
1776 1739 1812 1804 et
1829 1738 1964 1804 nostros

554 1852 737 1947 diligenter
751 1875 793 1926 ae
810 1854 939 1928 utiliter
959 1855 1134 1928 muniatis.
1152 1855 1372 1950 Quicumque
1390 1877 1473 1930 vero
1492 1855 1528 1928 in
1543 1855 1718 1951 premissis
1737 1873 1801 1926 vos
1818 1861 1963 1948 attemp-

555 1977 678 2050 taverit
700 1975 884 2072 impedire,
908 1999 1049 2072 gravem
1072 1979 1239 2053 offensam
1261 1987 1377 2052 nostre
1401 1978 1615 2054 celsitudinis
1642 1999 1680 2053 se
1703 1980 1826 2052 sentiet
1848 1978 1963 2050 incur·

556 2121 690 2172 surum.

603 2225 727 2297 Datum
744 2222 840 2320 apud
854 2222 1108 2318 Gundenbusen
1123 2223 1191 2320 (l),
1207 2225 1252 2298 vl
1275 2225 1441 2300 kalendis
1458 2225 1669 2317 domnionis,
1690 2228 1879 2304 indictione
1893 2229 1958 2302 [11⁸.

360 2829 524 2930 pm·
608 2799 791 2884 Henricus
815 2798 1074 2886 Romanorum
1100 2823 1167 2880 rex
1193 2807 1343 2882 revocat
1368 2823 1482 2884 omne
1509 2801 1614 2910 quod
1639 2799 1850 2911 burgenses
1870 2801 1964 2886 Leo-

553 2933 703 3018 dieoses
720 2933 882 3016 durante
898 2931 1071 3018 racundo
1085 2931 1185 3014 sedis
1200 2928 1261 3041 (2)
1279 2940 1411 3016 contra
1422 2930 1512 3042 jura
1526 2931 1708 3042 praedicti
1726 2933 1962 3044 episoopetns

555 3061 735 3147 fecerant.

636 3277 808 3360 [Memorat.
820 3293 869 3356 up.
887 3277 1052 3352 Bonum,
1067 3276 1178 3359 licoat.
1193 3275 1312 3358 espa„
1327 3275 1520 3340 Unelnrelbb.
1531 3277 1659 3352 Sticho,
1672 3293 1704 3356 p.
1718 3275 1904 3354 LXXXVII,
1924 3294 1963 3340 ex

676 3387 762 3464 eopia
773 3389 851 3447 extr.
865 3401 915 3464 up.
930 3383 1101 3463 Leodlum.)

604 3574 731 3647 Datum
749 3571 978 3666 Nouemberg,
997 3591 1088 3646 anno
1109 3569 1354 3644 incarnationis
1371 3568 1544 3644 dominice
1565 3568 1780 3662 blOGXXlX,
1801 3567 1883 3642 idus
1900 3567 1962 3642 de-

558 3695 718 3788 cembris,
739 3695 927 3771 indictione
941 3695 1052 3768 tertia.

595 4001 631 4076 (t)
649 3999 707 4073 Sic;
724 4000 902 4060 verisimiliter
911 4006 1002 4060 temen
1012 4000 1041 4057 iu
1052 3997 1173 4073 originali
1184 3997 1253 4057 male
1265 3999 1425 4075 transuipto
1435 3999 1620 4060 Geibnboren.

593 4095 632 4170 (2)
651 4096 728 4172 lingo
740 4098 883 4174 episcopm
896 4097 1049 4156 leodiensis
1063 4099 1097 4155 ta
1109 4094 1186 4170 opril.
1201 4094 1282 4170 hujus
1291 4095 1354 4155 anni
1365 4095 1484 4172 obierat;
1499 4098 1544 4156 cui
1556 4097 1686 4158 mooessit
1694 4096 1829 4156 lobennes
1839 4095 1876 4154 ll
1888 4092 1963 4166 meli,
