4658 6132
390 671 487 732 lrnrm.
504 663 547 748 2]
836 653 1035 718 HISTORIA
1060 649 1353 712 brrtorrrtrrcs.
1746 648 1803 711 131

390 809 508 875 nosbu
523 795 710 886 Friderico,
718 791 782 866 Dei
793 790 903 886 gratia
914 791 1144 864 Romanorum
1154 786 1371 882 imperatore,
1390 805 1526 879 semper
1533 791 1695 877 augusto,
1707 784 1804 856 leru-

392 927 499 1000 sclem
522 931 558 996 et
575 919 690 994 Sicilie
713 937 814 1012 rege,
840 936 931 988 anno
948 912 1082 986 romani
1101 910 1237 1006 imperii
1257 912 1333 1004 ejus
1358 931 1467 1000 nono,
1493 908 1591 1004 regni
1615 909 1803 982 Jerusalem

392 1056 528 1144 quarto,
542 1043 641 1139 regni
657 1062 743 1116 vero
756 1039 871 1112 Sicilie
882 1038 1053 1112 tricesimo
1067 1035 1192 1132 primo,
1214 1034 1370 1108 feliciter.
1384 1033 1507 1106 Amen.

441 1173 567 1244 Datum
583 1164 681 1262 apud
696 1162 826 1255 Accnn,
845 1183 950 1255 anno,
971 1145 1101 1234 mense'
1112 1169 1147 1232 et
1165 1158 1353 1232 indictione
1369 1155 1580 1253 prescriptis.

736 1473 985 1484 ---—-·---—u-u-—
991 1475 998 1481 -
1004 1475 1032 1482 .—
1044 1473 1080 1480 ..-
1087 1469 1369 1480 .ω--μ--ω--ι
1378 1464 1571 1476 ...u-nn·—

446 1737 679 1845 Fridericus,
718 1735 979 1820 Romanorum
1011 1730 1232 1838 imperator,
1260 1751 1331 1836 pro
1364 1723 1482 1836 gratis
1514 1721 1675 1806 servitiis
1705 1746 1805 1832 quac
1836 1726 2000 1784 tmen·

394 1871 520 1956 Pisani
544 1869 754 1954 incivitate
776 1866 937 1950 Acconis
960 1869 1238 1948 commorantes
1262 1857 1335 1941 sibi
1359 1865 1396 1940 et
1418 1855 1573 1966 regibus
1594 1853 1806 1938 Hierosnli-

394 2005 549 2089 mitanis
565 1999 916 2114 praedecessoribus
936 1998 1017 2082 suis
1029 1994 1299 2098 exbibuerunt,
1318 1989 1431 2072 eisin
1449 1989 1533 2098 ipsa
1545 1988 1695 2071 civitate
1712 1987 1807 2070 Hie-

394 2138 562 2222 rusalem
588 2136 763 2222 concedit
791 2133 937 2218 curiam
969 2139 1006 2214 et
1036 2125 1302 2222 franchisiam,
1336 2122 1514 2206 intrando
1542 2131 1581 2204 et
1608 2121 1804 2227 exeund0,

394 2270 579 2354 mittendo
594 2279 633 2352 et
658 2267 906 2352 exomendo.

477 2485 574 2565 (Edld.
593 2487 748 2548 Furrruuo
764 2499 825 2543 nnn
840 2483 965 2580 sopco,
979 2479 1115 2544 Racccltu
1132 2480 1165 2542 di
1183 2479 1304 2563 diplomi
1323 2481 1443 2556 Pisani,
1465 2499 1496 2560 p.
1516 2487 1809 2560 rso,ctrunsumpto

515 2591 650 2652 authent.
667 2600 703 2652 rr
718 2591 828 2662 martti,
843 2605 913 2648 ann.
932 2591 1032 2663 tals.)

443 2776 654 2869 Fridericus,
682 2775 745 2847 Dei
764 2774 874 2869 gratia
891 2775 1124 2846 Romanorum
1142 2775 1338 2871 imperator,
1358 2797 1495 2872 semper
1508 2785 1695 2870 augustus,
1711 2777 1808 2850 leru-

396 2901 503 2973 salem
517 2907 552 2972 et
565 2899 681 2972 Sicilie
694 2921 770 2972 rex.
788 2897 981 2994 imperialis
997 2898 1201 2970 excellentie
1225 2899 1377 2990 dignitas
1400 2909 1484 2972 tunc
1497 2899 1599 2972 altius
1617 2898 1734 2971 titulos
1747 2921 1811 2974 sue

395 3023 510 3098 laudis
523 3025 654 3096 exaltat
673 3031 709 3094 et
726 3021 945 3095 subditorum
963 3031 1095 3093 mentes
1112 3021 1148 3092 in
1167 3021 1237 3095 fide
1256 3024 1470 3115 corroborat,
1497 3044 1576 3095 cum
1596 3021 1758 3096 fidelibus
1775 3032 1811 3096 et

397 3147 531 3221 devotis
554 3147 627 3219 suis
653 3144 759 3240 digna
788 3166 851 3240 pro
875 3145 1006 3216 meritis
1029 3144 1196 3218 beneficia
1222 3145 1405 3219 liberaliter
1427 3146 1605 3240 elargitur,
1628 3155 1664 3218 et
1688 3167 1809 3219 eorum

396 3270 549 3344 maxime
576 3291 723 3364 quorum
749 3267 837 3340 fides
854 3276 888 3340 et
918 3267 1057 3340 devotio
1079 3267 1174 3362 apud
1191 3289 1272 3340 eum
1298 3269 1430 3343 sincera
1449 3271 1579 3364 jugiter
1597 3279 1806 3364 perseverat.

397 3393 574 3466 Universis
588 3391 694 3486 igitur
708 3402 780 3464 tam
795 3391 1013 3488 presentibus
1031 3413 1136 3484 quarn
1152 3393 1276 3464 futuris
1295 3394 1457 3465 volumus
1471 3413 1547 3466 esse
1571 3404 1691 3466 notum
1713 3393 1810 3488 quod
1844 3456 1848 3466 .

397 3535 460 3589 nos
473 3517 640 3589 habentes
653 3537 715 3612 pre
728 3515 839 3588 oculis
854 3514 971 3588 fidelia
990 3514 1074 3587 satis
1087 3523 1123 3586 et
1138 3515 1241 3587 valde
1255 3527 1352 3610 grata
1373 3517 1513 3589 servitia
1533 3539 1603 3611 que
1618 3517 1806 3612 blalpillus,

397 3639 540 3736 Pipinns
556 3650 592 3712 et
604 3641 786 3731 Benectus,
804 3640 965 3712 consules
980 3638 1200 3728 Pisanorum,
1215 3649 1249 3712 et
1266 3639 1419 3712 universi
1433 3640 1545 3713 Pisani
1560 3649 1810 3712 commorantes

397 3763 434 3833 in
450 3763 589 3836 civitate
600 3771 718 3836 nostra
732 3761 879 3836 Acconis
893 3761 1012 3836 fideles
1027 3762 1148 3849 nostri,
1169 3763 1269 3834 nobis
1282 3763 1511 3836 existentibus
1525 3764 1560 3834 irr
1575 3764 1730 3858 partibus
1744 3763 1811 3835 cis·

398 3885 539 3958 marinis
552 3907 615 3982 pro
628 3886 769 3959 servitio
782 3888 863 3959 Jcsu
877 3885 1014 3974 Christi,
1030 3885 1199 3977 majestati
1214 3895 1328 3958 nostre
1345 3895 1413 3958 tam
1429 3886 1554 3958 devote
1569 3909 1672 3980 quam
1688 3886 1810 3960 lauda·

397 4008 511 4080 biliter
528 4011 757 4099 contulerunt,
782 4009 1006 4081 nibilominus
1020 4009 1162 4103 insuper
1174 4009 1221 4083 ad
1237 4010 1437 4082 memoriam
1452 4019 1652 4082 revocantes
1663 4009 1812 4104 qualiter

398 4131 521 4206 civitas
544 4133 700 4207 Pisarum
723 4141 758 4207 ct
776 4143 884 4206 totum
901 4133 1058 4226 ejusdem
1078 4153 1261 4206 commune
1277 4134 1394 4206 devoti
1413 4133 1532 4207 fideles
1556 4134 1663 4204 nostri
1686 4133 1810 4228 prede·

397 4257 740 4350 cessoribnsnnstris
770 4257 1051 4332 ierosolimitanis
1068 4257 1211 4351 regibus
1232 4257 1349 4329 inclite
1366 4255 1611 4329 recordationis
1635 4255 1756 4330 fideles
1773 4243 1810 4330 ir‘r

397 4381 559 4453 omnibus
585 4381 791 4456 adstiterunt
810 4391 846 4454 et
871 4381 1036 4477 precipue
1062 4383 1099 4451 in
1135 4381 1395 4453 conservatione
1419 4380 1642 4474 reliquiarum
1672 4381 1809 4453 illarum

395 4525 467 4597 que
492 4502 538 4578 de
558 4525 666 4599 regno
683 4505 759 4600 ipso
777 4515 1015 4578 remanserunt
1033 4504 1070 4574 in
1094 4511 1261 4599 potestate
1277 4513 1313 4576 st
1330 4505 1483 4577 dominio
1504 4503 1727 4597 eorumdem
1744 4525 1811 4578 vo-

398 4625 507 4699 lentes
522 4627 574 4700 cis
585 4635 750 4722 tanquam
763 4629 983 4702 benemeritis
997 4627 1044 4702 nd
1062 4627 1169 4722 digna
1179 4629 1311 4724 premia
1321 4629 1529 4724 respondere
1541 4638 1582 4700 ut
1595 4627 1682 4702 fides
1689 4649 1810 4702 eorum

398 4748 532 4845 aliquid
544 4750 765 4848 benignitatis
775 4761 810 4827 et
822 4753 932 4846 matie
955 4774 977 4826 a
991 4749 1227 4826 munificentia
1242 4762 1359 4827 nostra
1373 4773 1413 4828 se
1428 4753 1585 4849 gaudeat·
1598 4763 1807 4846 amecutrrm,
