4702 6110
370 641 470 702 horor.
485 637 530 718 4.]
820 629 1016 694 HISTORIA
1039 627 1330 692 ntrtottartctt.

605 939 1559 956 mmm*

427 1213 611 1298 ilenricus
633 1212 893 1296 Romanorum
915 1237 982 1296 rex
1001 1211 1110 1296 fratri
1124 1212 1328 1321 Rudolpbo
1349 1219 1387 1295 et
1402 1210 1682 1295 suecessoribus
1703 1210 1786 1323 ejus
1819 1241 1974 1350 thfffl·

374 1346 597 1459 praepositis
610 1346 756 1430 ordinis
772 1345 932 1430 Sanctae
953 1346 1093 1432 Mariae
1109 1346 1356 1457 Magdalenae
1377 1347 1418 1428 in
1441 1345 1668 1429 Alemannis
1684 1371 1786 1430 ron·

374 1481 474 1567 cedit
501 1491 545 1565 ut
569 1481 673 1566 bona
697 1479 863 1589 recipere
892 1479 1040 1588 possint
1067 1477 1357 1590 amagnatibus
1384 1505 1450 1562 sen
1479 1477 1789 1564 ministerialibus

374 1605 544 1724 imperii,
568 1613 657 1697 licet
670 1613 733 1696 isti
748 1639 771 1696 a
784 1612 979 1696 sciuerint
990 1610 1186 1695 infeodati.

458 1829 585 1910 (Edlder.
600 1825 935 1911 anema-*ramses
946 1825 1080 1903 must,
1092 1844 1161 1908 pars
1176 1837 1204 1902 2,
1218 1847 1250 1908 p.
1264 1836 1310 1890 so.
1321 1827 1535 1905 -Bonuuan,
1552 1825 1619 1891 Cod.
1635 1825 1786 1910 diplomat.

494 1934 732 2018 Moeaosroucofi,
745 1937 772 2015 1,
786 1953 814 2014 p.
830 1933 889 2015 55.)

402 2143 405 2150 ’
425 2121 607 2196 Heinricus
619 2121 787 2218 septimus
801 2118 922 2194 divina
937 2120 1076 2194 lavante
1089 2119 1270 2192 clementia
1283 2121 1516 2194 Romanomm
1532 2139 1597 2193 rex
1609 2129 1645 2194 et
1656 2141 1792 2218 semper

377 2257 567 2344 augustus,
587 2245 758 2320 universis
778 2244 814 2318 in
832 2251 1051 2340 perpetuum.
1072 2242 1118 2316 Ut
1133 2243 1181 2318 ad
1198 2255 1333 2318 nostms
1350 2252 1504 2340 posteros
1524 2252 1559 2318 et
1574 2265 1791 2320 successores

377 2370 582 2470 perveniant
602 2367 755 2442 firmiora
781 2390 822 2442 ea
847 2389 917 2462 que
940 2389 962 2440 a
988 2367 1089 2440 nobis
1114 2366 1355 2462 indulgentur,
1382 2367 1573 2440 litterarum
1597 2369 1791 2444 testimonio

378 2492 661 2570 commendamus
679 2513 724 2566 ne
743 2501 853 2565 tractu
875 2491 1039 2587 temporis
1064 2501 1275 2565 evanescant
1295 2512 1358 2565 seu
1383 2491 1571 2566 calliditate
1594 2493 1788 2590 cujuspiam

378 2619 606 2694 infirmentur.
636 2615 855 2690 Meminerint
885 2615 991 2710 igitur
1025 2625 1202 2711 presentes
1228 2625 1266 2688 et
1291 2625 1436 2689 noscam
1465 2615 1572 2688 tutari
1598 2615 1695 2710 quod
1727 2638 1791 2692 nos

378 2745 472 2818 fratri
487 2741 635 2817 ltudolto
650 2747 685 2814 et
701 2739 960 2814 successoribus
975 2739 1048 2813 suis
1072 2739 1254 2836 prepositis
1269 2738 1403 2812 ordinis
1415 2741 1540 2813 Sancte
1559 2739 1667 2814 Mario
1684 2741 1790 2836 blag-

379 2867 503 2944 dalena
526 2867 562 2940 in
586 2863 790 2939 Alamannia
818 2865 921 2937 talem
945 2863 1090 2936 fecimus
1114 2863 1258 2958 gratiam
1283 2871 1319 2936 et
1347 2862 1510 2938 dedimus
1530 2863 1724 2938 libertatem
1747 2875 1787 2938 ut

380 2992 531 3088 recipere
558 2989 692 3086 possint
715 2987 761 3062 de
792 2987 1013 3082 magnatibus
1038 2987 1164 3060 nostrie
1191 2996 1228 3061 et
1252 2987 1388 3084 imperii
1416 3010 1480 3062 seu
1508 2989 1788 3064 ministerialibus

378 3115 495 3190 omnia
507 3114 600 3188 bona
610 3135 681 3210 que
694 3112 781 3210 ipsis
796 3111 990 3186 devotionis
1005 3111 1134 3184 intuitu
1147 3111 1313 3186 duxerint
1328 3111 1548 3202 conterenda,
1564 3113 1644 3188 licet
1656 3114 1723 3210 ipsi
1739 3111 1790 3210 (o)

379 3239 519 3314 anobis
536 3238 606 3312 sint
624 3238 682 3312 vel
706 3236 834 3310 tuerint
852 3235 1029 3310 infeodati.
1054 3235 1097 3310 Et
1117 3237 1155 3310 in
1174 3236 1333 3333 ampliori
1355 3235 1524 3312 beneflcio
1544 3237 1575 3309 si
1595 3237 1789 3312 vixerimus

380 3360 536 3435 ordinem
562 3360 769 3458 premissum
798 3357 1012 3433 intendimus
1038 3360 1194 3434 exaltare
1221 3367 1258 3432 et
1278 3380 1500 3456 pmmorere3
1526 3360 1731 3436 mandantes
1757 3370 1793 3436 et

381 3507 442 3580 per
465 3485 611 3580 gratiam
630 3492 783 3558 nostram
800 3482 996 3558 firmissime
1021 3484 1250 3580 precipientes
1272 3492 1312 3556 ut
1337 3485 1455 3556 nullus
1472 3485 1518 3557 eit
1534 3485 1597 3579 qui
1615 3485 1792 3582 premissis

382 3609 527 3704 gratiam
541 3629 602 3682 seu
617 3609 808 3683 libertatem
826 3629 848 3680 a
867 3616 984 3682 nostra
997 3607 1181 3682 serenitate
1193 3606 1368 3704 provisam
1387 3607 1574 3704 intringere
1588 3609 1717 3683 audeat
1735 3611 1793 3685 vel

383 3733 594 3828 perturbare.
620 3732 724 3819 Quod
753 3733 816 3828 qui
844 3733 981 3825 feeerit,
1010 3733 1098 3806 bam
1128 3740 1279 3806 nostram
1304 3732 1429 3806 sentiet
1458 3754 1540 3806 oum
1567 3733 1708 3808 offensa.
1737 3735 1793 3811 Ad

384 3858 488 3948 hujus
503 3857 622 3954 itaque
640 3856 750 3953 gratie
767 3857 853 3952 ipsis
870 3857 1006 3930 indulte
1008 3908 1791 3932 ....................

383 3991 578 4076 presentem
607 3982 755 4054 litteram
778 3981 894 4075 sigillo
918 3988 1036 4054 nosuo
1060 3979 1307 4055 communitam
1334 3981 1420 4077 ipsis
1442 3983 1589 4056 fecimus
1608 3983 1790 4079 assignari.

432 4107 549 4180 Testes
566 4116 647 4180 sunt
659 4106 709 4180 hii
727 4106 881 4180 marchio
894 4108 1112 4182 Hermannus
1128 4105 1174 4180 de
1188 4103 1319 4199 Badcn,
1334 4107 1378 4178 ll.
1391 4107 1546 4181 marchio
1561 4107 1607 4182 de
1623 4108 1790 4204 Burgovr,

383 4230 422 4304 C.
449 4229 658 4326 burgravius
687 4229 734 4306 de
756 4230 1013 4323 Nuremberoh,
1032 4232 1071 4303 L.
1096 4239 1132 4304 et
1152 4231 1193 4303 Ε.
1217 4231 1339 4306 tratres
1361 4229 1407 4306 de
1424 4230 1662 4326 Grindellnha‚
1681 4234 1718 4308 C.
1747 4235 1793 4309 de

384 4352 535 4448 Staphs,
563 4352 786 4427 Burcbardus
820 4355 1017 4451 prepositus
1046 4353 1092 4428 de
1123 4351 1398 4449 Ascaphcnburg
1433 4356 1631 4453 capellanus
1658 4367 1791 4451 noster,

384 4477 594 4551 Wemhems
613 4478 768 4552 notanus
785 4487 914 4572 noster,
932 4479 1148 4552 Hermannus
1166 4476 1295 4551 visicus
1309 4475 1525 4576 (physicus),
1539 4481 1647 4554 etalii
1666 4503 1794 4577 qnam-

385 4603 503 4696 plures
519 4601 633 4674 clerici
650 4611 685 4674 et
697 4601 789 4674 laici.

427 4751 469 4831 (a)
492 4754 528 4816 ln
538 4755 689 4833 impressis
702 4755 785 4834 tpcta,
800 4755 890 4816 rnulc.
