4710 6076
384 701 481 760 lnnrcr.
500 693 540 780 1.]
841 684 1038 748 HISTORIA
1061 683 1353 746 blanonnttcs
1729 677 1788 738 3¹17

386 843 501 907 nosne
525 825 739 902 celsitudinis
759 845 798 896 se
819 821 953 894 noverit
976 820 1209 892 incursurum.
1235 816 1291 892 Ad
1316 817 1480 910 majorem
1501 815 1619 910 itaque
1640 812 1789 886 eviden-

388 955 471 1026 tiam
489 951 656 1048 prelibate
672 955 787 1021 nostre
802 943 1031 1018 concessionis
1047 950 1240 1038 presentem
1261 941 1423 1036 paginam
1443 938 1556 1034 sigillo
1580 945 1694 1010 nosue
1713 936 1788 1010 oel-

388 1075 550 1148 sitndinis
561 1073 729 1166 iussimus
746 1066 962 1141 communiri.

437 1194 571 1272 Datnm'
581 1194 677 1291 apud
692 1192 903 1277 Nnrinberc,
921 1210 1013 1263 anno
1028 1188 1201 1263 dominico
1219 1185 1462 1260 incarnationis
1485 1185 1536 1259 Μο
1559 1184 1624 1257 CC·
1646 1183 1710 1256 XX
1729 1205 1789 1257 oc-

390 1333 484 1414 tavo,
504 1319 691 1394 tredecimo
707 1315 873 1390 kalendas
886 1313 1038 1408 angusti,
1057 1311 1244 1384 indictione
1258 1311 1379 1408 prima.

398 1847 402 1858 ’
448 1885 631 1970 Henricus
645 1886 905 1970 Romanorum
920 1908 987 1965 rex
1004 1882 1180 1965 molesiae
1196 1881 1438 1992 Mogontiaco
1455 1881 1677 1992 confertius
1692 1883 1797 1992 qnod
1908 1893 1970 1988 τῇ·

397 2019 470 2102 sibi
485 2020 584 2102 circa
598 2018 790 2102 abbatiam
803 2016 1086 2101 Laurissensem
1100 2015 1267 2120 [Lorsch]
1282 2014 1530 2124 competebat.

479 2230 607 2310 (norma.
621 2230 780 2306 (isumus,
797 2228 865 2292 Cod.
880 2227 1045 2310 diplomat,
1066 2235 1137 2292 tom.
1153 2229 1183 2290 Π
1198 2227 1345 2305 anecdot„
1360 2246 1392 2308 p.
1407 2239 1456 2304 ⁵5,
1470 2233 1505 2290 ιιο
1519 2237 1568 2304 to,
1586 2230 1686 2292 minus
1701 2235 1801 2291 tanton

518 2340 632 2417 integre
644 2345 680 2400 nt
691 2343 777 2416 putat
788 2335 991 2416 Βοειιιιιοιιιι.)

450 2523 617 2597 ilenricns
630 2525 693 2597 Dei
709 2524 819 2618 gratia
836 2523 1067 2598 Romanorum
1085 2544 1150 2596 rex
1168 2532 1203 2596 et
1218 2544 1353 2618 semper
1367 2531 1548 2616 angustus,
1569 2521 1739 2596 universis
1756 2521 1802 2595 ad
1833 2549 1838 2565 ¹

402 2669 550 2742 quornm
563 2648 719 2720 notitiam
732 2669 873 2742 presens
886 2647 1052 2742 scriptum
1064 2646 1415 2742 perveneritsalntem
1429 2645 1695 2742 inperpetuum.
1712 2645 1804 2731 Que-

403 2792 553 2866 cnmque
579 2771 669 2844 lacta
693 2771 858 2843 memorie
881 2769 1157 2843 commendanda
1174 2769 1204 2841 si
1223 2769 1358 2865 scriptis
1384 2769 1565 2842 autenticis
1579 2768 1801 2858 muniantur,

403 2896 483 2991 plus
494 2895 621 2968 valoris
634 2894 789 2968 obtinent
801 2902 836 2966 et
848 2893 980 2986 vigoris
996 2903 1032 2966 et
1046 2893 1220 2966 difficilius
1232 2902 1451 2966 enervantur.
1468 2891 1554 2966 lnde
1567 2891 1726 2987 estquod
1742 2912 1807 2966 noe

404 3021 513 3113 gratia
540 3018 697 3114 specialis
721 3017 913 3090 dilectionis
936 3039 1042 3112 quarn
1065 3014 1235 3088 babemus
1259 3016 1304 3090 ad
1330 3017 1562 3090 venerabilem
1585 3025 1621 3088 et
1643 3015 1806 3088 dilectum

405 3142 595 3236 prinoipem
626 3151 780 3213 nostrum
810 3139 990 3213 dominnm
1034 3137 1200 3210 Silridnm
1237 3137 1532 3234 archiepiscopum
1568 3137 1808 3232 Maguntinum

406 3273 544 3358 propter
556 3265 677 3337 menta
698 3285 763 3336 sna
779 3264 870 3336 bona
892 3271 927 3336 et
944 3263 1088 3336 ecclesie
1104 3263 1305 3358 Magnntine
1321 3263 1499 3358 obsequia,
1521 3283 1590 3356 qno
1593 3315 1667 3334 .....
1685 3283 1808 3358 proge-

408 3386 576 3458 nitoribus
593 3387 716 3460 nostris
734 3387 867 3460 arisae
884 3387 985 3459 nobis
1001 3385 1154 3458 noscitur
1170 3385 1392 3480 impendisse,
1412 3387 1470 3478 jus
1485 3383 1579 3480 qnod
1597 3385 1697 3458 nobis
1718 3386 1808 3458 cirea

409 3509 582 3582 abhatiam
604 3513 812 3584 laurensem
837 3511 958 3584 merito
984 3509 1200 3606 competebat
1223 3508 1431 3581 contulimus
1456 3517 1641 3584 memorato
1666 3507 1809 3582 aecimis

410 3629 609 3722 maguntine
622 3630 686 3729 (l).
706 3632 807 3718 Quod
826 3642 865 3706 ut
877 3642 989 3706 ratum
1006 3642 1042 3706 et
1055 3631 1254 3706 inviolabile
1266 3631 1480 3720 observetur,
1498 3640 1627 3705 cartam
1641 3630 1741 3704 istam
1760 3629 1809 3702 si·

412 3752 493 3846 gillo
509 3761 624 3826 nostro
637 3756 781 3828 lecimus
794 3757 959 3830 roborari.

461 3875 565 3968 Cujus
585 3876 783 3951 factitantes
803 3887 883 3951 sunt
899 3878 1061 3952 Albertus
1081 3877 1356 3974 archiepiscopus
1376 3877 1701 3972 Magdebnrgensis,
1720 3879 1811 3952 ilen-

413 3998 506 4070 ricus
529 3997 711 4095 episcopus
734 4000 963 4095 Eystetensis,
988 4001 1199 4076 Ludewious
1230 4021 1345 4074 comen
1372 4000 1546 4096 palatinus
1564 4000 1650 4074 lieni
1674 4009 1709 4074 et
1735 4001 1812 4076 dnx

415 4121 576 4213 bavarie,
602 4123 777 4218 anoldus
796 4122 873 4196 dux
893 4123 1049 4216 Ananis,
1078 4125 1157 4198 Otto
1177 4123 1254 4198 dux
1276 4123 1442 4214 Meuania,
1469 4123 1637 4197 llenncns
1659 4125 1812 4200 marchio

409 4245 527 4336 istria,
544 4247 662 4340 Boppo
680 4266 795 4318 comes
812 4246 858 4320 de
875 4247 1095 4339 Henneberg‚
1115 4246 1291 4320 Conradus
1307 4247 1535 4341 burcgravius
1550 4245 1595 4321 de
1609 4249 1811 4341 Nurmberc,

416 4365 608 4442 Fridaricns
633 4367 678 4442 de
695 4369 977 4464 Tmbendingen,
999 4368 1179 4442 Bertoldns
1200 4370 1303 4443 trater
1324 4367 1449 4442 domus
1472 4369 1677 4464 Thentonie,
1701 4373 1815 4446 Willi-

455 4673 496 4828 pp
511 4673 551 4730 m.
563 4673 617 4732 nuo
628 4675 771 4751 apeme
788 4631 994 4750 ommam,
1007 4675 1134 4734 senec
1150 4674 1251 4735 emer
1266 4675 1434 4751 mnodum
1449 4675 1594 4736 enemo
1611 4677 1708 4750 mas,
1726 4693 1820 4738 nus

419 4786 435 4826 a
470 4769 494 4782 ''
509 4774 589 4832 taen.
1118 4807 1121 4813 ·
1385 4821 1389 4832 .
1511 4799 1515 4810 ·
1625 4803 1628 4808 ·

436 4785 454 4844 p
518 4871 574 4934 ιιι.
1625 4883 1664 4936 ss
