<?xml version="1.0" encoding="UTF-8"?>
<!DOCTYPE html PUBLIC "-//W3C//DTD XHTML 1.0 Transitional//EN"
    "http://www.w3.org/TR/xhtml1/DTD/xhtml1-transitional.dtd">
<html xmlns="http://www.w3.org/1999/xhtml" xml:lang="en" lang="en">
 <head>
  <title>
</title>
<meta http-equiv="Content-Type" content="text/html;charset=utf-8" />
  <meta name='ocr-system' content='tesseract 3.04.00' />
  <meta name='ocr-capabilities' content='ocr_page ocr_carea ocr_par ocr_line ocrx_word'/>
</head>
<body>
  <div class='ocr_page' id='page_1' title='image "./historiadiploma03fredgoog/historiadiploma03fredgoog_0432.png"; bbox 0 0 4702 6110; ppageno 0'>
   <div class='ocr_carea' id='block_1_1' title="bbox 457 549 1874 638">
    <p class='ocr_par' dir='ltr' id='par_1_1' title="bbox 457 549 1874 638">
     <span class='ocr_line' id='line_1_1' title="bbox 457 549 1874 638; baseline -0.006 -22"><span class='ocrx_word' id='word_1_1' title='bbox 457 555 558 618; x_wconf 83' lang='lat' dir='ltr'><strong>lucrer.</strong></span> <span class='ocrx_word' id='word_1_2' title='bbox 574 553 617 638; x_wconf 84' lang='lat'><strong>3.]</strong></span> <span class='ocrx_word' id='word_1_3' title='bbox 908 551 1106 613; x_wconf 77' lang='lat' dir='ltr'><strong>lllS&#39;l&#39;Olllll</strong></span> <span class='ocrx_word' id='word_1_4' title='bbox 1130 549 1421 612; x_wconf 76' lang='lat' dir='ltr'><strong>bretonnttcn.</strong></span> <span class='ocrx_word' id='word_1_5' title='bbox 1811 549 1874 608; x_wconf 68' lang='lat' dir='ltr'><strong>te‘t</strong></span> 
     </span>
    </p>
   </div>
   <div class='ocr_carea' id='block_1_2' title="bbox 441 711 1873 2544">
    <p class='ocr_par' dir='ltr' id='par_1_2' title="bbox 441 711 1873 2052">
     <span class='ocr_line' id='line_1_2' title="bbox 441 711 1873 810; baseline -0.004 -20"><span class='ocrx_word' id='word_1_6' title='bbox 441 741 555 790; x_wconf 85' lang='lat' dir='ltr'><strong>num.</strong></span> <span class='ocrx_word' id='word_1_7' title='bbox 572 715 771 790; x_wconf 90' lang='lat' dir='ltr'><strong>Laudabilis</strong></span> <span class='ocrx_word' id='word_1_8' title='bbox 791 724 843 788; x_wconf 86' lang='lat' dir='ltr'><strong>est</strong></span> <span class='ocrx_word' id='word_1_9' title='bbox 863 715 1031 810; x_wconf 79' lang='lat' dir='ltr'><strong>scripture</strong></span> <span class='ocrx_word' id='word_1_10' title='bbox 1050 713 1224 804; x_wconf 89' lang='lat' dir='ltr'><strong>custodia;</strong></span> <span class='ocrx_word' id='word_1_11' title='bbox 1252 713 1508 806; x_wconf 81' lang='lat' dir='ltr'><strong>emergentibus</strong></span> <span class='ocrx_word' id='word_1_12' title='bbox 1531 711 1624 784; x_wconf 92' lang='lat' dir='ltr'><strong>enim</strong></span> <span class='ocrx_word' id='word_1_13' title='bbox 1642 711 1791 782; x_wconf 90' lang='lat' dir='ltr'><strong>occurrit</strong></span> <span class='ocrx_word' id='word_1_14' title='bbox 1811 733 1873 784; x_wconf 88' lang='lat' dir='ltr'><strong>ca-</strong></span> 
     </span>
     <span class='ocr_line' id='line_1_3' title="bbox 457 833 1872 937; baseline -0.006 -23"><span class='ocrx_word' id='word_1_15' title='bbox 457 841 621 937; x_wconf 88' lang='lat' dir='ltr'><strong>lumpniis</strong></span> <span class='ocrx_word' id='word_1_16' title='bbox 643 849 677 912; x_wconf 93' lang='lat' dir='ltr'><strong>et</strong></span> <span class='ocrx_word' id='word_1_17' title='bbox 693 849 868 934; x_wconf 89' lang='lat' dir='ltr'><strong>gestarum</strong></span> <span class='ocrx_word' id='word_1_18' title='bbox 890 860 1006 911; x_wconf 89' lang='lat' dir='ltr'><strong>rerum</strong></span> <span class='ocrx_word' id='word_1_19' title='bbox 1026 839 1149 911; x_wconf 89' lang='lat' dir='ltr'><strong>seriem</strong></span> <span class='ocrx_word' id='word_1_20' title='bbox 1175 837 1270 912; x_wconf 89' lang='lat' dir='ltr'><strong>nuda</strong></span> <span class='ocrx_word' id='word_1_21' title='bbox 1297 837 1449 932; x_wconf 91' lang='lat' dir='ltr'><strong>loquitur</strong></span> <span class='ocrx_word' id='word_1_22' title='bbox 1474 835 1628 908; x_wconf 86' lang='lat' dir='ltr'><strong>veritate.</strong></span> <span class='ocrx_word' id='word_1_23' title='bbox 1657 833 1872 908; x_wconf 90' lang='lat' dir='ltr'><strong>Meminerint</strong></span> 
     </span>
     <span class='ocr_line' id='line_1_4' title="bbox 456 952 1872 1061; baseline -0.005 -25"><span class='ocrx_word' id='word_1_24' title='bbox 456 965 565 1058; x_wconf 90' lang='lat' dir='ltr'><strong>igitur</strong></span> <span class='ocrx_word' id='word_1_25' title='bbox 585 973 760 1061; x_wconf 81' lang='lat' dir='ltr'><strong>presentes</strong></span> <span class='ocrx_word' id='word_1_26' title='bbox 785 973 820 1036; x_wconf 89' lang='lat' dir='ltr'><strong>et</strong></span> <span class='ocrx_word' id='word_1_27' title='bbox 844 971 987 1036; x_wconf 87' lang='lat' dir='ltr'><strong>noscant</strong></span> <span class='ocrx_word' id='word_1_28' title='bbox 1013 962 1120 1034; x_wconf 83' lang='lat' dir='ltr'><strong>futuri</strong></span> <span class='ocrx_word' id='word_1_29' title='bbox 1150 952 1249 1056; x_wconf 86' lang='lat' dir='ltr'><strong>quod</strong></span> <span class='ocrx_word' id='word_1_30' title='bbox 1273 963 1479 1034; x_wconf 89' lang='lat' dir='ltr'><strong>constitutus</strong></span> <span class='ocrx_word' id='word_1_31' title='bbox 1504 981 1619 1032; x_wconf 90' lang='lat' dir='ltr'><strong>coram</strong></span> <span class='ocrx_word' id='word_1_32' title='bbox 1640 958 1741 1031; x_wconf 90' lang='lat' dir='ltr'><strong>uobis</strong></span> <span class='ocrx_word' id='word_1_33' title='bbox 1767 959 1872 1032; x_wconf 91' lang='lat' dir='ltr'><strong>Pere-</strong></span> 
     </span>
     <span class='ocr_line' id='line_1_5' title="bbox 456 1084 1871 1184; baseline -0.001 -24"><span class='ocrx_word' id='word_1_34' title='bbox 456 1089 578 1184; x_wconf 87' lang='lat' dir='ltr'><strong>grinus</strong></span> <span class='ocrx_word' id='word_1_35' title='bbox 595 1087 704 1160; x_wconf 87' lang='lat' dir='ltr'><strong>abbas</strong></span> <span class='ocrx_word' id='word_1_36' title='bbox 721 1089 766 1161; x_wconf 93' lang='lat' dir='ltr'><strong>dc</strong></span> <span class='ocrx_word' id='word_1_37' title='bbox 784 1085 979 1160; x_wconf 88' lang='lat' dir='ltr'><strong>Wilzeburc</strong></span> <span class='ocrx_word' id='word_1_38' title='bbox 993 1085 1142 1159; x_wconf 78' lang='lat' dir='ltr'><strong>obtinuit</strong></span> <span class='ocrx_word' id='word_1_39' title='bbox 1160 1087 1250 1159; x_wconf 87' lang='lat' dir='ltr'><strong>bona</strong></span> <span class='ocrx_word' id='word_1_40' title='bbox 1265 1085 1425 1159; x_wconf 84' lang='lat' dir='ltr'><strong>liuderen</strong></span> <span class='ocrx_word' id='word_1_41' title='bbox 1442 1095 1476 1158; x_wconf 92' lang='lat' dir='ltr'><strong>et</strong></span> <span class='ocrx_word' id='word_1_42' title='bbox 1487 1085 1651 1156; x_wconf 87' lang='lat' dir='ltr'><strong>universa</strong></span> <span class='ocrx_word' id='word_1_43' title='bbox 1667 1084 1871 1179; x_wconf 89' lang='lat' dir='ltr'><strong>appendicia</strong></span> 
     </span>
     <span class='ocr_line' id='line_1_6' title="bbox 456 1209 1871 1305; baseline -0.001 -21"><span class='ocrx_word' id='word_1_44' title='bbox 456 1213 531 1305; x_wconf 89' lang='lat' dir='ltr'><strong>ejus</strong></span> <span class='ocrx_word' id='word_1_45' title='bbox 546 1209 636 1284; x_wconf 89' lang='lat' dir='ltr'><strong>sicut</strong></span> <span class='ocrx_word' id='word_1_46' title='bbox 649 1209 762 1283; x_wconf 85' lang='lat' dir='ltr'><strong>edixit</strong></span> <span class='ocrx_word' id='word_1_47' title='bbox 778 1210 868 1302; x_wconf 77' lang='lat' dir='ltr'><strong>Juris</strong></span> <span class='ocrx_word' id='word_1_48' title='bbox 882 1211 981 1298; x_wconf 89' lang='lat' dir='ltr'><strong>ordo,</strong></span> <span class='ocrx_word' id='word_1_49' title='bbox 1001 1219 1041 1282; x_wconf 89' lang='lat' dir='ltr'><strong>nt</strong></span> <span class='ocrx_word' id='word_1_50' title='bbox 1055 1209 1193 1283; x_wconf 90' lang='lat' dir='ltr'><strong>racione</strong></span> <span class='ocrx_word' id='word_1_51' title='bbox 1212 1211 1438 1304; x_wconf 76' lang='lat' dir='ltr'><strong>obligationis</strong></span> <span class='ocrx_word' id='word_1_52' title='bbox 1456 1209 1625 1304; x_wconf 90' lang='lat' dir='ltr'><strong>prelibato</strong></span> <span class='ocrx_word' id='word_1_53' title='bbox 1645 1209 1789 1282; x_wconf 92' lang='lat' dir='ltr'><strong>cenobio</strong></span> <span class='ocrx_word' id='word_1_54' title='bbox 1810 1209 1871 1283; x_wconf 92' lang='lat' dir='ltr'><strong>de·</strong></span> 
     </span>
     <span class='ocr_line' id='line_1_7' title="bbox 456 1331 1872 1431; baseline 0 -23"><span class='ocrx_word' id='word_1_55' title='bbox 456 1335 561 1408; x_wconf 85' lang='lat' dir='ltr'><strong>beant</strong></span> <span class='ocrx_word' id='word_1_56' title='bbox 578 1333 788 1408; x_wconf 89' lang='lat' dir='ltr'><strong>subservire.</strong></span> <span class='ocrx_word' id='word_1_57' title='bbox 808 1333 1015 1408; x_wconf 85' lang='lat' dir='ltr'><strong>Mandemus</strong></span> <span class='ocrx_word' id='word_1_58' title='bbox 1034 1333 1150 1427; x_wconf 89' lang='lat' dir='ltr'><strong>itaque</strong></span> <span class='ocrx_word' id='word_1_59' title='bbox 1166 1356 1230 1429; x_wconf 92' lang='lat' dir='ltr'><strong>per</strong></span> <span class='ocrx_word' id='word_1_60' title='bbox 1244 1335 1390 1428; x_wconf 81' lang='lat' dir='ltr'><strong>gratiam</strong></span> <span class='ocrx_word' id='word_1_61' title='bbox 1408 1343 1559 1406; x_wconf 90' lang='lat' dir='ltr'><strong>nostram</strong></span> <span class='ocrx_word' id='word_1_62' title='bbox 1578 1331 1772 1405; x_wconf 86' lang='lat' dir='ltr'><strong>firmissime</strong></span> <span class='ocrx_word' id='word_1_63' title='bbox 1789 1357 1872 1431; x_wconf 92' lang='lat' dir='ltr'><strong>pre—</strong></span> 
     </span>
     <span class='ocr_line' id='line_1_8' title="bbox 456 1457 1871 1555; baseline 0 -23"><span class='ocrx_word' id='word_1_64' title='bbox 456 1459 624 1555; x_wconf 87' lang='lat' dir='ltr'><strong>cipientes</strong></span> <span class='ocrx_word' id='word_1_65' title='bbox 640 1467 681 1530; x_wconf 91' lang='lat' dir='ltr'><strong>nt</strong></span> <span class='ocrx_word' id='word_1_66' title='bbox 702 1459 821 1532; x_wconf 88' lang='lat' dir='ltr'><strong>nullus</strong></span> <span class='ocrx_word' id='word_1_67' title='bbox 841 1459 886 1532; x_wconf 90' lang='lat' dir='ltr'><strong>sit</strong></span> <span class='ocrx_word' id='word_1_68' title='bbox 903 1457 965 1553; x_wconf 88' lang='lat' dir='ltr'><strong>qui</strong></span> <span class='ocrx_word' id='word_1_69' title='bbox 986 1457 1194 1555; x_wconf 88' lang='lat' dir='ltr'><strong>prelibatum</strong></span> <span class='ocrx_word' id='word_1_70' title='bbox 1214 1459 1374 1532; x_wconf 88' lang='lat' dir='ltr'><strong>abbatem</strong></span> <span class='ocrx_word' id='word_1_71' title='bbox 1392 1459 1429 1532; x_wconf 92' lang='lat' dir='ltr'><strong>in</strong></span> <span class='ocrx_word' id='word_1_72' title='bbox 1448 1457 1546 1530; x_wconf 90' lang='lat' dir='ltr'><strong>bonis</strong></span> <span class='ocrx_word' id='word_1_73' title='bbox 1564 1479 1679 1530; x_wconf 93' lang='lat' dir='ltr'><strong>coram</strong></span> <span class='ocrx_word' id='word_1_74' title='bbox 1698 1457 1798 1531; x_wconf 91' lang='lat' dir='ltr'><strong>nobis</strong></span> <span class='ocrx_word' id='word_1_75' title='bbox 1815 1481 1871 1533; x_wconf 91' lang='lat' dir='ltr'><strong>ra·</strong></span> 
     </span>
     <span class='ocr_line' id='line_1_9' title="bbox 456 1581 1867 1680; baseline 0.001 -27"><span class='ocrx_word' id='word_1_76' title='bbox 456 1583 666 1656; x_wconf 87' lang='lat' dir='ltr'><strong>tinnabiliter</strong></span> <span class='ocrx_word' id='word_1_77' title='bbox 691 1581 840 1655; x_wconf 89' lang='lat' dir='ltr'><strong>obtentis</strong></span> <span class='ocrx_word' id='word_1_78' title='bbox 875 1582 1003 1656; x_wconf 87' lang='lat' dir='ltr'><strong>audeat</strong></span> <span class='ocrx_word' id='word_1_79' title='bbox 1030 1583 1198 1680; x_wconf 90' lang='lat' dir='ltr'><strong>impedire</strong></span> <span class='ocrx_word' id='word_1_80' title='bbox 1225 1592 1286 1655; x_wconf 91' lang='lat' dir='ltr'><strong>aut</strong></span> <span class='ocrx_word' id='word_1_81' title='bbox 1313 1583 1504 1679; x_wconf 90' lang='lat' dir='ltr'><strong>dampnum</strong></span> <span class='ocrx_word' id='word_1_82' title='bbox 1535 1581 1677 1676; x_wconf 91' lang='lat' dir='ltr'><strong>aliquod</strong></span> <span class='ocrx_word' id='word_1_83' title='bbox 1704 1583 1867 1677; x_wconf 87' lang='lat' dir='ltr'><strong>irrogare.</strong></span> 
     </span>
     <span class='ocr_line' id='line_1_10' title="bbox 456 1705 1869 1801; baseline 0 -21"><span class='ocrx_word' id='word_1_84' title='bbox 456 1705 559 1793; x_wconf 84' lang='lat' dir='ltr'><strong>Quod</strong></span> <span class='ocrx_word' id='word_1_85' title='bbox 573 1707 634 1801; x_wconf 93' lang='lat' dir='ltr'><strong>qui</strong></span> <span class='ocrx_word' id='word_1_86' title='bbox 650 1705 767 1779; x_wconf 86' lang='lat' dir='ltr'><strong>iecerit</strong></span> <span class='ocrx_word' id='word_1_87' title='bbox 782 1707 1022 1799; x_wconf 87' lang='lat' dir='ltr'><strong>gravissimam</strong></span> <span class='ocrx_word' id='word_1_88' title='bbox 1038 1707 1124 1778; x_wconf 90' lang='lat' dir='ltr'><strong>iram</strong></span> <span class='ocrx_word' id='word_1_89' title='bbox 1141 1715 1292 1780; x_wconf 87' lang='lat' dir='ltr'><strong>nostram</strong></span> <span class='ocrx_word' id='word_1_90' title='bbox 1308 1707 1438 1780; x_wconf 90' lang='lat' dir='ltr'><strong>senciet</strong></span> <span class='ocrx_word' id='word_1_91' title='bbox 1452 1715 1487 1780; x_wconf 91' lang='lat' dir='ltr'><strong>et</strong></span> <span class='ocrx_word' id='word_1_92' title='bbox 1501 1705 1679 1778; x_wconf 83' lang='lat' dir='ltr'><strong>offensam.</strong></span> <span class='ocrx_word' id='word_1_93' title='bbox 1697 1707 1740 1778; x_wconf 92' lang='lat' dir='ltr'><strong>Ut</strong></span> <span class='ocrx_word' id='word_1_94' title='bbox 1754 1717 1869 1780; x_wconf 88' lang='lat' dir='ltr'><strong>autern</strong></span> 
     </span>
     <span class='ocr_line' id='line_1_11' title="bbox 458 1831 1870 1927; baseline 0.001 -24"><span class='ocrx_word' id='word_1_95' title='bbox 458 1831 624 1926; x_wconf 90' lang='lat' dir='ltr'><strong>premissa</strong></span> <span class='ocrx_word' id='word_1_96' title='bbox 639 1841 840 1927; x_wconf 89' lang='lat' dir='ltr'><strong>perpetuam</strong></span> <span class='ocrx_word' id='word_1_97' title='bbox 861 1841 999 1906; x_wconf 86' lang='lat' dir='ltr'><strong>teneant</strong></span> <span class='ocrx_word' id='word_1_98' title='bbox 1015 1831 1222 1923; x_wconf 89' lang='lat' dir='ltr'><strong>firmitatem,</strong></span> <span class='ocrx_word' id='word_1_99' title='bbox 1241 1841 1435 1927; x_wconf 86' lang='lat' dir='ltr'><strong>presentem</strong></span> <span class='ocrx_word' id='word_1_100' title='bbox 1459 1832 1605 1904; x_wconf 85' lang='lat' dir='ltr'><strong>litteram</strong></span> <span class='ocrx_word' id='word_1_101' title='bbox 1626 1831 1738 1924; x_wconf 87' lang='lat' dir='ltr'><strong>sigillo</strong></span> <span class='ocrx_word' id='word_1_102' title='bbox 1756 1841 1870 1904; x_wconf 88' lang='lat' dir='ltr'><strong>nostro</strong></span> 
     </span>
     <span class='ocr_line' id='line_1_12' title="bbox 457 1955 1291 2052; baseline -0.001 -24"><span class='ocrx_word' id='word_1_103' title='bbox 457 1955 704 2028; x_wconf 89' lang='lat' dir='ltr'><strong>communitam</strong></span> <span class='ocrx_word' id='word_1_104' title='bbox 720 1955 785 2052; x_wconf 92' lang='lat' dir='ltr'><strong>ipsi</strong></span> <span class='ocrx_word' id='word_1_105' title='bbox 801 1957 945 2030; x_wconf 92' lang='lat' dir='ltr'><strong>cenobio</strong></span> <span class='ocrx_word' id='word_1_106' title='bbox 959 1957 1103 2030; x_wconf 83' lang='lat' dir='ltr'><strong>lecimus</strong></span> <span class='ocrx_word' id='word_1_107' title='bbox 1121 1955 1291 2030; x_wconf 83' lang='lat' dir='ltr'><strong>exhiberi.</strong></span> 
     </span>
    </p>

    <p class='ocr_par' dir='ltr' id='par_1_3' title="bbox 457 2077 1870 2300">
     <span class='ocr_line' id='line_1_13' title="bbox 506 2077 1870 2176; baseline 0.004 -28"><span class='ocrx_word' id='word_1_108' title='bbox 506 2078 622 2152; x_wconf 89' lang='lat' dir='ltr'><strong>Testes</strong></span> <span class='ocrx_word' id='word_1_109' title='bbox 649 2079 699 2151; x_wconf 92' lang='lat' dir='ltr'><strong>hii</strong></span> <span class='ocrx_word' id='word_1_110' title='bbox 722 2089 804 2152; x_wconf 90' lang='lat' dir='ltr'><strong>sunt</strong></span> <span class='ocrx_word' id='word_1_111' title='bbox 826 2077 1004 2153; x_wconf 87' lang='lat' dir='ltr'><strong>Gotiridus</strong></span> <span class='ocrx_word' id='word_1_112' title='bbox 1028 2079 1073 2154; x_wconf 91' lang='lat' dir='ltr'><strong>de</strong></span> <span class='ocrx_word' id='word_1_113' title='bbox 1093 2079 1304 2169; x_wconf 89' lang='lat' dir='ltr'><strong>llobinloeh,</strong></span> <span class='ocrx_word' id='word_1_114' title='bbox 1325 2079 1460 2152; x_wconf 89' lang='lat' dir='ltr'><strong>Ulricns</strong></span> <span class='ocrx_word' id='word_1_115' title='bbox 1478 2079 1523 2154; x_wconf 92' lang='lat' dir='ltr'><strong>de</strong></span> <span class='ocrx_word' id='word_1_116' title='bbox 1541 2079 1734 2176; x_wconf 86' lang='lat' dir='ltr'><strong>Spileberc,</strong></span> <span class='ocrx_word' id='word_1_117' title='bbox 1761 2081 1803 2152; x_wconf 93' lang='grc' dir='ltr'><strong>Η.</strong></span> <span class='ocrx_word' id='word_1_118' title='bbox 1825 2081 1870 2154; x_wconf 92' lang='lat' dir='ltr'><strong>de</strong></span> 
     </span>
     <span class='ocr_line' id='line_1_14' title="bbox 457 2201 1584 2300; baseline 0.001 -26"><span class='ocrx_word' id='word_1_119' title='bbox 457 2201 597 2295; x_wconf 86' lang='lat' dir='ltr'><strong>Salacb,</strong></span> <span class='ocrx_word' id='word_1_120' title='bbox 613 2203 732 2277; x_wconf 83' lang='lat' dir='ltr'><strong>iratres</strong></span> <span class='ocrx_word' id='word_1_121' title='bbox 751 2204 795 2279; x_wconf 91' lang='lat' dir='ltr'><strong>de</strong></span> <span class='ocrx_word' id='word_1_122' title='bbox 814 2204 1033 2295; x_wconf 87' lang='lat' dir='ltr'><strong>Grindelach,</strong></span> <span class='ocrx_word' id='word_1_123' title='bbox 1051 2205 1206 2278; x_wconf 82' lang='lat' dir='ltr'><strong>llinsmul</strong></span> <span class='ocrx_word' id='word_1_124' title='bbox 1223 2213 1257 2277; x_wconf 91' lang='lat' dir='ltr'><strong>et</strong></span> <span class='ocrx_word' id='word_1_125' title='bbox 1274 2205 1333 2277; x_wconf 94' lang='lat' dir='ltr'><strong>alii</strong></span> <span class='ocrx_word' id='word_1_126' title='bbox 1349 2206 1584 2300; x_wconf 86' lang='lat' dir='ltr'><strong>quamplures.</strong></span> 
     </span>
    </p>

    <p class='ocr_par' dir='ltr' id='par_1_4' title="bbox 461 2327 1869 2544">
     <span class='ocr_line' id='line_1_15' title="bbox 505 2327 1869 2426; baseline 0.003 -30"><span class='ocrx_word' id='word_1_127' title='bbox 505 2327 632 2398; x_wconf 91' lang='lat' dir='ltr'><strong>Datum</strong></span> <span class='ocrx_word' id='word_1_128' title='bbox 649 2329 744 2422; x_wconf 88' lang='lat' dir='ltr'><strong>apud</strong></span> <span class='ocrx_word' id='word_1_129' title='bbox 762 2329 962 2402; x_wconf 90' lang='lat' dir='ltr'><strong>Wizinburc</strong></span> <span class='ocrx_word' id='word_1_130' title='bbox 979 2328 1046 2426; x_wconf 80' lang='lat' dir='ltr'><strong>(t),</strong></span> <span class='ocrx_word' id='word_1_131' title='bbox 1061 2349 1153 2403; x_wconf 86' lang='lat' dir='ltr'><strong>anno</strong></span> <span class='ocrx_word' id='word_1_132' title='bbox 1171 2329 1415 2402; x_wconf 89' lang='lat' dir='ltr'><strong>incamatiouis</strong></span> <span class='ocrx_word' id='word_1_133' title='bbox 1428 2327 1565 2401; x_wconf 90' lang='lat' dir='ltr'><strong>Domini</strong></span> <span class='ocrx_word' id='word_1_134' title='bbox 1582 2327 1809 2422; x_wconf 69' lang='lat' dir='ltr'><strong>ntccnxtt,</strong></span> <span class='ocrx_word' id='word_1_135' title='bbox 1826 2330 1869 2402; x_wconf 95' lang='lat' dir='ltr'><strong>lll</strong></span> 
     </span>
     <span class='ocr_line' id='line_1_16' title="bbox 461 2447 938 2544; baseline 0.008 -24"><span class='ocrx_word' id='word_1_136' title='bbox 461 2447 541 2521; x_wconf 90' lang='lat' dir='ltr'><strong>idus</strong></span> <span class='ocrx_word' id='word_1_137' title='bbox 551 2450 644 2544; x_wconf 88' lang='lat' dir='ltr'><strong>julii,</strong></span> <span class='ocrx_word' id='word_1_138' title='bbox 665 2450 856 2526; x_wconf 84' lang='lat' dir='ltr'><strong>indictione</strong></span> <span class='ocrx_word' id='word_1_139' title='bbox 870 2453 938 2524; x_wconf 90' lang='lat' dir='ltr'><strong>lll·.</strong></span> 
     </span>
    </p>
   </div>
   <div class='ocr_carea' id='block_1_3' title="bbox 510 3067 2080 3204">
    <p class='ocr_par' dir='ltr' id='par_1_5' title="bbox 510 3067 2080 3204">
     <span class='ocr_line' id='line_1_17' title="bbox 510 3067 2080 3204; baseline 0.003 -54"><span class='ocrx_word' id='word_1_140' title='bbox 510 3067 694 3152; x_wconf 88' lang='lat' dir='ltr'><strong>Henrious</strong></span> <span class='ocrx_word' id='word_1_141' title='bbox 716 3069 976 3152; x_wconf 87' lang='lat' dir='ltr'><strong>Romanorum</strong></span> <span class='ocrx_word' id='word_1_142' title='bbox 1003 3093 1070 3152; x_wconf 87' lang='lat' dir='ltr'><strong>rex</strong></span> <span class='ocrx_word' id='word_1_143' title='bbox 1093 3069 1294 3152; x_wconf 84' lang='lat' dir='ltr'><strong>coufirmat</strong></span> <span class='ocrx_word' id='word_1_144' title='bbox 1315 3069 1541 3151; x_wconf 85' lang='lat' dir='ltr'><strong>erectionem</strong></span> <span class='ocrx_word' id='word_1_145' title='bbox 1564 3095 1682 3179; x_wconf 90' lang='lat' dir='ltr'><strong>quam</strong></span> <span class='ocrx_word' id='word_1_146' title='bbox 1703 3069 1874 3156; x_wconf 88' lang='lat' dir='ltr'><strong>fecerunt</strong></span> <span class='ocrx_word' id='word_1_147' title='bbox 1898 3094 2080 3204; x_wconf 52' lang='lat' dir='ltr'><strong>[gfflffiq</strong></span> 
     </span>
    </p>
   </div>
   <div class='ocr_carea' id='block_1_4' title="bbox 456 3198 2056 3444">
    <p class='ocr_par' dir='ltr' id='par_1_6' title="bbox 456 3198 2056 3444">
     <span class='ocr_line' id='line_1_18' title="bbox 456 3198 2056 3311; baseline 0.003 -29"><span class='ocrx_word' id='word_1_148' title='bbox 456 3199 643 3283; x_wconf 89' lang='lat' dir='ltr'><strong>Henrious</strong></span> <span class='ocrx_word' id='word_1_149' title='bbox 660 3201 859 3310; x_wconf 89' lang='lat' dir='ltr'><strong>episcopus</strong></span> <span class='ocrx_word' id='word_1_150' title='bbox 875 3200 1093 3283; x_wconf 79' lang='lat' dir='ltr'><strong>basiliensis</strong></span> <span class='ocrx_word' id='word_1_151' title='bbox 1109 3210 1147 3283; x_wconf 92' lang='lat' dir='ltr'><strong>et</strong></span> <span class='ocrx_word' id='word_1_152' title='bbox 1161 3198 1372 3309; x_wconf 91' lang='lat' dir='ltr'><strong>capitulum</strong></span> <span class='ocrx_word' id='word_1_153' title='bbox 1390 3199 1473 3311; x_wconf 88' lang='lat' dir='ltr'><strong>ejus</strong></span> <span class='ocrx_word' id='word_1_154' title='bbox 1495 3201 1544 3284; x_wconf 90' lang='lat' dir='ltr'><strong>de</strong></span> <span class='ocrx_word' id='word_1_155' title='bbox 1566 3201 1723 3286; x_wconf 88' lang='lat' dir='ltr'><strong>ecclesia</strong></span> <span class='ocrx_word' id='word_1_156' title='bbox 1744 3205 1870 3287; x_wconf 87' lang='lat' dir='ltr'><strong>Sancti</strong></span> <span class='ocrx_word' id='word_1_157' title='bbox 1922 3203 2056 3310; x_wconf 56' lang='lat' dir='ltr'><strong>&#39;mi‘</strong></span> 
     </span>
     <span class='ocr_line' id='line_1_19' title="bbox 458 3331 1574 3444; baseline -0.004 -26"><span class='ocrx_word' id='word_1_158' title='bbox 458 3331 607 3418; x_wconf 86' lang='lat' dir='ltr'><strong>Martini</strong></span> <span class='ocrx_word' id='word_1_159' title='bbox 625 3334 729 3443; x_wconf 84' lang='lat' dir='ltr'><strong>apud</strong></span> <span class='ocrx_word' id='word_1_160' title='bbox 744 3333 992 3418; x_wconf 85' lang='lat' dir='ltr'><strong>liheinlelden</strong></span> <span class='ocrx_word' id='word_1_161' title='bbox 1010 3336 1051 3416; x_wconf 95' lang='lat' dir='ltr'><strong>in</strong></span> <span class='ocrx_word' id='word_1_162' title='bbox 1066 3333 1271 3444; x_wconf 85' lang='lat' dir='ltr'><strong>collegium</strong></span> <span class='ocrx_word' id='word_1_163' title='bbox 1290 3333 1574 3417; x_wconf 87' lang='lat' dir='ltr'><strong>canonicorum.</strong></span> 
     </span>
    </p>
   </div>
   <div class='ocr_carea' id='block_1_5' title="bbox 540 3546 1659 3628">
    <p class='ocr_par' dir='ltr' id='par_1_7' title="bbox 540 3546 1659 3628">
     <span class='ocr_line' id='line_1_20' title="bbox 540 3546 1659 3628; baseline 0 -20"><span class='ocrx_word' id='word_1_164' title='bbox 540 3546 638 3626; x_wconf 77' lang='lat' dir='ltr'><strong>(Edld.</strong></span> <span class='ocrx_word' id='word_1_165' title='bbox 655 3547 801 3622; x_wconf 72' lang='lat' dir='ltr'><strong>sturm,</strong></span> <span class='ocrx_word' id='word_1_166' title='bbox 817 3547 941 3610; x_wconf 72' lang='lat' dir='ltr'><strong>eretria</strong></span> <span class='ocrx_word' id='word_1_167' title='bbox 952 3563 1053 3623; x_wconf 69' lang='lat' dir='ltr'><strong>tamn,</strong></span> <span class='ocrx_word' id='word_1_168' title='bbox 1068 3564 1138 3625; x_wconf 89' lang='lat' dir='ltr'><strong>pars</strong></span> <span class='ocrx_word' id='word_1_169' title='bbox 1155 3555 1193 3621; x_wconf 79' lang='lat'><strong>1⁸,</strong></span> <span class='ocrx_word' id='word_1_170' title='bbox 1207 3547 1361 3625; x_wconf 82' lang='lat' dir='ltr'><strong>diplomat.</strong></span> <span class='ocrx_word' id='word_1_171' title='bbox 1375 3548 1514 3628; x_wconf 83' lang='lat' dir='ltr'><strong>ltcylegs,</strong></span> <span class='ocrx_word' id='word_1_172' title='bbox 1529 3565 1560 3626; x_wconf 88' lang='lat' dir='ltr'><strong>p.</strong></span> <span class='ocrx_word' id='word_1_173' title='bbox 1577 3549 1659 3627; x_wconf 71' lang='lat' dir='ltr'><strong>tet.)</strong></span> 
     </span>
    </p>
   </div>
   <div class='ocr_carea' id='block_1_6' title="bbox 453 3733 1870 4450">
    <p class='ocr_par' dir='ltr' id='par_1_8' title="bbox 453 3733 1870 4450">
     <span class='ocr_line' id='line_1_21' title="bbox 508 3733 1867 3830; baseline 0.002 -25"><span class='ocrx_word' id='word_1_174' title='bbox 508 3733 690 3807; x_wconf 89' lang='lat' dir='ltr'><strong>lleimicus</strong></span> <span class='ocrx_word' id='word_1_175' title='bbox 706 3735 769 3808; x_wconf 90' lang='lat' dir='ltr'><strong>Dei</strong></span> <span class='ocrx_word' id='word_1_176' title='bbox 785 3735 894 3830; x_wconf 85' lang='lat' dir='ltr'><strong>gratia</strong></span> <span class='ocrx_word' id='word_1_177' title='bbox 911 3737 1142 3810; x_wconf 84' lang='lat' dir='ltr'><strong>Romanorum</strong></span> <span class='ocrx_word' id='word_1_178' title='bbox 1160 3757 1224 3808; x_wconf 85' lang='lat' dir='ltr'><strong>rex</strong></span> <span class='ocrx_word' id='word_1_179' title='bbox 1239 3743 1273 3808; x_wconf 90' lang='lat' dir='ltr'><strong>ct</strong></span> <span class='ocrx_word' id='word_1_180' title='bbox 1292 3755 1427 3830; x_wconf 89' lang='lat' dir='ltr'><strong>semper</strong></span> <span class='ocrx_word' id='word_1_181' title='bbox 1441 3743 1623 3828; x_wconf 87' lang='lat' dir='ltr'><strong>augustus,</strong></span> <span class='ocrx_word' id='word_1_182' title='bbox 1643 3735 1777 3808; x_wconf 87' lang='lat' dir='ltr'><strong>dilectis</strong></span> <span class='ocrx_word' id='word_1_183' title='bbox 1793 3737 1867 3808; x_wconf 90' lang='lat' dir='ltr'><strong>suis</strong></span> 
     </span>
     <span class='ocr_line' id='line_1_22' title="bbox 456 3857 1868 3954; baseline 0.001 -24"><span class='ocrx_word' id='word_1_184' title='bbox 456 3857 645 3952; x_wconf 86' lang='lat' dir='ltr'><strong>preposito,</strong></span> <span class='ocrx_word' id='word_1_185' title='bbox 664 3859 844 3932; x_wconf 86' lang='lat' dir='ltr'><strong>scolastico</strong></span> <span class='ocrx_word' id='word_1_186' title='bbox 858 3879 900 3932; x_wconf 87' lang='lat' dir='ltr'><strong>ac</strong></span> <span class='ocrx_word' id='word_1_187' title='bbox 911 3857 1056 3954; x_wconf 91' lang='lat' dir='ltr'><strong>collegio</strong></span> <span class='ocrx_word' id='word_1_188' title='bbox 1067 3859 1182 3932; x_wconf 87' lang='lat' dir='ltr'><strong>Sancti</strong></span> <span class='ocrx_word' id='word_1_189' title='bbox 1200 3859 1336 3932; x_wconf 87' lang='lat' dir='ltr'><strong>Martini</strong></span> <span class='ocrx_word' id='word_1_190' title='bbox 1352 3859 1388 3930; x_wconf 91' lang='lat' dir='ltr'><strong>in</strong></span> <span class='ocrx_word' id='word_1_191' title='bbox 1402 3859 1596 3932; x_wconf 89' lang='lat' dir='ltr'><strong>Rinvelden</strong></span> <span class='ocrx_word' id='word_1_192' title='bbox 1610 3859 1755 3953; x_wconf 88' lang='lat' dir='ltr'><strong>gratiam</strong></span> <span class='ocrx_word' id='word_1_193' title='bbox 1769 3881 1868 3934; x_wconf 88' lang='lat' dir='ltr'><strong>suem</strong></span> 
     </span>
     <span class='ocr_line' id='line_1_23' title="bbox 457 3978 1869 4081; baseline 0.004 -28"><span class='ocrx_word' id='word_1_194' title='bbox 457 3989 492 4053; x_wconf 89' lang='lat' dir='ltr'><strong>et</strong></span> <span class='ocrx_word' id='word_1_195' title='bbox 516 3981 643 4054; x_wconf 90' lang='lat' dir='ltr'><strong>bonam</strong></span> <span class='ocrx_word' id='word_1_196' title='bbox 669 3983 893 4054; x_wconf 87' lang='lat' dir='ltr'><strong>voluntatem.</strong></span> <span class='ocrx_word' id='word_1_197' title='bbox 919 3983 1048 4055; x_wconf 88' lang='lat' dir='ltr'><strong>Cuma</strong></span> <span class='ocrx_word' id='word_1_198' title='bbox 1072 3982 1287 4056; x_wconf 89' lang='lat' dir='ltr'><strong>celsitudinis</strong></span> <span class='ocrx_word' id='word_1_199' title='bbox 1312 3978 1469 4081; x_wconf 91' lang='lat' dir='ltr'><strong>[nostre]</strong></span> <span class='ocrx_word' id='word_1_200' title='bbox 1493 3983 1603 4077; x_wconf 87' lang='lat' dir='ltr'><strong>gratia</strong></span> <span class='ocrx_word' id='word_1_201' title='bbox 1623 3984 1749 4079; x_wconf 90' lang='lat' dir='ltr'><strong>petitur</strong></span> <span class='ocrx_word' id='word_1_202' title='bbox 1773 3983 1869 4078; x_wconf 92' lang='lat' dir='ltr'><strong>quod</strong></span> 
     </span>
     <span class='ocr_line' id='line_1_24' title="bbox 453 4104 1870 4202; baseline 0.001 -26"><span class='ocrx_word' id='word_1_203' title='bbox 453 4104 586 4196; x_wconf 87' lang='lat' dir='ltr'><strong>justum</strong></span> <span class='ocrx_word' id='word_1_204' title='bbox 603 4113 656 4178; x_wconf 89' lang='lat' dir='ltr'><strong>est</strong></span> <span class='ocrx_word' id='word_1_205' title='bbox 670 4112 705 4177; x_wconf 92' lang='lat' dir='ltr'><strong>et</strong></span> <span class='ocrx_word' id='word_1_206' title='bbox 720 4105 917 4197; x_wconf 88' lang='lat' dir='ltr'><strong>honestum,</strong></span> <span class='ocrx_word' id='word_1_207' title='bbox 940 4113 1009 4178; x_wconf 89' lang='lat' dir='ltr'><strong>tam</strong></span> <span class='ocrx_word' id='word_1_208' title='bbox 1027 4105 1129 4201; x_wconf 88' lang='lat' dir='ltr'><strong>vigor</strong></span> <span class='ocrx_word' id='word_1_209' title='bbox 1143 4106 1305 4200; x_wconf 87' lang='lat' dir='ltr'><strong>equitatis</strong></span> <span class='ocrx_word' id='word_1_210' title='bbox 1320 4127 1426 4200; x_wconf 91' lang='lat' dir='ltr'><strong>quam</strong></span> <span class='ocrx_word' id='word_1_211' title='bbox 1445 4107 1531 4180; x_wconf 91' lang='lat' dir='ltr'><strong>ordo</strong></span> <span class='ocrx_word' id='word_1_212' title='bbox 1548 4106 1659 4202; x_wconf 89' lang='lat' dir='ltr'><strong>exigit</strong></span> <span class='ocrx_word' id='word_1_213' title='bbox 1675 4105 1817 4180; x_wconf 90' lang='lat' dir='ltr'><strong>rationis</strong></span> <span class='ocrx_word' id='word_1_214' title='bbox 1831 4119 1870 4179; x_wconf 89' lang='lat' dir='ltr'><strong>ut</strong></span> 
     </span>
     <span class='ocr_line' id='line_1_25' title="bbox 457 4227 1836 4327; baseline 0.002 -28"><span class='ocrx_word' id='word_1_215' title='bbox 457 4227 495 4302; x_wconf 93' lang='lat' dir='ltr'><strong>id</strong></span> <span class='ocrx_word' id='word_1_216' title='bbox 514 4251 577 4324; x_wconf 89' lang='lat' dir='ltr'><strong>per</strong></span> <span class='ocrx_word' id='word_1_217' title='bbox 600 4227 869 4304; x_wconf 88' lang='lat' dir='ltr'><strong>sollicitudinem</strong></span> <span class='ocrx_word' id='word_1_218' title='bbox 892 4230 987 4320; x_wconf 82' lang='lat' dir='ltr'><strong>regie</strong></span> <span class='ocrx_word' id='word_1_219' title='bbox 1009 4230 1197 4323; x_wconf 87' lang='lat' dir='ltr'><strong>majestatis</strong></span> <span class='ocrx_word' id='word_1_220' title='bbox 1217 4229 1265 4303; x_wconf 89' lang='lat' dir='ltr'><strong>ad</strong></span> <span class='ocrx_word' id='word_1_221' title='bbox 1282 4230 1443 4303; x_wconf 84' lang='lat' dir='ltr'><strong>effectum</strong></span> <span class='ocrx_word' id='word_1_222' title='bbox 1463 4228 1620 4304; x_wconf 92' lang='lat' dir='ltr'><strong>debitum</strong></span> <span class='ocrx_word' id='word_1_223' title='bbox 1644 4231 1836 4327; x_wconf 88' lang='lat' dir='ltr'><strong>perducatn</strong></span> 
     </span>
     <span class='ocr_line' id='line_1_26' title="bbox 457 4351 1870 4450; baseline 0 -24"><span class='ocrx_word' id='word_1_224' title='bbox 457 4352 506 4426; x_wconf 82' lang='lat' dir='ltr'><strong>lla</strong></span> <span class='ocrx_word' id='word_1_225' title='bbox 520 4361 671 4448; x_wconf 90' lang='lat' dir='ltr'><strong>proptor,</strong></span> <span class='ocrx_word' id='word_1_226' title='bbox 693 4351 921 4441; x_wconf 87' lang='lat' dir='ltr'><strong>dilectissimi,</strong></span> <span class='ocrx_word' id='word_1_227' title='bbox 939 4351 1065 4426; x_wconf 85' lang='lat' dir='ltr'><strong>vestris</strong></span> <span class='ocrx_word' id='word_1_228' title='bbox 1078 4353 1181 4446; x_wconf 88' lang='lat' dir='ltr'><strong>justis</strong></span> <span class='ocrx_word' id='word_1_229' title='bbox 1200 4353 1491 4450; x_wconf 86' lang='lat' dir='ltr'><strong>postulationibus</strong></span> <span class='ocrx_word' id='word_1_230' title='bbox 1512 4365 1610 4449; x_wconf 83' lang='lat' dir='ltr'><strong>grato</strong></span> <span class='ocrx_word' id='word_1_231' title='bbox 1630 4362 1870 4428; x_wconf 89' lang='lat' dir='ltr'><strong>concurrentes</strong></span> 
     </span>
    </p>
   </div>
   <div class='ocr_carea' id='block_1_7' title="bbox 493 4658 1478 4736">
    <p class='ocr_par' dir='ltr' id='par_1_9' title="bbox 493 4658 1478 4736">
     <span class='ocr_line' id='line_1_27' title="bbox 493 4658 1478 4736; baseline 0 -20"><span class='ocrx_word' id='word_1_232' title='bbox 493 4660 528 4734; x_wconf 79' lang='lat' dir='ltr'><strong>(t)</strong></span> <span class='ocrx_word' id='word_1_233' title='bbox 546 4660 654 4720; x_wconf 86' lang='lat' dir='ltr'><strong>Scilicet</strong></span> <span class='ocrx_word' id='word_1_234' title='bbox 664 4661 870 4736; x_wconf 79' lang='lat' dir='ltr'><strong>weissenburg,</strong></span> <span class='ocrx_word' id='word_1_235' title='bbox 886 4659 980 4720; x_wconf 82' lang='lat' dir='ltr'><strong>ciritae</strong></span> <span class='ocrx_word' id='word_1_236' title='bbox 993 4658 1129 4734; x_wconf 86' lang='lat' dir='ltr'><strong>quondam</strong></span> <span class='ocrx_word' id='word_1_237' title='bbox 1142 4658 1287 4734; x_wconf 79' lang='lat' dir='ltr'><strong>imperialis</strong></span> <span class='ocrx_word' id='word_1_238' title='bbox 1301 4659 1330 4717; x_wconf 89' lang='lat' dir='ltr'><strong>in</strong></span> <span class='ocrx_word' id='word_1_239' title='bbox 1343 4659 1478 4735; x_wconf 78' lang='lat' dir='ltr'><strong>Nordgeu.</strong></span> 
     </span>
    </p>
   </div>
   <div class='ocr_carea' id='block_1_8' title="bbox 0 0 2356 6100">
    <p class='ocr_par' dir='ltr' id='par_1_10' title="bbox 0 0 2356 6100">
     <span class='ocr_line' id='line_1_28' title="bbox 0 0 2356 6100; baseline 0 0"><span class='ocrx_word' id='word_1_240' title='bbox 0 0 2356 6100; x_wconf 95' lang='lat' dir='ltr'><strong> </strong></span> 
     </span>
    </p>
   </div>
  </div>
 </body>
</html>
