4658 6132
321 631 418 692 lenter.
434 625 476 711 2.]
775 623 969 686 HISTORIA
994 625 1283 688 llll‘LOllll'l'lCll.
1674 619 1730 680 157

320 763 494 837 Mattheus
513 759 558 834 de
582 758 730 832 Calvello
751 757 864 832 fidelis
881 769 998 834 noster
1018 781 1100 855 erga
1116 783 1180 834 nos
1197 779 1331 856 semper
1346 758 1494 854 acceptis
1513 755 1663 830 servitiis
1683 778 1731 830 ex

322 883 496 959 mandatis
513 882 637 956 nostris
652 881 786 955 dudum
804 882 965 955 exhihuit
987 891 1021 955 et
1038 883 1180 956 exhibet
1195 883 1416 974 incessanter,
1439 881 1485 955 de
1497 879 1731 952 munificentie

323 1017 439 1082 nostre
454 1005 564 1101 gratia
585 1005 809 1078 concedimus
826 1013 861 1078 et
875 1003 1116 1078 confirmamus
1134 1006 1247 1079 sibiet
1263 1005 1452 1079 heredibus
1472 1005 1544 1078 suis
1559 1003 1596 1074 in
1609 1021 1731 1098 perpe

323 1142 423 1206 tuum
440 1138 564 1202 terram
577 1129 742 1218 Buxemi,
758 1137 824 1202 etc.

372 1255 498 1327 ilatum
515 1252 611 1350 apud
624 1252 823 1326 Comusium
837 1252 868 1350 (l
877 1253 903 1348 ),
924 1253 1041 1348 [anuo]
1057 1254 1265 1328 dccxxix.

383 1873 586 1983 Gregorius
612 1899 712 1983 papa
726 1873 766 1954 in
783 1872 1014 1956 Fridericum
1037 1875 1296 1958 Romanorum
1318 1875 1598 1982 imperatorem,
1622 1872 1732 1982 cujus
1789 1881 1798 1932 1

330 2003 490 2114 injurias
503 2003 690 2086 Ecclesiae
698 2004 891 2093 Romanae
905 2005 1030 2088 illatas
1044 2015 1226 2112 recenset,
1237 2004 1460 2088 sententiam
1475 2005 1733 2088 excommuni-

329 2137 488 2220 cationis
506 2147 543 2220 et
559 2137 747 2220 interdicti
764 2147 934 2244 renovat,
948 2163 1157 2248 omnesque
1169 2147 1207 2220 et
1223 2139 1423 2248 praecipue
1440 2137 1613 2220 homines
1627 2139 1733 2248 regni

331 2295 354 2352 a
363 2269 580 2380 juramento
595 2270 786 2353 fidelitatis
800 2297 877 2381 quo
890 2271 924 2354 ci
942 2281 1117 2356 tenentur
1129 2272 1327 2355 denuntiat
1340 2271 1548 2376 absolutoS,
1565 2269 1736 2351 similiter

331 2404 661 2486 excommunicans
676 2403 916 2516 Raynaldum
930 2414 967 2487 et
979 2405 1225 2488 Berthcldum
1240 2403 1339 2488 filios
1357 2405 1552 2514 quondam
1573 2401 1736 2485 Conradi

332 2533 439 2617 ducis
465 2533 621 2644 Spoleti,
648 2561 794 2620 necnon
817 2545 855 2620 et
881 2537 1070 2646 quosdam
1097 2537 1196 2620 cives
1216 2561 1395 2620 romanos
1421 2561 1509 2618 cum
1532 2534 1737 2617 castellano

332 2667 452 2749 sancti
465 2667 621 2750 Miniati.

412 2881 510 2954 (Edld.
522 2878 805 2957 cinnamomi.
817 2878 1052 2955 ecclmdann.
1070 2879 1181 2963 litias
1192 2899 1302 2942 xxxvii
1310 2886 1340 2941 et
1350 2897 1447 2960 seqq„
1458 2882 1510 2959 qul
1519 2886 1603 2941 notas
1612 2879 1748 2962 corono--

452 2988 562 3066 logicos
575 2987 742 3048 deficientes
750 2989 868 3066 supplet
880 2995 916 3050 nt
926 2989 1059 3066 requlmr
1073 3005 1081 3048 ε
1094 3008 1110 3046 c
1122 2991 1285 3050 Praemisso
1297 2994 1343 3048 set
1352 2987 1425 3048 heac
1435 2987 1631 3048 anatheniatis
1644 2987 1739 3049 tonna

453 3115 469 3152 u
484 3103 518 3154 n⁰
531 3103 582 3167 tt,
598 3091 731 3174 [sciltch
741 3095 880 3172 epistolae
892 3093 931 3155 ad
944 3095 1098 3155 Lucanum
1112 3096 1281 3171 episcopum
1302 3093 1402 3167 dotas,
1416 3109 1492 3170 quae
1506 3093 1578 3156 xm
1595 3093 1740 3154 kalendas

453 3219 470 3258 r
486 3199 657 3277 septembris
671 3197 723 3281 (20
737 3197 819 3280 aug.)
832 3201 1002 3278 comignatu
1015 3205 1070 3261 cst.
1082 3219 1097 3258 ι
1107 3201 1154 3261 Ex
1174 3200 1351 3260 documento
1373 3199 1503 3278 longiore
1522 3216 1597 3277 quae
1616 3199 1656 3260 ed
1675 3213 1738 3260 rem

453 3311 585 3367 nostram
600 3307 747 3384 pertinent
761 3304 965 3366 tantummodo
975 3306 1184 3384 exprimimus,
1199 3293 1394 3384 cett.1tegcst.
1408 3305 1486 3366 Bibl.
1497 3306 1670 3376 Pariaann.
1681 3307 1737 3384 111,

453 3421 487 3473 ιι·
501 3411 562 3491 to.)

386 3648 791 3669 ...........
819 3597 1168 3670 Excommnnicamus
1187 3605 1223 3668 et
1236 3595 1561 3668 anathematizamus
1578 3617 1625 3668 ex
1643 3603 1738 3690 parte

335 3718 397 3791 Del
424 3719 667 3814 omnipotentis
691 3719 799 3792 Patris
830 3729 864 3792 et
886 3719 960 3792 Filii
988 3728 1022 3792 et
1045 3719 1193 3814 Spiritus
1213 3719 1343 3808 sancti,
1371 3719 1572 3792 auctoritate
1599 3739 1739 3812 qnoque

336 3841 512 3916 beatorum
529 3843 760 3938 apostolorum
772 3843 862 3916 Petri
881 3851 915 3916 et
931 3843 1028 3916 Pauli
1043 3863 1084 3914 ac
1102 3849 1234 3932 nostra,
1253 3841 1463 3916 Fridericum
1482 3843 1613 3916 dictum
1632 3844 1739 3936 impe-

373 4147 408 4220 (t)
431 4145 490 4204 Non
502 4146 679 4204 dubitandum
693 4147 758 4222 quin
774 4147 810 4204 lta
824 4147 964 4222 legendum
971 4146 1008 4204 sit
1020 4164 1027 4202 :
1041 4147 1142 4204 Dotem
1154 4145 1227 4221 cprtd
1240 4147 1391 4206 courum
1403 4145 1501 4220 [merse
1512 4147 1647 4220 aspostol,
1657 4164 1741 4222 quum

337 4243 410 4302 locis
424 4249 452 4302 ct
464 4245 563 4303 mensis
575 4244 675 4320 optime
692 4245 778 4302 itineri
789 4245 956 4302 conveniant.
972 4245 1046 4302 idem
1059 4245 1109 4302 ista
1126 4243 1275 4302 Matthaeus
1288 4243 1321 4301 de
1335 4243 1450 4301 Calvello
1462 4242 1534 4300 aiud
1547 4243 1713 4317 privilegium
1726 4259 1742 4300 a

337 4339 465 4398 Rainaldc
480 4341 548 4398 duce
559 4339 702 4416 Spolctano
715 4340 879 4411 obtinuerat,
890 4340 962 4416 quod
974 4340 1120 4416 scriptores
1128 4340 1210 4398 iidem
1221 4346 1370 4399 memorent
1381 4347 1412 4397 ut
1423 4339 1561 4414 esuritur:
1577 4339 1743 4398 «Runddos

340 4457 354 4490 ι
369 4437 416 4495 Dei
431 4443 460 4496 et
472 4437 604 4514 imperiali
615 4439 698 4512 gratia
710 4439 766 4496 dux
778 4439 889 4513 Spoleti,
902 4443 965 4510 etc,
979 4437 1152 4496 concedimus
1165 4437 1190 4495 ei
1206 4436 1319 4512 [scilicet
1327 4437 1447 4496 ilattlrec
1460 4437 1495 4495 de
1505 4436 1620 4495 Calrellc
1633 4438 1685 4494 civi
1697 4439 1744 4496 Pa·

340 4555 354 4588 r
368 4533 465 4610 noemi]
477 4541 506 4592 et
518 4535 663 4594 heredibus
671 4536 729 4594 suis
741 4536 769 4593 in
777 4542 936 4611 perpetuum
947 4534 1056 4593 leudam
1066 4550 1150 4592 unum
1159 4535 1252 4594 militis
1266 4541 1320 4594 mm
1328 4535 1356 4592 iu
1366 4535 1710 4609 Goracicqmmliubellino
1718 4542 1746 4592 et

340 4651 354 4684 r
370 4633 537 4706 pertinentiis
548 4633 638 4690 suis...
651 4633 749 4690 Datum
765 4631 836 4706 apud
848 4632 942 4707 llipam
952 4629 1075 4690 Crclonis
1086 4629 1241 4704 (lepsudum
1249 4629 1414 4703 Transonis),
1428 4646 1492 4687 aun.
1503 4633 1583 4699 ⁴22⁹,
1597 4630 1745 4705 imperante

341 4748 355 4780 ι
369 4727 477 4788 domino
490 4735 583 4790 nostro
592 4729 733 4800 Fridcrim,
743 4734 814 4788 etc.»
825 4728 948 4787 Fcnams
960 4741 1052 4786 mense
1065 4717 1288 4800 mertiasicutin
1300 4727 1439 4804 privilegio
1452 4744 1534 4804 supra
1542 4729 1633 4801 retum,
1645 4745 1672 4802 p.
1683 4731 1744 4786 tte.
