4602 6084
620 631 661 692 26
776 693 785 706 .
1120 631 1335 694 rnrusurcr
1360 629 1532 692 succum
1836 615 1913 699 [aaa.
1934 609 2016 670 rma.

621 765 770 840 sationes
793 766 996 862 pretendere
1024 787 1062 838 se
1084 766 1131 840 ad
1158 765 1338 838 transitum
1361 785 1516 840 assereus
1541 760 1762 854 impuratum,
1790 759 1825 822 et
1848 757 1887 820 ut
1908 745 2021 820 denuo

621 890 772 963 duorum
795 912 965 963 annorum
988 889 1056 964 sibi
1074 890 1212 963 daretur
1234 890 1417 980 terminus,
1442 883 1587 980 grandia
1604 877 1727 953 obtulit
1748 869 1914 966 obsequia
1937 877 2022 938 terre

621 1022 740 1086 sancto
757 1035 837 1085 cum
863 1013 1131 1106 obligationibus
1148 1012 1232 1084 satis
1251 1011 1398 1106 magnis.
1423 1005 1617 1106 Apostolira
1638 1021 1721 1074 vero
1738 995 1844 1070 Sedes
1864 1011 1909 1064 ne
1924 987 2022 1062 unns

621 1135 798 1210 laboribus
816 1135 1009 1208 exsufflatis
1024 1143 1059 1206 et
1078 1133 1242 1206 inutiliter
1259 1134 1310 1206 sic
1332 1131 1511 1206 exhaustis
1526 1137 1634 1202 totum
1656 1121 1899 1196 dissolveretur
1913 1130 2024 1204 nego-

622 1257 726 1347 tium,
748 1259 844 1351 quod
874 1257 1028 1330 humeris
1053 1257 1158 1350 hujus
1183 1257 1348 1352 principis
1373 1263 1451 1352 post
1471 1256 1657 1326 Romanam
1684 1241 1870 1318 Ecclesiam
1897 1229 2023 1331 princi·

621 1380 735 1474 palius
761 1381 999 1469 incumbebat,
1023 1379 1141 1452 habito
1169 1379 1321 1475 plurium
1346 1377 1584 1474 episcoporum
1607 1379 1642 1442 et
1665 1367 1809 1440 aliorum
1841 1358 2024 1455 proborum

622 1501 774 1574 virorum
788 1503 944 1592 oonsilio,
962 1503 1008 1574 de
1018 1502 1295 1596 contingentibus
1308 1501 1357 1572 nil
1371 1499 1545 1585 omittens,
1559 1489 1791 1566 venerabitem
1800 1485 1937 1556 fratrem
1949 1495 2024 1548 nos·

623 1632 714 1696 trum
728 1625 766 1696 P.
783 1623 833 1722 (a)
846 1625 1076 1699 Albaneusem
1087 1625 1309 1719 episcopum,
1324 1632 1359 1696 et
1372 1623 1462 1694 bone
1475 1615 1638 1690 memorie
1651 1613 1692 1684 G.
1710 1609 1798 1682 tituli
1814 1602 1928 1678 Sancti
1942 1600 2026 1671 Mar·

624 1745 687 1816 tini
709 1748 948 1841 presbyterum
969 1747 1179 1820 cardinalem
1205 1747 1251 1820 ad
1277 1744 1444 1818 firmdnda
1471 1763 1511 1814 ea
1533 1761 1603 1834 que
1622 1738 1805 1830 imperator
1826 1747 1889 1824 pro
1912 1721 2026 1794 Cruds

623 1868 791 1961 obsequio
820 1879 1030 1964 spontaneus
1059 1869 1294 1965 promittebat,
1326 1863 1523 1938 transmisit.
1557 1859 1712 1953 Cumque
1743 1851 1839 1949 apud
1872 1852 2025 1920 sanctum

625 1990 834 2064 Germanum
863 2014 943 2063 cum
970 1992 1128 2085 pluribus
1155 1989 1356 2062 Alemannis
1380 1985 1593 2083 principibus
1623 1979 1749 2075 pariter
1770 1969 2024 2052 convenisscnlr

627 2112 812 2206 imperator
830 2113 967 2208 propria
988 2134 1095 2184 manu
1111 2111 1263 2206 juravit,
1279 2110 1375 2204 quod
1396 2109 1478 2182 inde
1493 2106 1541 2180 ad
1552 2101 1756 2206 biennium,
1778 2095 1816 2168 id
1834 2102 1887 2168 est
1903 2091 1940 2164 in
1956 2107 2029 2182 pes·

628 2235 725 2327 sagio
744 2236 883 2328 augusti
901 2235 1061 2330 proximo
1079 2257 1172 2307 nuuc
1186 2234 1363 2323 transacti,
1380 2230 1473 2304 omni
1488 2227 1710 2302 excusatione
1725 2243 1766 2294 ac
1780 2216 1945 2293 dilatione
1958 2229 2025 2282 ocs-

628 2357 797 2448 santibus,
812 2360 1056 2448 transfretaret,
1067 2359 1160 2430 mille
1168 2357 1292 2428 milites
1308 2353 1436 2427 ibidem
1451 2373 1512 2446 per
1527 2347 1706 2422 biennium
1725 2347 1854 2414 teneret
1869 2336 1917 2409 ud
1930 2351 2029 2406 suum

629 2479 666 2550 in
683 2481 860 2574 obsequiis
876 2489 965 2552 terre
979 2488 1112 2570 sancte,
1132 2487 1270 2552 centum
1287 2477 1393 2548 millia
1407 2473 1586 2546 unciarum
1603 2468 1679 2542 auri
1695 2466 1732 2536 iu
1746 2462 1904 2556 quinque
1917 2471 2031 2551 possa·

627 2601 697 2694 giis
714 2604 873 2696 proximo
896 2613 979 2674 tunc
1000 2603 1124 2674 suturis
1146 2601 1228 2672 illuc
1247 2599 1433 2672 destinaret
1454 2595 1555 2668 certis
1574 2585 1783 2684 assignanda
1801 2578 1978 2679 personist
1999 2582 2031 2645 θῑ

628 2735 712 2796 tuuc
734 2726 927 2798 cardinales
945 2723 1090 2820 predicti
1110 2723 1156 2796 de
1174 2721 1388 2816 imperatoris
1404 2739 1544 2791 assensu
1569 2715 1605 2786 iu
1622 2713 1699 2803 ejus
1717 2711 1922 2800 conspectu,
1942 2697 2033 2794 prin-

629 2847 747 2940 cipum
772 2869 813 2918 ac
842 2847 962 2940 populi
988 2847 1259 2934 circumstantis,
1287 2843 1487 2916 sententiam
1509 2827 1875 2912 excommunicationis
1898 2820 2034 2920 publice

630 2970 834 3042 auctoritate
854 2969 955 3042 Sedis
972 2969 1158 3062 apostolice
1179 2967 1393 3062 protuerunt
1414 2965 1451 3034 iu
1467 2981 1574 3055 quem
1593 2955 1761 3030 incideret
1785 2950 1984 3042 imperator,
2005 2937 2033 3010 si

632 3093 748 3162 lorsau
773 3091 809 3160 in
837 3090 955 3183 aliquo
975 3089 1137 3162 deiiceret
1156 3089 1400 3183 predictorum.
1431 3081 1604 3175 obligavit
1629 3099 1668 3150 se
1690 3076 1832 3167 insuper
1853 3070 2036 3162 imperator

633 3211 681 3285 ad
705 3220 844 3282 centum
863 3209 1043 3283 calendras
1061 3222 1096 3282 et
1116 3209 1367 3303 quinquaginta
1383 3208 1498 3299 galeas
1518 3199 1696 3275 ducendas
1711 3205 1745 3268 et
1757 3191 1927 3265 tenendas
1942 3186 2038 3258 bien·

634 3333 695 3403 uio
715 3334 805 3404 ultra
827 3353 939 3420 mare,
967 3353 1009 3402 ac
1034 3333 1129 3424 quod
1159 3332 1299 3425 iusuper
1324 3328 1462 3400 duobus
1482 3323 1634 3396 millibus
1661 3318 1809 3390 militum
1837 3306 2038 3407 passagium

635 3453 738 3524 certis
761 3453 916 3525 terminis
936 3453 1133 3544 largiretur,
1165 3453 1202 3522 iu
1229 3453 1378 3524 animam
1407 3469 1505 3519 suam
1530 3443 1639 3536 jurari
1664 3439 1793 3512 faciens
1816 3454 1855 3506 sc
1878 3433 1947 3503 ista
1973 3445 2040 3520 que

635 3575 854 3670 prediximus
874 3574 1116 3666 impleturum,
1133 3582 1168 3643 et
1181 3581 1302 3665 sponte
1314 3568 1528 3642 consentiens
1543 3565 1580 3636 in
1594 3565 1709 3658 ipsum
1724 3569 1759 3630 et
1772 3575 1922 3649 regnum
1939 3567 2040 3622 suum

635 3696 718 3769 terri
732 3692 954 3781 senteutiam,
972 3692 1001 3762 si
1017 3691 1080 3762 hec
1093 3711 1162 3761 uon
1178 3691 1303 3762 fuerint
1316 3692 1508 3762 observata.
1530 3683 1682 3769 Qualiter
1698 3687 1814 3752 autem
1833 3675 1902 3746 boc
1925 3668 2041 3762 imple·

636 3818 726 3890 verit
741 3814 943 3888 advertatis.
967 3813 1054 3884 Nam
1072 3833 1151 3882 cum
1170 3810 1217 3882 ad
1236 3812 1310 3900 ejus
1325 3813 1536 3901 frequentem
1553 3802 1752 3876 instantiam
1768 3797 1879 3868 multa
1893 3787 2041 3864 crucesi-

636 3947 819 4032 gnatorum
840 3935 948 4007 millia
968 3955 1029 4027 per
1046 3931 1411 4004 excommunicationis
1430 3926 1630 4000 seutentiam
1654 3927 1826 3994 coarctata
1844 3917 1883 3988 iu
1898 3911 2043 3986 termino

638 4058 809 4132 desbusto
821 4057 867 4130 ad
879 4063 1018 4150 portum
1032 4051 1218 4124 Brundusii
1235 4057 1482 4144 properassem,
1493 4046 1576 4138 quia
1584 4043 1730 4137 gratiam
1744 4059 1845 4112 suam
1860 4035 2045 4128 imperator

638 4180 857 4250 subtraxerat
875 4175 1075 4247 civitatibus
1094 4175 1165 4244 iere
1185 4171 1346 4242 omnibus
1368 4171 1404 4239 in
1424 4166 1591 4262 portame
1613 4159 1823 4249 constitutis,
1849 4166 1886 4230 et
1909 4156 2003 4227 idem
2025 4171 2045 4220 a

641 4299 882 4393 predecessore
900 4305 1018 4366 nostro
1031 4315 1072 4366 ao
1085 4293 1185 4364 uobis
1194 4290 1405 4384 frequentius
1415 4288 1566 4360 monitus
1578 4293 1616 4356 ut
1626 4285 1811 4376 diligenter
1820 4285 1962 4373 pararet
1971 4293 2046 4345 om-

685 4565 728 4646 (a)
749 4567 866 4628 Sctlleet
886 4564 1061 4645 Pelopiam
1080 4581 1140 4623 uon
1162 4569 1261 4623 sutem
1283 4561 1417 4634 Petram,
1441 4564 1517 4621 sicut
1540 4563 1640 4620 miuus
1663 4565 1741 4618 reete
1764 4555 1848 4632 apud
1872 4552 2048 4616 Mettium

643 4673 837 4734 Porldemem
849 4669 968 4746 legam.
