4642 6106
381 656 480 716 roro.
495 650 542 736 s]
830 648 1030 716 msronm
1051 645 1345 714 nrrtonsrroa
1740 647 1801 712 ssa

381 793 574 890 tenentur,
585 783 983 896 tsmpmelstisqnam
996 785 1153 869 caeteris
1166 781 1801 890 aliis,utansdsoemleudooonfe·

380 925 484 1024 rant,
493 917 543 1000 de
551 915 693 1026 quibus
706 941 833 1000 eomes
847 915 907 1001 vel
920 917 1016 1000 baro
1029 917 1096 1027 qui
1109 918 1240 999 decem
1253 913 1379 998 leudis
1390 914 1553 1024 praeerit
1561 925 1598 997 et
1607 915 1797 1025 pluribus,

380 1049 517 1133 melior
531 1074 679 1133 necnon
698 1049 814 1134 ditior
832 1051 899 1162 qui
920 1051 1018 1134 inter
1035 1049 1238 1160 participes
1257 1057 1295 1131 et
1309 1073 1548 1158 possessores
1566 1047 1797 1155 invenietur,

380 1181 471 1292 eligi
493 1179 648 1288 debeat3
668 1191 706 1265 et
723 1184 846 1265 taxari
865 1193 903 1267 et
921 1183 1139 1294 praeparari
1158 1208 1199 1265 se
1216 1179 1352 1264 debeat
1366 1178 1426 1292 (a)
1445 1181 1486 1262 in
1502 1179 1655 1264 dnobus
1668 1183 1794 1292 equis,

382 1313 545 1398 somerio
561 1341 639 1399 uno
654 1325 692 1398 et
707 1315 824 1398 armis
838 1342 883 1400 ec
896 1317 1052 1400 caeteris
1068 1313 1400 1426 proportionaliter
1418 1323 1456 1396 et
1471 1313 1611 1397 habeat
1627 1341 1697 1426 pro
1710 1341 1800 1399 cor-

381 1449 474 1532 redo
495 1446 610 1532 unius
628 1447 720 1530 anni
736 1449 871 1532 uncias
887 1449 1097 1560 lpraefixo
1112 1448 1275 1532 termino
1292 1447 1456 1558 proximi
1473 1447 1642 1558 passagii
1657 1449 1799 1532 mensis

382 1579 509 1664 martii
523 1579 564 1662 in
577 1589 690 1690 portu
703 1579 908 1666 Brundusii
923 1583 1240 1692 praesentandus,
1255 1591 1299 1664 ut
1311 1579 1451 1663 abinde
1464 1581 1675 1664 secundum
1689 1606 1800 1664 suam

383 1711 670 1824 dispositionem
685 1713 821 1798 debeat
836 1713 1095 1800 transfretare.
1113 1715 1207 1798 ltem
1226 1712 1565 1823 adinquirendum
1584 1714 1699 1824 siqui
1718 1714 1800 1798 fne-

384 1848 462 1930 rint
478 1846 639 1932 atolleis
653 1857 691 1932 at
703 1848 870 1932 oolleotis
883 1848 1046 1958 exempti
1060 1848 1139 1932 sive
1153 1848 1337 1958 potentia,
1351 1872 1477 1958 prena,
1494 1847 1635 1958 precio,
1652 1873 1796 1954 amoro,

386 1980 446 2064 vel
467 1981 604 2066 timore
621 1980 828 2092 cujusque,
847 1981 964 2065 mittit
976 1980 1144 2092 judioem
1166 1979 1373 2092 Rogerium
1394 1980 1443 2064 de
1461 1979 1601 2063 llsonlo
1620 1989 1659 2064 et
1679 1980 1712 2064 J.
1739 1979 1795 2091 (l)

385 2113 669 2198 comestabilem
689 2115 840 2200 Corneli
858 2123 903 2200 ut
919 2113 1107 2200 universis
1123 2121 1162 2198 et
1182 2112 1344 2224 singulis
1357 2114 1637 2222 praedictorum
1649 2113 1796 2198 colleo-

386 2257 467 2330 tom
485 2247 697 2358 imponant.
715 2247 816 2332 llroo.
832 2274 878 2330 ns
892 2247 934 2331 S.
953 2248 1092 2354 Gnrns,
1108 2245 1279 2332 Glrooio.
1296 2249 1347 2328 orl
1363 2273 1452 2330 ano.

438 2851 639 2964 Enoyolioa
652 2853 823 2964 Gregorii
838 2879 960 2964 papae
973 2853 1263 2966 Solzeburgensi
1276 2853 1797 2964 amhiepisoopoetepisoopo
1838 2863 1975 2970 ,¹33ng

383 2984 648 3096 Ratisponensi
671 3011 741 3096 per
762 2985 1049 3096 Alamannam,
1068 2987 1246 3098 episeopo
1269 2986 1497 3072 Veroellensi
1518 2996 1556 3072 et
1577 2985 1696 3074 electo
1717 2986 1795 3074 lle-

384 3117 596 3202 diolanensi
622 3145 690 3229 per
719 3119 869 3202 ltaliam
894 3121 1035 3228 missa,
1059 3147 1138 3232 qua
1163 3121 1323 3205 mandat
1343 3131 1431 3205 uta
1457 3119 1659 3230 praelatis,
1682 3120 1794 3231 pn'n-

382 3250 530 3360 oipibns
558 3261 597 3336 et
627 3252 964 3338 oommunitatihus
995 3254 1138 3337 ibidem
1165 3255 1353 3363 expressis
1385 3254 1599 3338 cautionem
1629 3256 1794 3366 resipere

383 3393 606 3492 procurent,
619 3383 730 3495 juxta
746 3383 910 3469 formam
928 3386 1034 3496 paois
1051 3386 1150 3470 inter
1167 3387 1435 3496 imperatorem
1453 3397 1491 3471 et
1508 3387 1716 3472 Eoolesiom
1733 3415 1794 3471 re-

381 3517 580 3600 formatae.

459 3751 1290 3838 (mette.exnegssr.orsgor.1x,mn.1v,eptstos
1310 3767 1342 3822 et
1363 3769 1467 3834 aas:
1486 3761 1790 3843 dupllotooploqoss

497 3865 580 3922 extat
594 3861 626 3922 tn
640 3861 761 3924 Collsot.
776 3862 821 3924 Lo
830 3864 921 3926 Porta
934 3864 977 3928 ‹ln
989 3863 1075 3928 Thelt
1084 3867 1117 3928 ln
1130 3865 1269 3933 Bllrlloth·
1286 3867 1395 3946 Porto.)

426 4065 627 4164 Gregorius,
649 4080 737 4164 eta,
753 4073 1016 4172 Salzebnrgensi
1032 4077 1291 4174 archiepisoopo
1315 4087 1350 4152 et
1370 4079 1533 4178 episeopo
1549 4081 1787 4178 Ratisponansi

378 4191 564 4288 imperialis
582 4195 662 4268 aule
681 4196 904 4289 onnoellario‚
925 4207 991 4272 eto.
1016 4199 1102 4274 Cum
1120 4201 1318 4274 carissimus
1338 4202 1373 4274 in
1396 4202 1528 4278 Christo
1552 4204 1645 4278 lilius
1674 4216 1789 4280 noster

377 4313 572 4388 Friderions
584 4317 817 4392 Romanorum
830 4317 1015 4418 imperator
1028 4323 1184 4412 illustris,
1200 4343 1337 4420 semper
1350 4335 1532 4420 angustus,
1550 4336 1585 4400 et
1598 4347 1661 4401 rex
1673 4329 1788 4404 Sicilie

377 4457 482 4532 snper
495 4461 582 4536 paoe
600 4441 783 4518 reformate
802 4443 892 4520 inter
905 4445 1021 4540 ipsum
1039 4455 1074 4522 et
1091 4447 1278 4522 lloolesiem
1296 4449 1514 4526 observanda
1529 4471 1568 4526 se
1584 4451 1789 4548 obligaverit

418 4639 461 4720 (a)
482 4641 656 4709 nervom
667 4645 844 4710 ennomus
855 4643 988 4712 deluat.
1027 4679 1032 4699 ι

419 4745 458 4826 (ll
476 4748 559 4814 Altos
570 4751 608 4814 t.
