4602 6084
586 647 627 708 50
1081 653 1294 714 rntnntuct
1320 653 1491 714 saccant
1802 655 1882 734 [Asu.
1901 655 1986 718 1227.

587 801 764 876 nunqnam
777 781 1047 856 seminaverunt.
1066 787 1190 880 Sicqne
1204 786 1242 858 lit
1258 795 1297 858 ut
1309 786 1472 858 ecclesias
1486 807 1617 877 sacras,
1637 809 1829 884 pauperum
1841 789 1988 883 refugia,

586 913 781 976 sanctornm
795 905 991 980 mansiones
1005 907 1167 1004 diripiant
1181 931 1268 1004 quas
1281 909 1331 1006 pii
1345 933 1387 984 ac
1399 909 1572 1006 simplices
1587 919 1701 1005 patres
1711 911 1818 984 nostri
1832 912 1869 983 in
1884 913 1990 986 relec-

586 1027 714 1102 tionem
728 1051 918 1124 pauperum
937 1053 979 1104 ac
995 1034 1256 1128 peregrinorum
1273 1043 1308 1106 et
1321 1033 1557 1128 religiosorum
1568 1035 1850 1107 sustentationem
1863 1035 1992 1110 funda-

586 1159 680 1244 runt,
697 1160 732 1224 et
748 1175 841 1226 nunc
857 1154 903 1227 ad
921 1154 1065 1250 imparia
1075 1165 1110 1228 et
1123 1177 1230 1250 regna
1245 1155 1477 1250 degeneresct
1488 1153 1677 1248 ignobiles,
1692 1177 1781 1250 qnos
1797 1158 1870 1230 sole
1884 1159 1992 1230 littere

585 1274 884 1368 iaciuntinsanire,
898 1299 985 1350 ausu
995 1279 1175 1353 temerario
1184 1279 1396 1352 contendunt
1405 1279 1578 1352 anhelare.
1593 1281 1632 1350 ln
1644 1289 1842 1375 paupertate
1849 1280 1990 1376 quidem

585 1407 620 1470 et
632 1397 849 1494 simplicitate
860 1400 1004 1474 lundata
1016 1411 1088 1474 crat
1103 1401 1255 1475 Ecclesia
1269 1401 1457 1498 primitiva,
1474 1423 1554 1474 cnm
1566 1411 1702 1476 sanctos
1717 1425 1806 1498 quos
1817 1404 1992 1498 catalogus

585 1531 780 1594 sanctorum
795 1535 1038 1598 commemorat
1056 1525 1205 1598 fecunda
1217 1526 1417 1622 parturiret;
1433 1525 1496 1599 sed
1506 1526 1603 1601 aliud
1614 1526 1876 1600 tundamentum
1890 1549 1990 1600 nemo

584 1653 696 1740 potest
709 1667 838 1741 ponere
852 1655 965 1742 preter
973 1647 1059 1722 illud
1067 1649 1162 1742 quod
1179 1649 1329 1744 positum
1337 1649 1572 1722 estaDomino
1579 1651 1660 1722 lesu
1669 1671 1711 1722 ac
1721 1649 1911 1722 stabilitum
1923 1651 1950 1746 (l
1959 1655 1986 1746 ).

583 1769 687 1840 Porro
697 1769 781 1865 qnia
798 1771 834 1840 in
847 1769 979 1842 divitiis
994 1772 1176 1866 navigant,
1193 1773 1229 1842 in
1245 1771 1376 1845 divitiis
1392 1773 1606 1860 volutantur,
1623 1771 1659 1843 in
1671 1773 1803 1846 divitiis
1814 1771 1987 1865 edificant,

584 1892 776 1966 timendum
793 1915 838 1964 ne
855 1893 969 1988 paries
982 1894 1163 1968 inclinetur
1179 1897 1347 1987 Ecclesia,
1367 1916 1412 1968 ne
1429 1895 1577 1968 maceria
1594 1895 1740 1991 depulsa
1756 1897 1857 1969 ruina
1870 1897 1990 1968 subse·

582 2025 721 2110 qnatnr.
731 2017 768 2086 ln
777 2017 963 2108 nosetiam,
975 2019 1073 2090 novit
1085 2028 1253 2092 scrutator
1261 1998 1566 2112 cantaminum
1574 2017 1990 2094 debacchanturdioentes

583 2159 648 2212 nos
670 2140 761 2211 nolle
775 2139 928 2212 terminis
946 2142 1181 2215 transfretasse
1205 2141 1415 2234 constitutis,
1441 2163 1522 2214 cnm
1544 2141 1652 2214 multu
1671 2163 1735 2214 nos
1762 2141 1808 2238 (a)
1831 2140 1876 2215 dc
1898 2163 1941 2215 eo
1957 2151 1990 2216 et

582 2261 735 2335 Ecclesie
746 2271 781 2334 et
792 2263 935 2358 imperio
947 2264 1159 2340 inevitabilia
1177 2288 1218 2338 ac
1236 2266 1347 2340 ardua
1361 2266 1498 2360 negotia
1512 2275 1626 2362 preter
1640 2263 1847 2338 infirmitatis
1860 2266 1991 2338 incom-

582 2386 686 2459 moda
701 2385 917 2460 detinebant:
932 2408 1079 2482 quorum
1090 2390 1239 2485 primum
1247 2392 1313 2463 luit
1323 2390 1502 2464 rebellium
1516 2389 1702 2462 siculorum
1711 2387 1910 2479 insolentia;
1926 2411 1989 2464 nec

582 2511 767 2584 videbatur
784 2512 884 2584 nobis
898 2535 1021 2586 sanum
1040 2513 1145 2586 luisse
1169 2515 1349 2588 consilinm
1370 2519 1448 2606 [et]
1464 2513 1655 2608 expediens
1673 2513 1910 2588 christianitati
1928 2535 1989 2586 nos

581 2633 617 2705 in
635 2643 759 2706 terram
770 2644 923 2708 sanctam
935 2637 1110 2710 transiisse
1123 2637 1253 2710 bellum
1266 2638 1464 2711 intestinum
1475 2645 1552 2733 post
1567 2645 1661 2730 terga
1672 2637 1920 2731 relinquentes,
1940 2639 1988 2710 si-

581 2766 640 2828 cnt
656 2777 720 2830 ncc
730 2759 886 2850 medico,
904 2761 993 2832 terro
1009 2759 1119 2833 infixo
1133 2761 1285 2852 vulneri,
1305 2763 1495 2836 tomentum
1508 2760 1675 2834 adbibere
1691 2761 1862 2835 medicine
1866 2813 1939 2834 .....

634 2905 651 2946 a
669 2881 707 2950 ln
721 2882 940 2956 conclusione
956 2903 1096 2978 quoqne
1110 2885 1250 2958 demum
1263 2883 1494 2978 haecadjecit,
1510 2883 1698 2956 exhortans
1713 2883 1806 2956 orbis
1817 2883 1989 2980 principes

583 3003 763 3075 universos
778 3013 818 3076 ut
835 3013 952 3076 contra
967 3015 1096 3079 tantam
1110 3008 1176 3080 sibi
1194 3009 1403 3104 prospiciant
1416 3007 1596 3080 avaritiam
1608 3015 1643 3080 et
1656 3007 1871 3103 iniquitatem
1881 3008 1985 3104 qnia:

834 3207 918 3266 'lunc
931 3213 983 3266 tua
995 3223 1043 3268 res
1055 3209 1153 3286 ugltnr
1166 3209 1260 3286 perles
1273 3223 1341 3268 cum
1355 3209 1508 3284 proximus
1521 3208 1615 3268 ardet.
1631 3233 1644 3262 a

415 3835 486 3922 3:¹¹3„
511 3909 517 3922 ,
637 3825 836 3936 Encyolica
857 3824 1033 3906 Friderici
1057 3825 1315 3910 Romanorum
1335 3825 1571 3933 imperatoris
1587 3823 1805 3934 justiciariis
1824 3823 1903 3905 suis
1919 3823 1987 3904 di-

584 3969 687 4042 recta
706 3987 784 4069 qna
800 3959 910 4069 jubet
938 3969 981 4042 ut
998 3958 1155 4067 praelati
1175 3958 1439 4053 ecclesiarum,
1470 3957 1636 4066 religiosi
1656 3967 1693 4039 et
1714 3955 1838 4038 clerici
1861 3956 1988 4037 diuina

624 4171 661 4253 (a)
672 4176 709 4234 In
722 4177 863 4251 impresso
876 4192 931 4248 mc,
946 4176 999 4235 scd
1012 4191 1102 4252 supra
1113 4190 1171 4233 nor.

621 4537 658 4603 tt)
675 4537 757 4591 lstarn
771 4540 860 4591 autem
874 4535 1023 4592 doctrinam
1041 4536 1148 4608 saepius
1165 4536 1194 4592 in
1213 4535 1309 4592 litteris
1322 4538 1446 4610 exposuit
1459 4529 1611 4609 imperator,
1632 4536 1776 4609 praecipua
1794 4541 1855 4609 post
1870 4549 1945 4592 suarn
1959 4535 1987 4590 in

583 4631 694 4688 concilio
709 4631 877 4704 lugdunensi
892 4631 1095 4704 depositionem.
1113 4631 1190 4701 (vid.
1206 4633 1355 4705 specialiter
1369 4634 1440 4690 Patr.
1456 4631 1609 4702 devincis,
1625 4631 1673 4689 lib.
1688 4633 1714 4703 1,
1730 4631 1836 4706 epistol.
1852 4632 1892 4701 11,
1907 4645 1987 4704 quarn

583 4727 650 4784 inira
664 4743 742 4784 suom
755 4727 789 4786 ad
803 4728 891 4783 locuun
902 4727 1110 4799 exhibebimus.)
