4702 6110
568 641 630 706 tos
1096 649 1268 712 ιιιιιιιι
1293 647 1459 710 suerunt
1794 651 1873 734 [arr.
1892 651 1978 715 taur.

652 803 740 886 (ndtt.
755 809 787 870 ln
799 809 928 872 Mosam.
947 811 1039 888 Boin,
1054 818 1125 876 tom
1141 785 1521 890 xxx,1'›m1·,u·oee‚
1542 827 1571 888 p.
1590 819 1663 886 ιιι,
1686 829 1725 874 ox
1745 815 1880 894 orlglnull
1899 813 1979 876 undo

691 915 824 994 sigillum
837 919 982 997 appendet
993 923 1026 982 ln
1045 921 1124 983 areb.
1139 919 1254 984 catbcd.
1270 919 1400 982 thsb.
1415 919 1586 997 desumpto,
1609 925 1641 981 ct
1660 921 1692 980 In
1715 937 1775 999 qno
1795 923 1891 998 prlma
1912 923 1978 984 doe

689 1029 837 1086 commata
858 1031 889 1088 st
907 1033 1018 1104 puncta
1030 1029 1109 1090 clarc
1121 1029 1365 1108 meduanum,
1380 1025 1462 1104 quod
1474 1025 1626 1103 bneurqne
1640 1025 1723 1088 nullo
1735 1027 1824 1088 modo
1836 1028 1978 1090 adlatum

688 1129 780 1192 inluso
798 1132 927 1195 rtdcmr.
939 1133 1106 1198 Exblbetur
1122 1151 1240 1214 qnoque
1258 1129 1375 1206 ibidem,
1396 1149 1427 1210 p.
1446 1139 1520 1206 art,
1534 1141 1569 1194 u·
1589 1141 1665 1208 tte,
1685 1133 1806 1196 alterlus
1826 1134 1978 1212 orlglnulls

691 1237 844 1316 onuphr
859 1239 891 1300 ln
903 1239 1084 1320 Augusteum
1100 1241 1222 1302 nrrblvo
1237 1240 1380 1302 murell
1392 1253 1462 1300 cum
1475 1237 1652 1316 quibusdam
1665 1241 1751 1317 punct
1763 1242 1907 1300 momenti
1918 1256 1978 1302 re-

687 1343 844 1420 rlnutlbut,
860 1347 917 1407 nlsl
930 1347 1012 1426 quod
1024 1349 1056 1410 ln
1068 1349 1125 1410 Isto
1137 1347 1221 1408 nulla
1233 1349 1354 1408 tullum
1372 1347 1481 1406 nno
1498 1347 1545 1405 nt
1566 1345 1705 1406 Formam
1723 1362 1815 1424 quam
1834 1347 1976 1426 elegimus

687 1449 1119 1532 cdlderuntlnsnpsrscunrn,
1136 1453 1249 1536 oripo
1276 1449 1382 1534 ΜΛ
1402 1457 1426 1512 t.
1442 1451 1482 1526 V,
1501 1461 1551 1526 ιι,
1570 1468 1610 1515 ex
1632 1453 1766 1532 orlglnnll
1788 1453 1868 1530 apud
1890 1453 1977 1516 bidn-

689 1555 1104 1634 enen.-110rrarm,flet.
1123 1561 1249 1636 Treuir„
1270 1565 1291 1621 t.
1314 1561 1344 1634 1,
1366 1567 1432 1620 lot.
1443 1557 1613 1632 -I’snrz,
1632 1557 1761 1618 Mosam.
1779 1557 1854 1619 slot
1869 1559 1975 1635 cm,

688 1669 709 1723 t
730 1663 782 1738 tv,
797 1673 867 1728 ²88.
879 1665 1020 1728 -Adsst
1032 1670 1122 1729 mam
1134 1667 1284 1745 exemplar
1294 1665 1516 1745 Mogontlnum,
1530 1664 1628 1744 alglllo
1641 1667 1756 1745 Integre
1774 1665 1975 1744 appendente,

688 1769 768 1848 quod
780 1771 858 1832 lnter
870 1777 960 1834 testes
970 1775 1071 1836 omlslt
1083 1774 1254 1837 Stbotonom
1266 1773 1482 1852 Augusteum
1494 1770 1688 1852 optscopum.)

617 2009 798 2083 Heinricus
819 2011 882 2084 Ilei
904 2012 1014 2106 gratia
1038 2013 1269 2086 Romanorum
1290 2035 1355 2086 rex
1376 2021 1411 2086 et
1434 2033 1570 2108 semper
1594 2020 1782 2106 augustus,
1805 2011 1977 2084 universis

567 2133 666 2230 regni
679 2133 735 2207 sui
748 2133 911 2208 fidelibus
928 2137 1074 2230 gratiam
1087 2159 1187 2210 suam
1201 2145 1236 2210 et
1252 2157 1355 2210 omne
1368 2137 1512 2210 bonum.
1529 2135 1688 2208 Volenles
1701 2135 1874 2231 principes
1889 2155 1976 2209 nos·

568 2265 639 2330 tros
657 2257 905 2332 ecclesiasticos
924 2267 959 2332 et
977 2258 1173 2334 mundanos
1194 2269 1393 2354 ceterosque
1410 2258 1529 2332 fideles
1544 2259 1643 2354 regni
1662 2259 1768 2333 nostri
1788 2259 1824 2330 in
1841 2281 1906 2332 sua
1928 2258 1975 2331 li-

567 2379 699 2453 bertate
720 2379 901 2454 ethonore
918 2403 1056 2456 servare
1077 2391 1112 2456 et
1129 2383 1243 2456 modis
1260 2383 1422 2457 omnIbns
1443 2383 1642 2475 confovere,
1664 2382 1708 2456 dc
1730 2383 1836 2477 regali
1858 2391 1976 2456 nostra

566 2501 801 2578 muntficentia
833 2505 977 2600 gratim
1007 2507 1058 2578 eis
1084 2506 1247 2600 lecimus,
1279 2529 1385 2602 qnam
1414 2529 1434 2586 a
1461 2505 1659 2580 civitatibus
1687 2507 1812 2580 nostris
1842 2505 1975 2581 eisdem

566 2629 728 2703 volumus
751 2629 995 2704 inviolabiliter
1012 2631 1202 2704 observari.
1225 2633 1419 2705 statuentes
1439 2629 1614 2728 inprimis,
1637 2631 1733 2726 quod
1752 2631 1887 2703 nullum
1906 2651 1976 2704 no-

565 2775 651 2826 vum
670 2761 820 2826 castrum
844 2755 901 2827 vel
930 2755 1104 2828 civitatem
1134 2755 1171 2828 in
1197 2754 1428 2850 prejudicium
1453 2753 1649 2850 principum
1675 2763 1873 2828 construere
1904 2753 1975 2827 de-

565 2875 723 2951 beamus.
750 2879 835 2951 Item
862 2879 959 2972 quod
979 2877 1028 2974 (a)
1049 2901 1139 2953 nova
1162 2881 1235 2954 lora
1263 2879 1405 2974 antiqua
1426 2899 1496 2952 non
1516 2879 1648 2975 possint
1667 2879 1877 2974 aliquatInus
1903 2879 1975 2950 im-

565 3000 699 3100 pedire.
720 3003 805 3074 Item
832 3023 935 3075 nemo
961 3013 1105 3098 cogatur
1128 3003 1175 3076 ad
1202 3003 1344 3098 aliquod
1372 3005 1485 3077 lorum
1511 3003 1560 3094 ire
1583 3003 1727 3076 invitus.
1757 3003 1841 3076 Item
1867 3011 1975 3076 strate

567 3127 709 3222 antique
730 3148 799 3200 non
822 3126 1037 3200 declinentur
1054 3127 1122 3200 nisi
1140 3127 1185 3201 de
1199 3129 1455 3201 transeuncium
1474 3129 1663 3200 voluntate.
1683 3127 1766 3200 item
1784 3127 1821 3198 in
1845 3127 1975 3200 civita-

567 3251 661 3324 tibus
678 3251 802 3325 nostris
820 3249 1002 3322 bannitum
1026 3249 1159 3322 miliare
1177 3249 1381 3346 deponatur.
1412 3251 1495 3323 Item
1516 3251 1757 3346 unusquisqne
1777 3249 1973 3346 principum

565 3375 794 3466 libertatibus,
808 3373 1120 3466 jurisdiotIonibus,
1142 3375 1377 3465 comitatibus,
1400 3375 1530 3467 centis,
1549 3375 1667 3448 liberis
1691 3375 1756 3447 sibi
1776 3375 1833 3447 vel
1853 3374 1974 3447 infeo-

566 3501 656 3576 datis
687 3507 804 3572 utatur
831 3497 970 3594 quiete,
1004 3497 1197 3572 secundum
1221 3507 1308 3570 terre
1332 3519 1395 3570 sue
1421 3499 1707 3574 consuetudinem
1731 3497 1969 3593 approbatam.

565 3625 651 3698 Item
673 3621 863 3717 oentgravii
882 3621 1049 3717 recipient
1068 3629 1186 3694 oentas
1206 3643 1227 3693 a
1244 3619 1385 3694 domino
1406 3629 1512 3710 terre,
1538 3619 1657 3692 veleb
1677 3639 1719 3692 eo
1736 3619 1797 3714 qui
1821 3640 1884 3714 per
1904 3617 1974 3692 do·

564 3749 699 3821 minum
718 3757 807 3820 terre
824 3745 927 3820 luerit
944 3746 1151 3819 infeudatus.
1172 3747 1257 3818 Item
1270 3745 1385 3818 locum
1404 3753 1502 3818 cente
1517 3765 1618 3817 nemo
1634 3741 1781 3815 mutabit
1793 3743 1869 3814 sine
1884 3762 1973 3814 con·

564 3895 670 3948 seusu
689 3871 821 3945 domini
843 3879 944 3943 terre.
969 3871 1052 3942 Item
1068 3869 1115 3942 ad
1131 3879 1247 3941 centes
1265 3869 1381 3940 nullus
1395 3867 1571 3964 synodalis
1591 3875 1745 3940 vocetur.
1767 3867 1850 3938 Item
1874 3865 1972 3938 cives

563 3999 625 4094 qui
651 3995 883 4089 Phalburgere
914 3992 1077 4066 dicuntur
1105 3992 1244 4088 penitus
1274 3992 1500 4087 deponantur.
1529 3993 1613 4063 Item
1640 4009 1764 4061 census
1786 3989 1968 4080 frumenti,

563 4121 655 4207 vini,
677 4118 842 4216 pecunie,
861 4118 916 4190 vel
932 4117 1008 4209 alii,
1029 4137 1118 4210 quos
1137 4116 1255 4188 rustici
1274 4117 1523 4189 constituerunt
1543 4115 1707 4186 hactenus
1723 4133 1761 4185 se
1781 4113 1969 4202 soluturos,

564 4246 774 4334 relaxentur,
793 4251 828 4315 et
845 4241 990 4314 ulterius
1012 4260 1080 4312 non
1102 4241 1323 4336 recipiantur.
1348 4241 1431 4312 Item
1453 4238 1666 4334 principum,
1687 4235 1872 4326 nobilium,
1898 4233 1972 4305 mi-

563 4365 803 4458 nisterialium,
823 4363 1045 4438 ecclesiarum
1066 4363 1224 4435 homines
1241 4363 1370 4460 proprii
1390 4363 1426 4434 in
1455 4361 1651 4436 civitatibus
1674 4359 1799 4432 nostris
1823 4379 1894 4431 non
1911 4379 1973 4430 re·

564 4491 747 4588 cipiantur.
770 4489 855 4563 Item
870 4487 1098 4584 priucipibus,
1120 4487 1308 4580 nobilibus,
1327 4485 1623 4573 ministerialibus,
1643 4481 1795 4557 ecclesiis
1812 4481 1974 4578 proprie-

601 4757 642 4833 (ι)
664 4751 1037 4836 Prolttrnqnodlnaltrro
1050 4751 1599 4832 quoniam,purumutrldetnrrecte
