4658 6132
573 627 634 692 188
1073 633 1289 700 antestaret
1313 635 1488 700 sucurre!
1798 633 1878 718 [llus.
1895 633 1985 698 lm

572 761 817 858 respondimus
833 763 931 860 qnod
947 786 1051 862 snper
1069 765 1137 842 hoc
1154 769 1342 863 plurimum
1358 768 1560 844 dolebamus
1574 767 1670 864 quud
1687 766 1733 842 de
1747 767 1803 842 his
1819 778 1855 843 et
1872 767 1986 843 eonsi-

571 885 715 960 milibns
743 885 925 960 consilium
955 887 1066 983 ipsius
1093 893 1384 966 excommunicati
1408 892 1483 968 sina
1512 891 1666 988 periculo
1694 890 1888 966 animuum
1914 911 1986 962 non

572 1009 751 1106 potuimus
767 1019 969 1106 expectem
990 1021 1025 1084 et
1044 1033 1125 1089 cum
1140 1015 1188 1089 ad
1204 1013 1271 1088 boc
1288 1015 1337 1088 nil
1350 1015 1451 1090 nobis
1468 1016 1652 1112 imperator
1664 1014 1901 1104 remandaret,
1926 1011 1986 1086 die

571 1131 730 1226 sequenti
739 1133 821 1206 lecit
829 1141 929 1206 extra
940 1133 1114 1210 civitatem
1123 1159 1185 1232 per
1194 1156 1377 1232 preconem
1389 1137 1566 1234 publicum
1576 1137 1778 1232 congregari
1786 1135 1987 1231 peregrinos

571 1255 782 1338 habitatores
800 1256 952 1335 civitatis
965 1280 1006 1340 ac
1021 1279 1081 1352 per
1094 1259 1262 1354 speciales
1273 1261 1413 1334 nuntios
1425 1261 1574 1356 prelatos
1586 1260 1690 1334 simul
1704 1269 1740 1332 et
1755 1259 1933 1352 religiosos
1947 1256 1985 1328 in

571 1379 707 1454 sabulo.
726 1380 817 1454 lnter
828 1401 917 1474 quos
931 1381 1007 1475 ipse
1027 1383 1251 1476 personaliter
1266 1384 1472 1458 constitutus
1489 1383 1602 1479 primo
1617 1381 1710 1478 cepit
1730 1380 1776 1456 de
1792 1380 1892 1454 uobis
1905 1400 1987 1474 gra·

571 1501 662 1574 riter
679 1503 845 1596 conqueri
859 1505 964 1577 lalsas
979 1504 1213 1598 querimoniae
1230 1506 1458 1597 cumulando;
1477 1504 1631 1580 secundo
1648 1504 1695 1578 ad
1711 1503 1828 1578 virum
1840 1523 1988 1576 venera·

570 1625 676 1702 bilem
698 1627 902 1720 magistrum
919 1627 1052 1723 Templi
1071 1649 1264 1703 sermonem
1280 1638 1482 1724 retorquens
1502 1630 1631 1700 lamam
1648 1649 1749 1701 snam
1769 1633 1914 1698 conatus
1934 1632 1988 1698 ast

571 1749 711 1845 publice
725 1751 832 1824 uariis
846 1773 889 1824 ae
900 1751 1002 1826 vanis
1017 1753 1361 1826 sermocinationibus
1375 1774 1445 1826 nun
1457 1751 1675 1825 mediocriter
1683 1750 1876 1840 obfuscare,
1887 1755 1922 1820 et
1935 1747 1988 1820 sic

572 1872 711 1968 culpam
726 1873 902 1969 propriam
922 1895 992 1966 qne
1009 1876 1089 1967 Jam,
1100 1875 1383 1950 manifestabatur
1402 1873 1603 1948 intendebat
1621 1873 1658 1944 in
1681 1871 1769 1945 alins
1788 1879 1987 1964 retorquere

573 1992 708 2069 addens
729 1994 826 2088 quod
851 2015 946 2068 nunc
959 1995 1081 2071 ultimo
1101 1995 1228 2074 milites
1251 1997 1494 2092 stipendiarios
1513 1995 1550 2066 in
1577 2015 1681 2066 suum
1703 1991 1934 2090 prejudicium
1951 1997 1987 2062 et

574 2138 762 2210 gravamen
779 2117 1026 2200 retinebamus.
1048 2119 1188 2214 Propter
1203 2120 1299 2214 quod
1317 2120 1391 2214 ipso
1403 2119 1549 2212 jubebat
1562 2117 1725 2214 omnibus
1737 2115 1905 2188 militibus
1926 2132 1987 2208 pa-

573 2239 721 2333 rsgrinis
745 2240 998 2335 cujuscumque
1025 2250 1140 2314 essem
1160 2242 1331 2334 nationis,
1357 2243 1449 2314 sicut
1475 2262 1515 2314 se
1540 2261 1675 2334 suaque
1698 2237 1907 2333 diligebant,
1941 2256 1988 2310 ne

575 2372 792 2436 remanerent
808 2364 949 2437 interra
968 2364 1015 2436 ab
1033 2365 1092 2438 illa
1114 2364 1173 2438 dle
1199 2366 1235 2438 in
1257 2374 1371 2456 antea,
1390 2365 1585 2462 precipiens
1605 2363 1721 2437 comiti
1735 2363 1865 2436 Thema
1880 2380 1988 2454 quem

573 2484 743 2558 ballivum
758 2486 795 2558 in
807 2495 897 2563 terra
910 2487 1103 2582 relinquere
1116 2487 1321 2583 disponebat
1336 2488 1365 2585 (t
1375 2493 1401 2582 ),
1418 2498 1458 2560 ιιι
1472 2507 1782 2582 quemeumqaeex
1795 2483 1989 2556 tuncinre·

574 2609 664 2682 niret
677 2610 817 2705 puniret
835 2611 1068 2706 corporaliter,
1090 2609 1180 2684 adeo
1197 2621 1236 2684 nt
1252 2613 1359 2684 unius
1379 2633 1470 2706 pena
1486 2611 1604 2684 multis
1628 2613 1716 2684 toret
1736 2608 1783 2681 ad
1806 2617 1984 2680 terrorem.

573 2731 888 2818 Quibusnmnibns
902 2734 1159 2824 consummatis,
1179 2735 1275 2806 nulla
1286 2733 1510 2807 excusatione
1526 2733 1584 2806 rel
1598 2731 1821 2827 responsione
1834 2728 1988 2802 admissa

574 2853 622 2928 ad
633 2876 675 2928 ea
691 2878 761 2948 que
779 2865 850 2930 tem
868 2855 1097 2950 ignominiose
1112 2857 1248 2930 lauant
1261 2857 1458 2950 divulgata,
1475 2856 1614 2928 reoessit
1630 2864 1666 2927 et
1683 2853 1798 2926 statim
1811 2851 1858 2924 ad
1870 2859 1989 2946 portas

575 2975 725 3053 civitatis
739 2977 935 3050 balistarios
951 2977 1034 3072 poni
1051 2977 1182 3068 statuit,
1198 2978 1390 3072 precipiens
1400 2978 1453 3050 eis
1467 2985 1507 3048 ut
1517 2979 1637 3050 iratres
1651 2974 1782 3070 Templi
1796 2973 1893 3045 exire
1908 2988 1988 3066 per·

577 3099 763 3192 mitterent,
783 3121 855 3178 non
876 3101 1016 3176 intrare.
1035 3102 1192 3193 Denique
1215 3111 1284 3174 tam
1304 3099 1470 3174 ecclesias
1489 3121 1595 3192 qnam
1620 3099 1689 3172 alia
1711 3100 1787 3171 loca
1800 3094 1990 3170 eminentia

579 3220 731 3299 civitatis
752 3223 882 3298 muniri
901 3223 1006 3315 jussit
1018 3222 1204 3296 balistariis
1222 3231 1257 3295 et
1275 3223 1350 3294 locu
1363 3222 1555 3317 specialiter
1576 3242 1639 3316 per
1652 3243 1725 3314 quo
1742 3219 1788 3292 ad
1803 3239 1866 3290 nos
1882 3227 1919 3290 et
1941 3215 1991 3291 ad

579 3342 722 3418 domurn
741 3345 873 3442 Templi
887 3346 1079 3420 habebatur
1093 3367 1272 3438 acoessus,
1289 3346 1475 3440 sciatisque
1494 3345 1590 3438 qnod
1605 3365 1784 3438 nunquam
1810 3339 1992 3414 Saracenis

579 3477 651 3540 mm
666 3469 785 3562 grume
801 3469 916 3542 extitit
932 3479 994 3542 aut
1007 3469 1153 3542 nocivus
1166 3471 1224 3542 vel
1238 3477 1353 3542 contra
1370 3489 1430 3540 eus
1443 3475 1577 3540 tautum
1595 3466 1783 3538 animosus.
1801 3463 1907 3554 Cujus
1924 3482 1992 3534 nes

580 3591 798 3685 manifestam
811 3591 977 3665 malitiam
993 3591 1243 3686 perpendentes
1257 3599 1326 3662 tum
1334 3591 1594 3684 prelatosquam
1606 3588 1807 3684 peregrinos
1820 3584 1990 3658 duximus

579 3713 836 3803 convocandos,
853 3713 1193 3812 excommunicantes
1208 3733 1326 3784 omnes
1340 3712 1418 3784 illos
1432 3712 1493 3805 qui
1508 3720 1626 3786 contra
1641 3711 1830 3782 Ecclesiam
1849 3707 1904 3780 rel
1920 3707 1990 3777 lra-

581 3847 650 3910 tres
660 3835 793 3930 Templi
807 3844 842 3908 et
851 3835 939 3910 alios
953 3843 1042 3908 terre
1049 3835 1226 3928 religiosos
1237 3836 1294 3906 vel
1308 3833 1505 3928 peregrinos
1516 3834 1583 3928 ipsi
1592 3831 1788 3927 imperatori
1802 3826 1988 3902 consilium

579 3959 821 4054 impenderent
846 3969 906 4031 aut
924 3961 1105 4051 juvamen.
1133 3959 1247 4042 Quare
1267 3957 1380 4048 magis
1402 3955 1633 4030 intumescens
1657 3955 1841 4050 imperatur
1867 3971 1991 4024 omnes

580 4081 741 4154 introitus
755 4080 838 4158 lecit
854 4080 1058 4174 diligentius
1072 4078 1257 4170 custodiri,
1277 4077 1438 4150 inhibens
1449 4099 1494 4150 ne
1507 4078 1553 4150 ad
1566 4099 1629 4150 nos
1640 4079 1696 4150 vel
1708 4077 1841 4150 adillos
1852 4073 1915 4168 qui
1926 4093 1992 4145 nn·

580 4203 717 4276 biscum
735 4212 851 4276 essent
865 4204 1032 4276 victualia
1045 4203 1238 4276 deferentes
1251 4201 1576 4296 appropinquarent,
1596 4223 1729 4296 ponens
1744 4199 1903 4290 undique
1921 4196 1994 4268 ba-

580 4327 729 4400 listarios
743 4337 779 4400 et
793 4328 989 4422 sagittarios
1004 4327 1134 4421 quibus
1155 4347 1218 4398 nos
1234 4335 1268 4397 et
1281 4327 1402 4396 tratres
1419 4325 1551 4420 Templi
1566 4345 1608 4396 ao
1621 4324 1823 4419 peregrinos
1840 4319 1996 4415 grunitu

618 4623 654 4696 (ι)
676 4623 728 4680 llic
739 4622 826 4696 agitur
849 4623 883 4680 dc
901 4624 999 4682 comita
1014 4623 1188 4690 boemerum,
1203 4620 1250 4692 qui
1262 4617 1352 4676 ballivi
1367 4618 1473 4676 ballum
1487 4619 1574 4676 adbuc
1587 4617 1705 4690 gerebat,
1719 4621 1749 4672 ut
1764 4631 1846 4689 supra
1858 4613 1991 4672 vidimus.

580 4721 757 4779 ameumen
768 4719 1157 4795 imperatorpoetseballirum
1168 4731 1222 4773 uon
1231 4713 1347 4787 reliquit,
1358 4714 1406 4772 sed
1416 4715 1483 4772 dnus
1492 4714 1567 4774 ulos.
1577 4711 1617 4770 Ct.
1627 4729 1657 4786 p.
1667 4715 1796 4782 teanot.
1808 4715 1824 4767 ³
1837 4714 1866 4768 et
1878 4725 1908 4783 p.
1924 4709 1990 4766 tlt.
