4702 6110
541 656 601 720 ltlss
1067 657 1238 724 lllllllllcl
1262 661 1429 726 strutar
1761 663 1841 750 [dn.
1859 665 1948 730 128⁰.

542 791 648 864 tentia
660 789 870 886 principum,
888 789 934 864 de
950 791 1127 885 regalibus
1142 795 1322 872 Bisuntine
1342 797 1491 873 diocesis
1510 797 1752 874 investivimus
1771 799 1946 894 cumdem,

542 914 746 989 mandantes
772 913 989 988 universitati
1017 926 1132 992 vestre
1158 939 1222 1016 pcr
1248 929 1399 994 nostram
1422 928 1458 994 et
1481 921 1617 1017 imperii
1638 923 1784 1016 gratiam
1808 922 1951 998 firmiter

542 1037 765 1134 precipiendo
782 1047 954 1134 quatenus
971 1042 1211 1136 prenominato
1234 1044 1493 1142 archiepiscopo
1508 1045 1555 1119 de
1576 1047 1739 1122 omuibus
1754 1048 1896 1140 justitiis
1914 1059 1950 1124 et

540 1161 731 1236 rationibus
744 1163 888 1236 enclesis
903 1163 1083 1239 Bisuntine
1105 1167 1207 1262 plene
1222 1167 1460 1264 respondeatis
1475 1179 1510 1242 et
1528 1179 1693 1266 unquam
1711 1171 1853 1246 domiuo
1868 1193 1948 1246 ves·

540 1297 592 1358 tro
608 1307 671 1382 per
691 1287 807 1360 omnia
829 1287 1030 1364 intendatis.
1059 1290 1212 1365 Scientes
1227 1292 1325 1388 quod
1343 1293 1458 1390 ipsum
1483 1294 1615 1368 sinoue
1631 1295 1811 1390 diligimus
1828 1305 1864 1369 et
1888 1297 1949 1370 io-

540 1431 680 1502 vemus,
706 1410 793 1483 nihil
815 1431 936 1484 eorum
962 1435 1032 1508 quc
1058 1415 1240 1489 commodo
1263 1437 1328 1490 suo
1352 1416 1547 1491 conducere
1569 1417 1741 1514 potuerint
1765 1427 1800 1492 et
1825 1418 1947 1494 honori

540 1535 733 1609 omittentes
750 1543 786 1608 et
802 1535 910 1608 veluti
930 1537 1133 1634 precipuum
1153 1538 1289 1636 imperii
1302 1540 1494 1636 principem
1511 1551 1766 1637 promoventes,
1779 1549 1815 1615 et
1830 1542 1947 1616 omnia

537 1659 617 1750 iura
629 1657 743 1732 cidem
755 1657 972 1734 reddidimus
985 1683 1055 1756 que
1071 1661 1330 1758 predecessores
1345 1663 1401 1736 sui
1413 1685 1436 1738 a
1448 1664 1549 1738 nobis
1560 1665 1618 1738 vel
1631 1665 1755 1738 nostis
1764 1663 1946 1761 predeces-

541 1782 677 1856 soribus
690 1781 857 1856 hacteuus
872 1791 1069 1857 tenuerunt.

586 1908 713 1981 Datum
730 1907 827 2003 apud
839 1907 987 1998 Ulmam,
1003 1909 1080 2022 lllll
1096 1909 1262 1986 kalendas
1279 1911 1414 2008 aprilis,
1431 1909 1619 1986 indictione
1635 1911 1748 1986 tertia.

1211 2499 1261 2570 11.

590 2673 717 2756 Altera
738 2644 1188 2780 praecedentis'mandaci
1211 2668 1335 2754 forma
1355 2671 1403 2754 dc
1422 2669 1644 2756 investitura
1660 2667 1847 2781 regalium
1870 2666 1942 2752 Ni-

538 2806 644 2892 colao
658 2804 937 2914 archiepiscopo
952 2803 1152 2888 Bisuntino
1166 2829 1358 2890 concessa.

619 3050 705 3123 (sua
722 3045 805 3123 ibid,
814 3057 848 3110 u·
860 3047 943 3124 L1v;
958 3047 1024 3110 coll
1038 3064 1108 3110 oum
1121 3049 1213 3126 copiis
1232 3045 1462 3121 recentiortlrua,
1476 3045 1548 3108 llrld.
1563 3051 1600 3109 ut
1613 3061 1694 3124 supr.
1710 3042 1764 3107 tol.
1779 3045 1861 3117 aar.)

584 3259 751 3333 Heuricus
771 3257 835 3332 Dei
856 3257 967 3352 gratia
985 3257 1216 3332 Romanorum
1231 3279 1296 3331 rex
1317 3266 1353 3332 ct
1372 3279 1507 3354 semper
1524 3267 1714 3353 augustus,
1739 3253 1937 3346 intendatis,

537 3381 828 3474 ministerialibus,
848 3365 1016 3454 militibus
1037 3391 1072 3454 et
1091 3381 1228 3454 civibus
1250 3381 1424 3454 universis
1439 3381 1574 3478 imperii
1589 3379 1751 3456 fidelibus
1763 3373 1942 3452 anuntio

537 3509 680 3583 ecclesie
694 3507 824 3602 quibus
838 3505 903 3578 hee
917 3505 1029 3580 littora
1044 3513 1180 3580 ostense
1196 3505 1337 3596 luerint,
1353 3505 1499 3600 gratiam
1513 3526 1612 3578 suam
1626 3512 1662 3577 ct
1678 3523 1781 3577 omne
1792 3503 1936 3576 bouum.

536 3630 766 3706 Aooedeutem
791 3628 838 3703 ad
858 3649 923 3702 uos
943 3629 1177 3703 venerabilem
1203 3629 1394 3725 principem
1418 3637 1574 3702 nostrum
1598 3627 1776 3700 Nicolaum
1800 3625 1939 3700 armic-

534 3757 714 3852 pisoopum
739 3753 957 3826 Bisuntinum
980 3752 1026 3826 de
1050 3753 1225 3847 regalibus
1248 3751 1415 3826 dioecesis
1436 3752 1614 3825 Bisuntine
1632 3750 1889 3838 investivimus,
1904 3756 1940 3821 et

536 3881 652 3952 omnia
674 3879 753 3970 jura
773 3875 887 3950 eidem
912 3875 1078 3971 reportari
1094 3875 1240 3950 iacimus
1262 3895 1333 3970 que
1357 3875 1615 3972 predecessores
1635 3875 1691 3947 sui
1716 3897 1738 3947 a
1760 3871 1861 3947 nobis
1882 3869 1939 3944 vel

535 3999 834 4098 predecessoribus
852 3998 975 4072 uostris
995 3998 1151 4073 obtinere
1173 3999 1341 4074 hacteuus
1369 3999 1544 4074 communi
1567 3997 1763 4096 principum
1788 3996 1938 4070 dictame

533 4124 701 4200 sententia
722 4130 940 4213 merueruut;
965 4119 1196 4216 eumdemque
1228 4121 1419 4218 principem
1451 4131 1605 4196 nostrum
1630 4121 1764 4194 siucero
1793 4117 1938 4212 diligere

535 4251 696 4324 volumus
714 4257 750 4320 et
771 4248 889 4320 lovere
910 4245 948 4318 in
972 4252 1106 4318 tantum
1129 4254 1168 4318 ut
1183 4247 1395 4341 quicumque
1419 4247 1533 4342 ipsum
1548 4243 1706 4335 offendit,
1726 4243 1937 4335 majestatem

529 4347 685 4446 'noscam
708 4391 747 4444 se
771 4369 907 4444 noverit
921 4367 1155 4463 offensurum
1179 4369 1384 4443 mandantes
1406 4368 1619 4442 universitati
1636 4375 1750 4440 vestre
1767 4387 1829 4462 per
1849 4383 1937 4438 uos-

534 4511 622 4570 tram
655 4505 691 4569 et
720 4493 855 4590 imperii
893 4493 1039 4588 gratiam
1068 4491 1210 4596 firmiter
1244 4491 1467 4590 precipiendo
1497 4499 1667 4587 quatenus
1700 4487 1936 4586 prenominato

533 4620 680 4716 principi
696 4629 811 4692 nostro
828 4619 907 4712 jura
930 4639 995 4690 sua
1015 4616 1090 4708 sine¹
1110 4617 1339 4692 diminutione
1354 4617 1470 4710 aliqua
1485 4615 1617 4688 illibata
1640 4623 1676 4690 et
1692 4614 1825 4708 integra
1844 4631 1935 4684 cou-

534 4744 676 4819 servetis
699 4745 883 4840 ipsumque
910 4751 946 4815 et
970 4741 1136 4816 honoram
1156 4765 1259 4817 suum
1282 4751 1317 4814 et
1335 4741 1427 4815 bona
1449 4740 1542 4815 sedis
1567 4761 1631 4814 sue
1650 4738 1788 4832 juribus
1809 4736 1935 4811 deien-
