4702 6110
384 595 481 656 lrtnrcr.
497 589 539 676 3.]
833 585 1032 649 ttlstoltte
1057 582 1351 646 otvnottlttlclt.
1738 575 1800 638 tta

383 729 501 808 omnia
510 727 591 820 jura
609 723 771 803 anostris
790 720 1092 818 predecessoribus
1109 719 1176 816 ipsi
1192 719 1337 794 ecclesie
1353 718 1489 793 indulta
1502 715 1632 790 illibate
1649 723 1685 788 et
1699 713 1797 786 lirma

383 852 609 950 proponimus
627 867 844 924 conservare.
866 845 952 919 lnde
966 854 1019 920 est
1038 843 1135 939 quod
1150 843 1217 917 sub
1231 843 1373 918 obtentu
1393 850 1509 917 nostre
1529 841 1638 937 gratie
1655 837 1798 912 tirmiter

385 977 596 1075 precipimus
624 980 798 1068 quatenus
822 971 940 1044 nullus
962 991 1051 1042 ausu
1073 969 1201 1042 ductus
1221 967 1403 1042 temerario
1425 968 1516 1041 bona
1541 973 1720 1062 prenotate
1742 985 1799 1037 ec·

385 1101 489 1176 clesie
506 1099 575 1174 sibi
598 1117 768 1193 usurpare
786 1103 962 1192 presumat
984 1103 1046 1168 aut
1063 1093 1100 1165 in
1123 1093 1241 1188 aliquo
1261 1091 1520 1189 dampnificare.
1541 1089 1644 1176 Quod
1666 1089 1727 1184 qui
1750 1088 1799 1162 le

384 1225 489 1311 nent,
521 1244 664 1318 gravem
693 1221 859 1294 offensam
891 1228 1005 1292 nostre
1032 1215 1247 1290 celsitudinis
1280 1239 1319 1292 se
1344 1217 1480 1290 noverit
1506 1217 1739 1307 incursurum,
1764 1223 1799 1288 et

384 1350 537 1445 dampna
552 1369 622 1443 que
634 1343 750 1420 eidem
763 1343 908 1418 ecclesie
921 1341 1040 1416 lecerit
1056 1341 1191 1437 abipso
1207 1342 1437 1436 requiremus.

434 1476 559 1547 Datum
571 1467 927 1568 apndNurembeuch,
944 1468 1017 1540 llll‘
1032 1465 1114 1542 idus
1124 1466 1228 1562 junii,
1246 1466 1435 1542 indictione
1447 1467 1503 1538 lll.

597 1781 1141 1794 ————*-——-n—-—-fflun-··
1152 1781 1332 1788 nan-..-nunan-
1349 1781 1354 1788 .

1052 2033 1122 2105 lll.

463 2213 586 2288 (incdit.
599 2211 718 2282 Ibidem.
730 2213 783 2276 tol.
799 2221 855 2274 ott
870 2209 973 2290 recto.)

432 2399 472 2471 E.
489 2398 552 2472 Dei
569 2399 679 2492 gratia
697 2396 982 2472 Babenberiensis
999 2395 1194 2493 episcopus,
1212 2396 1385 2470 universis
1398 2394 1521 2468 Christi
1543 2393 1705 2470 fidelibus
1717 2419 1795 2494 pre·

382 2533 496 2598 sentes
516 2523 645 2596 litteras
670 2523 878 2618 inspecturis
903 2521 1107 2596 salutemet
1132 2522 1401 2594 omnebonum.
1426 2521 1568 2594 Noverit
1589 2522 1796 2596 universitas

382 2655 496 2720 vestra
521 2645 617 2741 quod
640 2667 704 2720 nos
730 2645 827 2741 apud
848 2646 1069 2720 Neurenberc
1090 2655 1263 2742 presentes
1288 2645 1419 2719 luimus
1441 2647 1478 2718 in
1500 2647 1580 2720 aula
1603 2647 1712 2742 regali
1732 2648 1793 2720 ubi

381 2771 623 2845 serenissimus
636 2771 806 2844 dominns·
821 2778 937 2843 nostm
952 2772 995 2842 H.
1013 2771 1245 2844 Romanorum
1264 2791 1328 2844 rex
1345 2781 1379 2844 et
1397 2791 1533 2866 semper
1546 2781 1717 2862 augustus
1734 2793 1796 2868 per

377 2894 549 2988 judicium
574 2893 684 2990 (l...
714 2893 888 2968 abbatisse
910 2894 1096 2968 Nivellensi
1119 2895 1215 2990 quod
1239 2904 1370 2991 spectet
1389 2895 1435 2968 ad
1458 2895 1637 2968 ecclesiam
1657 2897 1714 2969 vel
1734 2897 1796 2970 ab·

379 3020 509 3093 baliam
521 3019 765 3107 Nivellensem‚
782 3039 853 3112 que
866 3019 983 3092 omnia
999 3029 1082 3092 sunt
1096 3021 1163 3092 sub
1181 3020 1326 3093 tuitione
1343 3019 1487 3094 dextere
1502 3021 1641 3116 regalis,
1656 3019 1703 3096 ad
1715 3021 1795 3094 uni·

380 3153 483 3216 tatem
496 3145 685 3217 revocavit.
702 3144 736 3215 Si
750 3143 853 3216 etiam
867 3165 929 3240 per
941 3144 1187 3240 negligentiam
1199 3144 1371 3218 dictorum
1384 3155 1638 3218 comessorum
1651 3167 1795 3220 suorum

380 3267 571 3363 privilegiis
594 3267 686 3342 dicte
708 3267 853 3340 ecclesie
875 3269 931 3340 vel
955 3267 1092 3342 abbatie
1116 3269 1219 3342 luerit
1241 3269 1444 3365 derogatum
1470 3269 1506 3341 in
1523 3269 1654 3366 aliquo,
1677 3269 1793 3368 ipsum

380 3389 514 3462 irritum
540 3391 730 3465 decernens
758 3391 940 3488 privilegia
967 3403 1003 3465 et
1037 3393 1212 3467 libertates
1233 3393 1319 3490 ipsis
1342 3395 1388 3466 ab
1422 3393 1698 3470 antecessoribus
1719 3391 1794 3470 ¹suis

379 3513 518 3587 collatas
534 3515 751 3612 approbavit.

427 3635 551 3711 Actum
566 3663 658 3714 anno
672 3641 809 3716 Domini
827 3641 1008 3717 millesimo
1023 3641 1260 3716 ducentesimo
1274 3641 1462 3738 tricesimo,
1478 3665 1598 3720 mense
1610 3646 1714 3740 junii.

1054 4218 1115 4290 lv.

459 4359 584 4441 (lnedtt.
598 4361 719 4437 Ibidem,
734 4363 787 4426 tol.
809 4375 845 4427 17
859 4365 973 4447 verso)

424 4523 466 4594 li.
489 4521 533 4598 de
554 4523 731 4622 Nympbe,
747 4525 941 4602 Fridsricus
958 4526 1003 4602 de
1017 4525 1305 4624 Trahendingen,
1322 4529 1504 4606 Anselmus
1527 4533 1573 4608 de
1591 4534 1784 4632 lustingen‚

416 4693 457 4780 (a)
476 4697 566 4763 Plura
578 4699 697 4778 duent.
712 4703 765 4766 sed
782 4703 871 4768 laetle
883 4722 922 4768 ex
935 4707 1113 4770 documento
1126 4710 1260 4788 sequenti
1273 4709 1454 4789 supplentur.
