4658 6132
552 621 610 683 128
1050 627 1263 696 aalbualcl
1289 633 1464 698 sactum
1772 638 1852 717 [dtu.
1871 637 1958 713 1229,

549 755 672 838 eidem
689 753 872 862 iohanni,
901 782 1049 841 necnon
1068 769 1106 844 et
1127 761 1385 850 barbacanam
1406 791 1526 877 quam
1539 793 1606 852 rex
1627 767 1818 854 lohannes
1837 771 1961 856 eidem

548 885 681 969 domni
693 886 798 970 dedit
820 896 858 970 ct
874 896 1015 972 terram
1034 919 1134 1003 quae
1152 899 1326 982 consistit
1342 900 1440 984 inter
1454 925 1614 984 murum
1626 901 1787 986 Acconis
1799 911 1837 986 et
1853 929 1962 990 mare

548 1043 638 1100 cum
655 1017 807 1102 licentia
831 1020 1068 1107 aedificandi.

629 1264 753 1344 (luedlt,
768 1269 801 1330 ln
814 1267 929 1332 archiv.
945 1271 1114 1352 melma
1126 1277 1202 1342 llhro
1214 1280 1321 1359 ccplrll
1333 1281 1430 1344 ordln.
1443 1281 1605 1356 Thautou.)

596 1497 819 1593 Fredericus,
836 1501 899 1576 Dei
914 1505 1024 1598 gratia
1040 1507 1273 1584 Romanorum
1287 1511 1485 1608 imperator,
1504 1531 1641 1608 semper
1655 1519 1844 1604 augustus,
1865 1511 1960 1586 lem·

546 1621 666 1696 solime
685 1631 721 1696 et
733 1624 848 1698 Sicilie
860 1648 937 1700 rex.
956 1629 992 1700 Si
1012 1628 1060 1703 ad
1079 1631 1250 1706 Eocloeias
1264 1635 1469 1708 etlocalleo
1483 1633 1597 1708 dicata
1608 1633 1759 1726 benigne
1774 1633 1959 1728 dirigimus

546 1745 654 1818 aciem
667 1747 792 1820 mentis
801 1759 933 1844 nostre,
951 1761 986 1824 et
1002 1773 1122 1826 eornm
1133 1757 1372 1850 prospectibus
1385 1757 1598 1832 intendimus
1611 1757 1807 1854 diligenter,
1827 1756 1958 1832 nedum

545 1879 662 1942 eterne
683 1871 918 1946 retributionis
932 1876 1073 1968 merita,
1092 1877 1155 1952 sed
1179 1879 1295 1954 landis
1310 1882 1472 1976 preconia
1487 1881 1731 1978 consequimur
1746 1880 1955 1977 temporalis.

545 1993 836 2088 Universisigitnr
853 2005 923 2070 tam
937 2001 1156 2094 presentibus
1173 2023 1278 2096 qnam
1297 2003 1423 2076 tuturis
1440 2005 1604 2078 volumus
1628 2026 1705 2078 esse
1724 2011 1845 2076 notum
1861 2001 1959 2099 quod

545 2136 609 2190 nos
633 2117 891 2192 considerantes
913 2121 1090 2196 honestam
1110 2125 1219 2198 vitam
1238 2133 1273 2198 et
1292 2125 1493 2221 religionem
1511 2126 1724 2202 laudabilem
1743 2126 1857 2200 trahis
1873 2127 1958 2202 ller-

544 2239 676 2332 manni,
692 2242 900 2316 venerabilis
912 2227 1068 2340 magistri
1082 2257 1117 2320 ct
1129 2247 1272 2322 iratum
1283 2247 1409 2322 domus
1422 2259 1540 2325 sancte
1553 2250 1661 2324 Maria
1672 2249 1958 2324 Theotoninorum

545 2363 581 2435 in
593 2363 1001 2442 lerosolimadevolorum
1010 2379 1223 2468 nostrumm3
1238 2373 1454 2448 attendentes
1462 2373 1960 2469 quidemquodquamcunque

543 2485 764 2582 benignitatis
786 2490 932 2585 gratiam
952 2493 999 2567 ad
1023 2494 1117 2592 ipsos
1129 2495 1360 2588 effundimus,
1384 2497 1451 2593 ipsi
1469 2497 1542 2592 regi
1562 2517 1684 2592 regum
1700 2496 1856 2570 omnium
1875 2495 1959 2570 exi-

542 2608 666 2684 bamus
690 2611 735 2686 de
757 2616 857 2708 cujus
880 2637 1024 2692 munere
1045 2619 1190 2696 feliciter
1212 2621 1368 2696 vivimus
1387 2629 1422 2696 et
1445 2641 1649 2716 mgnamus,
1675 2615 1721 2694 de
1747 2619 1959 2694 liberalitatis

542 2745 657 2810 nostre
674 2736 785 2830 gratia
797 2745 832 2810 et
843 2737 970 2812 intuitu
988 2741 1222 2816 retributionis
1236 2753 1371 2836 eterne,
1388 2765 1430 2818 ac
1444 2763 1506 2838 pro
1520 2742 1674 2818 remedio
1688 2743 1882 2816 animarum
1901 2741 1957 2816 di·

542 2879 667 2932 vorum
679 2869 906 2954 angustorum
922 2873 1104 2959 parentum
1118 2875 1153 2940 et
1169 2866 1452 2962 predecessorum
1467 2875 1660 2940 nostrornm
1671 2865 1958 2940 lerosolimitanc·

543 3003 621 3054 rum
642 3003 765 3078 regum
784 2984 948 3058 memorie
972 2985 1173 3076 recolende,
1199 3008 1263 3083 pro
1293 2987 1404 3063 salure
1426 3009 1567 3084 quoque
1589 2999 1705 3062 nostra
1728 2997 1765 3062 et
1788 2987 1956 3062 heredum

543 3111 748 3197 nostrornm,
761 3106 985 3180 concedimus
995 3115 1031 3180 et
1043 3105 1286 3182 confirmamus
1298 3112 1430 3206 prelato
1438 3112 1602 3204 magistro
1614 3111 1819 3186 etiratrihus
1830 3109 1957 3186 domus

541 3235 660 3302 sancta
673 3228 781 3302 llario
794 3229 1079 3304 Theolonicornm
1093 3240 1129 3306 ct
1144 3233 1401 3307 successoribus
1415 3235 1489 3308 suis
1501 3255 1544 3308 ac
1560 3255 1681 3308 eorum
1696 3233 1817 3308 domui
1829 3255 1957 3310 memo·

542 3358 627 3444 rate,
642 3351 785 3424 domum
797 3374 903 3446 quam
914 3362 1073 3428 emerunt
1086 3375 1108 3428 a
1119 3354 1275 3430 Iohanne
1286 3356 1332 3431 dc
1343 3356 1509 3448 Cbonchi‚
1521 3378 1585 3453 pm
1596 3357 1769 3432 sexcentis
1781 3365 1817 3430 et
1830 3357 1956 3452 viginti

540 3474 690 3548 marchis
704 3476 850 3570 argenti,
870 3485 905 3549 et
921 3498 984 3574 pro
1001 3477 1070 3550 alia
1089 3476 1194 3552 domo
1214 3500 1320 3574 quam
1335 3481 1426 3554 ultra
1443 3481 1603 3556 marchas
1626 3481 1720 3578 ipsas
1737 3481 1872 3576 argenti
1893 3481 1955 3556 de·

540 3597 667 3672 derunt
684 3597 798 3672 eidem
818 3596 985 3690 Iohanni,
1011 3599 1112 3673 silam
1123 3603 1227 3694 juxta
1242 3602 1421 3676 ecclesiam
1441 3603 1556 3677 Sancti
1579 3603 1734 3700 Sepulcri
1755 3625 1836 3678 cum
1859 3603 1955 3678 omni

426 3741 429 3750 ’
540 3719 710 3818 proprisio
723 3729 759 3795 ct
770 3720 991 3818 pertinenciis
1006 3723 1101 3814 suis,
1120 3723 1243 3800 dantes
1259 3725 1310 3799 eis
1322 3725 1502 3802 licenciam
1517 3726 1740 3801 construendi
1752 3727 1894 3802 wollarn
1908 3723 1955 3800 ab

540 3844 607 3918 alia
620 3843 725 3918 domo
742 3865 863 3918 eorum
877 3867 983 3940 quam
1000 3847 1097 3943 prius
1109 3847 1319 3942 habuerant,
1338 3871 1453 3946 nsque
1465 3850 1513 3924 ad
1534 3849 1677 3924 domum
1694 3851 1823 3947 ipsam3
1839 3849 1887 3922 ita
1903 3855 1955 3922 ta·

540 3989 620 4041 men
640 3968 736 4064 quod
761 3969 874 4066 platea
900 3969 1041 4066 publica
1060 3971 1210 4044 civitatis
1231 3993 1301 4068 qne
1320 3973 1448 4048 dividit
1473 3973 1595 4048 domos
1612 3974 1706 4071 ipsas
1725 3979 1865 4069 propter
1887 3971 1955 4046 boc

540 4101 690 4188 nequeat
708 4092 882 4188 impediri.
903 4092 1132 4168 Concedimns
1152 4093 1294 4192 insuper
1318 4103 1353 4168 et
1370 4095 1615 4170 confirmamus
1636 4095 1770 4170 eisdem
1788 4093 1954 4168 barbaca-

540 4237 622 4288 nam
636 4215 731 4288 illam
751 4237 857 4310 quam
880 4215 1021 4289 illustris
1041 4238 1106 4290 rex
1123 4217 1296 4292 lohannes
1313 4219 1396 4292 olim
1413 4219 1568 4316 predicte
1586 4219 1707 4294 domui
1728 4216 1898 4292 mucessit
1918 4225 1955 4290 et

541 4339 652 4432 dedit,
675 4337 766 4412 sicut
787 4339 823 4410 in
847 4339 1003 4432 ejusdem
1023 4341 1115 4436 regis
1138 4341 1322 4442 privilegio
1345 4343 1482 4440 plenius
1510 4352 1546 4416 et
1564 4343 1717 4440 apertius
1737 4340 1950 4433 continetur,

542 4483 677 4538 necnon
690 4472 726 4536 et
739 4472 845 4536 totam
859 4471 985 4538 terram
1000 4485 1070 4559 que
1086 4467 1240 4540 consistit
1251 4467 1341 4542 inter
1354 4489 1495 4540 murum
1503 4465 1654 4540 civitatis
1668 4474 1784 4540 nostre
1804 4461 1953 4538 Acconis

541 4597 577 4660 et
599 4609 712 4680 mare,
742 4587 905 4660 videlicet
925 4595 1063 4686 aporta
1084 4610 1154 4684 qne
1177 4591 1306 4664 dicitnr
1329 4591 1486 4665 Gaulridi
1504 4590 1616 4684 Torti,
1635 4609 1748 4685 nsque
1766 4586 1814 4662 ad
1836 4587 1953 4662 locum

542 4711 640 4784 illum
655 4711 718 4786 ubi
735 4709 811 4784 finit
827 4711 993 4804 jamdicta
1015 4711 1211 4786 barbacano
1230 4713 1384 4814 predicte
1403 4713 1528 4790 domus
1550 4735 1631 4788 cnm
1652 4711 1815 4788 omnibns
1834 4709 1954 4802 statio
