4702 6110
352 643 451 706 tana.
466 641 510 720 s]
797 634 995 697 ulsroara
1019 631 1315 694 nlnnouarrcs.
1706 629 1768 691 scs

353 775 532 860 recedens
545 769 649 880 apud
666 767 901 878 llerhipolim
918 767 1122 851 concilium
1143 764 1372 876 provinciale
1390 765 1540 868 indicit3
1566 765 1633 847 sed
1655 767 1766 848 reni-

353 905 521 991 tentibus
542 900 778 1012 principibus
791 900 897 982 laicis
919 909 958 982 et
974 899 1107 1008 paucis
1125 899 1371 982 ecclesiarum
1388 897 1567 1007 praelatis
1584 898 1768 980 venienti·-

355 1037 445 1144 hus,
460 1038 550 1122 inde
567 1034 734 1120 recessit.
755 1035 914 1120 Genava.
931 1032 1028 1119 llou.
1047 1033 1198 1137 Concu,
1215 1031 1264 1114 ad
1283 1057 1374 1116 ann.
1399 1031 1516 1112 1230.

573 1415 865 1427 ——--—-----
874 1412 1218 1422 ——-..--—----—--..—
1227 1412 1249 1419 .-
1257 1413 1267 1417 -
1277 1413 1290 1418 v.
1310 1413 1322 1418 -
1330 1411 1359 1418 .-ι
1367 1411 1391 1418 ι...
1404 1410 1540 1418 ..-υ-...-

410 1651 589 1736 hlhertus
606 1652 686 1734 dux
704 1648 911 1752 Senoniae,
926 1646 1112 1730 Henricus
1124 1671 1252 1729 comes
1266 1645 1450 1728 decaniae
1464 1644 1580 1728 frater
1591 1645 1674 1756 ejus
1688 1647 1772 1729 alii·
1818 1657 1954 1755 “3th

355 1811 431 1896 quc
449 1784 596 1868 nobiles
613 1809 682 1894 per
699 1782 904 1866 Saxoniam
919 1779 1112 1864 constituti
1132 1778 1444 1888 archiepiscopis,
1463 1779 1648 1888 episcopis
1663 1779 1772 1862 aliis-

356 1943 432 2028 que
449 1917 627 2028 praelatis
645 1915 890 2000 ecelesiarum
905 1913 1153 1998 Alamanniae
1178 1913 1339 1996 suadent
1356 1921 1400 1994 ut
1416 1911 1573 1994 viriliter
1585 1911 1772 1997 obsistant

355 2049 562 2157 cardinali,
580 2049 777 2134 servitutes
790 2057 828 2132 et
839 2047 1103 2158 oppressiones
1118 2044 1285 2129 ecclesiis
1303 2043 1482 2126 inducere
1494 2045 1706 2128 meditanti.

1836 1767 1939 1818 cirum]

437 2267 525 2350 (snt.
541 2285 590 2348 ap.
606 2265 1065 2344 Amsarcnrradann.1ttt,ln
1075 2263 1233 2338 Laraurrz,
1247 2261 1487 2336 casaenovae,
1503 2268 1527 2324 t.
1540 2264 1584 2340 11,
1600 2279 1631 2342 p.
1649 2269 1731 2340 stt.)

410 2481 427 2526 c
446 2455 532 2528 Cum
549 2455 712 2529 dominus
727 2455 806 2528 Otto
818 2451 1005 2526 cardinalis
1018 2451 1185 2526 voluisset
1200 2449 1235 2522 in
1249 2449 1455 2523 Alamannia
1469 2450 1653 2523 concilium
1669 2474 1772 2526 snum

356 2589 473 2654 tenme
487 2580 582 2675 apud
604 2579 814 2675 Hcrhipolim
831 2577 1026 2666 civitatem,
1046 2597 1128 2670 qnae
1151 2574 1355 2668 Wiroeburg
1380 2574 1521 2668 dicitnr,
1541 2575 1636 2647 misit
1655 2587 1773 2652 contra

356 2725 437 2778 enm
452 2703 580 2776 litteras
594 2703 678 2776 istas
692 2702 769 2776 dux
783 2701 946 2776 Saxoniae
961 2723 1041 2774 cum
1054 2700 1127 2773 suis
1141 2699 1331 2772 baronibus
1347 2699 1382 2770 in
1399 2698 1495 2772 hunc
1514 2701 1657 2775 modum
1673 2727 1681 2772 :

404 2827 668 2902 Venerabilihns
679 2825 829 2901 dominis
840 2823 1108 2922 archiepiscopis
1117 2823 1321 2898 Alemannis
1334 2846 1376 2896 ac
1390 2824 1535 2897 aliarum
1550 2827 1773 2900 ecclesiarum

356 2950 496 3046 prelatis
509 2950 671 3024 Alhertus
684 2952 746 3024 Dei
756 2951 866 3046 gratia
880 2950 957 3023 dux
969 2949 1134 3038 Saxonie,
1147 2948 1315 3022 Henricns
1332 2949 1436 3022 trater
1447 2951 1524 3042 ejus
1537 2971 1653 3024 comes
1663 2949 1774 3026 Asca·

357 3075 503 3148 niecnm
514 3075 591 3148 aliis
604 3075 781 3148 nobilibus
793 3098 855 3172 per
865 3073 1053 3148 Saxoniam
1067 3073 1274 3166 constitutis,
1286 3082 1482 3168 promptum
1497 3073 1533 3144 in
1545 3075 1709 3150 omnihus
1724 3078 1775 3152 la·

357 3200 538 3272 mnlatum.
558 3199 792 3272 Intelleximus
807 3197 904 3294 quod
924 3198 1110 3272 cardinalis
1128 3207 1198 3271 tam
1219 3197 1255 3270 in
1273 3198 1429 3293 partibus
1444 3199 1594 3272 Saxonis
1613 3223 1718 3295 qnam
1736 3203 1773 3276 in

357 3321 434 3396 aliis
450 3321 587 3418 imperii
607 3322 765 3418 partibus
783 3321 978 3417 prehendas
993 3323 1076 3396 dare
1091 3321 1262 3417 disponit,
1282 3321 1424 3418 insuper
1437 3321 1523 3394 alias
1537 3323 1720 3398 servitutes
1739 3335 1774 3399 et

357 3445 597 3541 oppressiones
622 3445 776 3520 ecclesiis
796 3447 921 3520 nostris
944 3445 1109 3520 inducere
1128 3444 1325 3518 meditatur.
1343 3445 1488 3542 Propter,
1501 3445 1597 3539 quod
1619 3447 1648 3518 si
1667 3449 1772 3521 vultis

357 3567 508 3641 evadere
526 3571 653 3664 jugum
674 3579 840 3668 perpetue
863 3569 1040 3645 servitutis
1062 3591 1126 3666 pro
1147 3569 1283 3664 legibus
1298 3577 1435 3664 patrum
1458 3571 1718 3662 conservandis,
1739 3583 1773 3647 ct

357 3691 441 3788 qnia
453 3694 686 3788 possessiones
695 3704 729 3770 et
743 3705 861 3770 sancta
873 3695 909 3768 in
920 3717 1045 3768 manus
1054 3703 1217 3768 externas
1227 3692 1463 3786 tradebantur,
1477 3693 1675 3768 Macchahei
1684 3719 1772 3792 quo·

357 3839 436 3890 rum
449 3817 574 3890 festum
586 3819 730 3892 ecclesia
746 3819 943 3892 solemnisat
959 3819 1049 3891 bella
1063 3817 1200 3892 Domini
1219 3826 1358 3891 strenue
1374 3829 1632 3913 pugnaverunt,
1646 3843 1773 3894 verca-

358 3939 444 4012 mini
458 3939 557 4037 ne(o)
566 3941 718 4036 dignitas
727 3943 893 4016 clericalis
902 3940 1022 4035 majori
1035 3941 1140 4016 hodie
1149 3941 1326 4036 subjaceat
1336 3943 1494 4016 servituti
1502 3966 1608 4038 qnam
1620 3956 1772 4042 tempore

357 4061 544 4139 Pharaonis
559 4065 620 4162 qui
635 4066 791 4139 notitiam
810 4087 880 4140 non
896 4065 1047 4140 hahebat
1061 4065 1182 4140 divine
1195 4067 1295 4161 legis.
1311 4067 1398 4139 Nam
1409 4089 1489 4140 enm
1506 4077 1659 4166 tempore
1670 4071 1770 4144 lamis

359 4187 593 4284 possessiones
618 4190 774 4263 omnium
797 4212 916 4264 manse
943 4213 1006 4264 sne
1027 4189 1260 4284 deservirent,
1285 4214 1341 4266 res
1364 4201 1478 4266 mmen
1506 4195 1770 4272 sacerdotumu

359 4313 487 4386 talibus
513 4323 612 4388 mant
638 4314 830 4407 immnncs;
859 4315 1017 4411 quinimo
1047 4313 1093 4388 de
1112 4315 1262 4411 publicis
1285 4315 1418 4389 horreis
1442 4317 1493 4390 eis
1517 4317 1769 4416 eleemosynam

357 4435 494 4538 preheri
511 4437 704 4512 mandavit.
721 4437 776 4512 An
795 4439 935 4512 nescitis
957 4437 1052 4534 qnod
1078 4439 1160 4512 estis
1186 4438 1275 4512 inter
1295 4439 1474 4536 episcopos
1492 4441 1638 4514 aliarum
1660 4451 1771 4516 terra-

359 4583 436 4632 mm
451 4561 619 4656 singulari
634 4561 816 4658 privilegio
831 4561 1000 4649 decorati,
1017 4584 1098 4635 cnm
1114 4583 1184 4634 non
1199 4569 1333 4636 tantum
1347 4562 1514 4660 episcopi,
1540 4563 1603 4637 sed
1625 4575 1659 4638 et
1673 4565 1770 4662 prin·
1907 4577 1913 4594 ·

401 4745 442 4826 (a)
461 4749 654 4828 Inlmprcuo
665 4749 819 4824 murm,
834 4748 1016 4828 quodam
1029 4751 1151 4811 mnlno
1165 4755 1255 4812 earst.
