4642 6106
349 647 449 708 lnncn
466 641 509 726 3]
801 640 999 703 ttlsroatn
1025 637 1320 702 strnounrlca
1710 635 1765 696 191
1792 711 1794 718 Α

348 777 466 853 Sicilie
475 799 555 851 rex.
574 776 610 850 si
626 777 852 850 saerosanctis
867 777 1019 850 ecclesiis
1033 787 1069 848 et
1088 777 1172 849 locis
1188 773 1356 870 religiosis
1375 773 1412 844 in
1427 771 1558 868 quibus
1573 791 1657 847 vere
1675 772 1768 847 Deus

350 903 475 977 colitur
492 911 527 974 et
540 904 644 996 juxta
662 923 799 974 sacrum
822 900 1009 974 christiane
1026 899 1109 974 fidei
1130 921 1260 972 morem
1286 897 1452 972 altissimo
1470 895 1561 969 Patri
1576 895 1683 968 Filios
1695 895 1769 967 im-

352 1027 501 1099 molator
518 1025 576 1120 pie
590 1025 753 1100 ducimus
768 1023 1038 1119 providendum,
1059 1024 1241 1098 salubriter
1261 1023 1297 1094 in
1319 1015 1385 1096 hoc
1400 1021 1613 1094 consulimus
1631 1021 1770 1116 proiec-

353 1149 449 1222 tibus
466 1149 611 1242 nostris,
629 1148 772 1243 quando
791 1170 833 1222 oo
855 1149 978 1222 lortius
997 1148 1112 1236 ¹virtus
1128 1149 1308 1222 roboratur
1322 1146 1455 1220 Cesaris
1475 1167 1545 1240 quo
1567 1145 1770 1218 clementius

351 1272 591 1367 religiosorum
605 1273 809 1346 utilitatibus
824 1272 1038 1368 providetur.
1058 1274 1108 1346 Ea
1127 1281 1265 1368 propter
1279 1280 1399 1344 notum
1413 1269 1486 1342 lieri
1505 1269 1669 1342 volumus
1688 1269 1771 1340 uni-

352 1396 463 1469 versis
480 1397 618 1492 imperii
641 1397 748 1470 nostri
765 1395 928 1472 fidelibus
948 1407 1018 1470 tam
1038 1396 1259 1492 presentibus
1280 1417 1387 1490 quam
1402 1393 1528 1466 suturis
1547 1393 1645 1488 quod
1668 1393 1771 1468 Otilia

352 1521 562 1596 venerabilis
587 1522 763 1597 abbatissa
780 1520 980 1594 monasterii
994 1518 1173 1594 Gbssensis
1189 1519 1302 1595 fidelis
1319 1529 1434 1592 nostra
1447 1519 1657 1614 presentavit
1671 1518 1769 1592 celsi·

353 1645 466 1718 tudini
480 1653 597 1719 nostre
608 1645 788 1740 quoddam
802 1646 1024 1742 privilegium
1042 1645 1257 1742 imperatoris
1274 1644 1423 1717 Heinrioi
1440 1643 1586 1716 secundi
1600 1653 1771 1716 monaste·

353 1769 404 1842 rio
418 1791 483 1844 suo
499 1769 696 1857 indultum,
711 1779 746 1842 et
766 1769 974 1864 supplicavit
996 1769 1192 1844 celsitudini
1217 1778 1333 1842 nostre
1353 1777 1392 1840 ut
1414 1768 1636 1864 privilegium
1657 1767 1771 1864 ipsum

352 1901 388 1966 et
404 1877 580 1988 quidquid
595 1893 791 1966 continetur
803 1893 840 1964 in
854 1913 897 1965 eo
909 1892 1112 1966 confirmare
1128 1903 1245 1966 nostra
1257 1892 1422 1966 serenitas
1436 1891 1657 1986 dignaretor3
1671 1893 1772 1986 cujus

354 2015 527 2112 privilegii
543 2027 641 2090 tenor
656 2017 733 2090 talis
748 2025 800 2089 est
828 2042 837 2087 ε

402 2140 441 2210 ln
462 2139 603 2212 nomine
619 2149 738 2212 sancte
751 2148 786 2213 et
800 2140 982 2214 individua
1000 2141 1188 2214 Trinitatis.
1208 2140 1392 2214 Hainrious
1411 2139 1530 2212 divina
1547 2141 1685 2213 favente
1706 2139 1773 2211 cle·

353 2263 483 2336 mentia
496 2263 682 2360 imperator
695 2285 830 2359 semper
844 2274 1027 2360 augustus.
1044 2267 1171 2338 Notum
1186 2265 1230 2337 sit
1245 2263 1407 2337 omnibus
1414 2273 1531 2336 sancte
1545 2264 1607 2336 Dei
1620 2264 1772 2337 Ecclesia

353 2387 549 2482 nostrisque
566 2386 729 2462 fidelibus
747 2389 965 2484 presentibus
979 2397 1014 2462 et
1034 2391 1159 2462 suturis
1172 2388 1320 2484 qualiter
1337 2388 1481 2483 quidam
1497 2390 1703 2462 Juvavensis
1717 2411 1772 2463 ec·

352 2511 642 2588 olasiediaoonus
655 2513 939 2606 consanguineus·
951 2525 1066 2586 noster
1083 2523 1189 2609 atque
1202 2515 1400 2610 capellanus
1412 2513 1551 2586 nomine
1569 2513 1688 2604 Aribo,
1710 2535 1773 2586 oo-

352 2635 466 2729 gilans
482 2657 562 2708 cum
578 2637 783 2712 transitoriis
800 2637 874 2710 suis
887 2647 1004 2710 eterna
1021 2659 1100 2710 oum
1119 2638 1263 2711 terrenis
1278 2639 1402 2710 mereri
1417 2637 1575 2727 celestia,
1593 2637 1771 2732 quoddam

354 2759 600 2834 monasterium
615 2761 809 2856 puellarum
820 2761 865 2835 ad
879 2761 1033 2856 regulam
1049 2762 1158 2834 sancti
1169 2762 1344 2836 Benedicti
1361 2762 1396 2832 in
1415 2762 1545 2834 bonore
1562 2784 1645 2836 vero
1655 2771 1772 2835 sancte

352 2882 415 2956 Dei
425 2883 603 2978 genitricis
612 2883 765 2978 Virginis
775 2883 882 2958 uarie
891 2885 1071 2979 sanctique
1080 2883 1219 2958 Andree
1231 2885 1374 2981 apostoli
1384 2884 1481 2981 quod
1492 2883 1703 2960 nunclldala
1714 2907 1773 2960 no

355 3005 518 3102 mine(c),
530 3017 723 3104 patravere
737 3008 963 3084 squribone
974 3012 1136 3106 quamvis
1148 3034 1168 3084 a
1181 3013 1317 3106 paralisi
1328 3013 1464 3106 exlege
1475 3022 1589 3085 tamen
1600 3026 1771 3107 quantum

354 3131 468 3226 potuit
481 3143 655 3204 annuente
665 3142 701 3205 et
712 3133 959 3227 consentiente,
979 3135 1108 3232 incepit
1119 3137 1156 3208 in
1171 3137 1247 3208 loco
1262 3137 1401 3210 nomine
1418 3136 1537 3209 Gossia
1556 3137 1768 3210 incomitata

353 3257 514 3350 Leubna,
532 3257 577 3331 do
592 3256 716 3353 predio
732 3280 797 3332 suo
814 3258 975 3332 fundavit
989 3269 1095 3357 atqua
1110 3261 1306 3334 construxit
1317 3271 1352 3335 et
1365 3283 1428 3358 pro
1444 3283 1509 3334 sua
1521 3263 1684 3335 facultate
1697 3264 1768 3336 Deo

353 3381 527 3476 aspirante
544 3382 688 3478 perfecit
704 3392 824 3456 sancte
840 3384 948 3457 blaria
960 3386 1141 3480 sanctique
1155 3386 1294 3462 Andreo
1307 3387 1497 3460 ministerio
1510 3395 1546 3458 et
1560 3387 1692 3460 nomini
1708 3389 1769 3463 de-

353 3503 526 3596 dicatum,
545 3527 627 3578 oum
648 3506 810 3580 omnibus
828 3508 874 3582 de
890 3531 954 3582 sua
977 3509 1162 3584 traditione
1183 3519 1219 3583 et
1235 3512 1381 3583 aliorum
1402 3510 1526 3583 Christi
1553 3510 1708 3585 fidelium
1726 3533 1769 3585 co

354 3629 605 3724 pertinentibus
623 3631 659 3702 in
678 3640 831 3706 nostram
849 3642 1053 3729 potestatem
1067 3635 1251 3708 libertandi
1268 3635 1378 3730 gratia
1397 3635 1554 3724 tradidit,
1570 3645 1604 3708 et
1622 3657 1686 3709 sue
1704 3635 1770 3709 he-

353 3752 547 3848 redumque
561 3776 702 3828 suorum
714 3756 913 3852 proprietati
931 3767 993 3831 aot
1008 3759 1167 3854 potestati
1186 3758 1351 3855 deinceps
1368 3760 1405 3831 in
1423 3761 1579 3832 loturum
1597 3781 1639 3834 eo
1651 3768 1770 3834 tenore

354 3877 581 3970 abalienavit,
602 3889 776 3974 quatenos
793 3891 882 3977 post.
898 3893 1076 3979 acceptam
1104 3895 1219 3958 nostre
1246 3884 1473 3958 immunitatis
1501 3895 1630 3958 cartam
1659 3885 1770 3980 prima

353 3999 512 4100 ejusdem
537 4003 604 4076 loci
631 4005 807 4078 abbatissa
833 4005 1051 4101 cunigundis
1077 4029 1174 4080 soror
1195 4008 1317 4103 prefati
1336 4008 1499 4082 Aribonis
1516 4008 1621 4102 eique
1646 4006 1769 4081 eodem
1854 4075 1860 4084 .

353 4124 477 4198 ordine
493 4149 695 4204 successura
708 4131 767 4223 jus
780 4131 971 4228 legitimum
985 4132 1137 4227 eligendi
1151 4132 1340 4206 advocatos
1355 4155 1444 4228 quos
1458 4133 1525 4206 sibi
1536 4132 1723 4205 necessitas
1735 4144 1770 4206 et

353 4249 483 4324 utilitas
500 4250 683 4326 dictaverit
703 4253 818 4328 eidem
836 4257 1043 4330 monasterio
1059 4257 1135 4330 sine
1153 4261 1247 4330 omni
1266 4258 1536 4332 contradictione
1552 4257 1766 4346 mortalium,

352 4374 599 4470 salvaregiaet
609 4378 829 4474 imperatoria
845 4389 1025 4476 potestate,
1044 4383 1238 4454 obtinerent
1251 4382 1310 4478 (b).
1323 4383 1402 4454 Post
1418 4382 1552 4455 obitum
1567 4403 1650 4455 vero
1665 4405 1768 4456 suum

353 4501 573 4594 congregatio
593 4504 791 4576 monasterii
810 4527 873 4600 per
891 4506 1127 4579 sucoessiones
1147 4515 1341 4602 temporum
1362 4507 1506 4580 liberam
1529 4507 1655 4580 habeat
1678 4509 1768 4580 elec·

393 4657 434 4739 (a)
456 4659 554 4744 heus
567 4663 706 4734 mutilus,
722 4665 780 4724 nlsl
794 4663 908 4741 aliquid
921 4665 1008 4727 deslt.

394 4761 432 4844 (b)
453 4765 501 4826 lta
513 4769 695 4830 correximus
708 4766 897 4845 attamen,
911 4772 989 4832 slent
998 4769 1115 4832 duabus
1128 4785 1217 4849 supra
1230 4771 1314 4834 llnels
1326 4774 1486 4836 maroa.
