4602 6084
338 653 436 714 rm.
455 647 495 732 n]
785 613 983 708 ursrcum
1007 644 1298 706 urruouuvrcu.

391 1197 889 1302 Fridericus,ll0manorum
902 1195 1121 1304 imperator,
1134 1193 1263 1276 scribit
1280 1191 1465 1276 universis
1478 1191 1653 1274 fidelibus
1668 1194 1746 1276 suis
1790 1263 1817 1293 ,0

338 1332 459 1440 quod,
478 1329 565 1412 licet
586 1355 768 1412 romanus
793 1326 961 1436 pontifex
976 1325 1117 1437 injuste
1142 1325 1540 1409 excommunicationis
1564 1326 1747 1408 sententia

339 1473 470 1546 contra
485 1489 526 1546 se
541 1461 763 1570 processerit
775 1486 845 1542 nec
863 1459 1187 1567 archiepiscopum
1204 1457 1568 1568 Magdeburgensem
1586 1467 1748 1540 ceteros-

340 1621 414 1705 que
427 1595 582 1678 nuntios
595 1619 684 1676 suos
700 1593 832 1674 audire
844 1591 1019 1696 voluerit,
1030 1617 1109 1674 non
1123 1601 1251 1672 tamen
1266 1591 1392 1698 ipsum
1407 1615 1429 1670 a
1445 1588 1583 1670 Christi
1597 1590 1746 1672 servitio

340 1730 525 1813 revocavit
542 1727 636 1837 quin
650 1753 738 1809 cum
756 1725 874 1836 galeis
888 1734 925 1808 et
940 1723 1125 1808 militibus
1147 1726 1195 1808 de
1214 1725 1430 1808 Brundusio
1454 1751 1584 1808 versus
1599 1723 1747 1837 Syriam

336 1859 418 1970 jam
431 1859 613 1966 moverit3
631 1885 771 1967 eosque
788 1859 962 1941 hortatur
975 1867 1018 1940 ut
1031 1858 1081 1940 ad
1097 1883 1320 1940 succursum
1335 1883 1448 1940 suum
1464 1857 1673 1941 intendent.

421 2072 539 2151 (Edldlt
550 2073 646 2134 Fnsm
662 2073 763 2146 lirun,
781 2069 892 2134 collect.
905 2089 1033 2132 mecvm.
1057 2079 1081 2134 t.
1094 2073 1109 2132 l
1123 2071 1208 2150 (titt.
1223 2071 1553 2150 primtp.n·x111),p.
1570 2071 1726 2150 tls-ult.)

387 2259 601 2349 Fredericns,
616 2258 678 2330 Dei
693 2257 803 2352 gratia
817 2259 1077 2348 [homanorum]
1097 2257 1293 2352 imperator,
1305 2279 1441 2353 semper
1455 2268 1637 2351 angustus,
1652 2261 1748 2332 leru-

339 2385 447 2456 sclcm
467 2393 502 2456 et
527 2383 643 2456 Sicilie
664 2404 745 2472 rex,
766 2391 820 2456 etc
824 2435 897 2454 .....
926 2382 961 2454 Si
994 2381 1225 2454 sollicitudine
1249 2383 1364 2456 cordis
1396 2391 1431 2454 et
1452 2383 1568 2456 labore
1594 2386 1746 2480 corporis

341 2505 503 2578 indefessi
512 2527 573 2601 pro
584 2505 725 2579 servitio
737 2507 842 2578 lhesn
851 2505 973 2578 Christi
988 2515 1023 2578 et
1037 2507 1171 2578 auxilio
1184 2514 1272 2579 terre
1284 2516 1401 2580 sancte
1413 2508 1514 2600 cuius
1526 2528 1616 2580 onus
1630 2531 1746 2582 susce-

340 2629 456 2725 pimus
471 2630 637 2702 bactenns
651 2639 767 2702 nostra
784 2629 1002 2724 providentia
1020 2628 1172 2722 vigilarit
1198 2629 1292 2700 etin
1318 2651 1429 2700 unum
1456 2631 1629 2725 collegerit
1653 2633 1746 2705 vires

340 2775 439 2845 suas,
461 2755 709 2827 testisexactor
721 2755 929 2827 conscientie
943 2763 1058 2827 nostre
1072 2756 1164 2826 Deus
1182 2754 1239 2826 cui
1263 2775 1324 2849 pro
1343 2754 1589 2848 maximisque
1604 2757 1747 2828 contulit

341 2878 416 2973 ipse
438 2878 558 2965 nobis,
585 2899 671 2972 pure
692 2875 855 2950 vovimus
875 2886 910 2949 et
939 2877 1108 2952 debemus
1130 2875 1306 2972 quidquid
1328 2877 1543 2972 accepimus,
1573 2879 1745 2972 quidquid

340 3023 478 3092 sumus,
496 3011 531 3074 et
549 3001 695 3074 uetanti
717 3001 870 3074 muneris
884 3010 919 3074 et
934 3011 1106 3074 tantorum
1125 3001 1372 3074 beneficiorum
1387 3001 1584 3074 videremur
1601 3003 1742 3096 ingrati,

341 3124 481 3197 tirmiter
495 3135 740 3221 prosequentes
755 3125 952 3199 devotionis
966 3126 1101 3221 incepta
1117 3125 1329 3220 propositum
1348 3135 1382 3198 ct
1400 3135 1519 3197 votum
1531 3128 1627 3220 quod
1641 3129 1745 3222 elegi·

341 3273 418 3322 mus
437 3251 652 3346 coramipsc,
671 3260 806 3344 gratum
830 3249 998 3321 duximus
1016 3249 1052 3320 in
1076 3249 1216 3322 laudem
1232 3251 1287 3322 sui
1313 3249 1462 3321 nominis
1485 3261 1520 3322 et
1537 3251 1692 3342 honoris,
1710 3253 1745 3323 in

340 3374 494 3446 studium
504 3395 585 3446 vem
599 3374 775 3468 religionis
790 3383 825 3444 et
843 3373 937 3464 fidei,
955 3395 1020 3446 nec
1038 3395 1176 3468 parcere
1187 3375 1384 3468 sumptibus
1396 3397 1460 3456 nec
1473 3376 1581 3468 quieti
1593 3377 1746 3471 corporis

341 3498 574 3591 indulgerent
594 3497 629 3568 in
649 3497 864 3591 presentibus
879 3519 921 3570 eo
942 3497 1159 3591 potissimum
1185 3497 1471 3570 subtraheremus
1499 3499 1636 3572 affectui
1673 3521 1745 3594 quo

340 3621 450 3714 magis
470 3629 664 3692 eternorum
692 3620 895 3716 sperabatur
916 3619 1077 3711 allectus,
1101 3620 1200 3692 nobis
1218 3643 1298 3692 cum
1318 3621 1434 3694 studio
1454 3632 1489 3693 et
1515 3621 1746 3695 sollicitudine

340 3747 517 3840 occupatis
531 3754 688 3839 utquam
712 3745 799 3834 cito,
817 3765 921 3838 quam
938 3765 1120 3840 prospere,
1142 3767 1248 3839 quarn
1263 3746 1421 3841 provide,
1437 3767 1543 3839 quam
1560 3745 1747 3840 pmdenter

341 3869 478 3940 lirmum
494 3891 780 3964 prosequeremur
793 3869 917 3940 mentis
929 3878 1044 3942 nostre
1057 3871 1269 3964 propositum
1280 3881 1315 3943 ct
1328 3893 1400 3942 rem
1414 3879 1484 3940 tarn
1497 3869 1637 3962 dignam
1652 3879 1746 3942 tanto

340 3992 513 4064 molimine
524 4013 721 4085 gereremus
737 3991 834 4086 quod
848 4001 883 4063 et
900 3991 994 4063 orbis
1012 3991 1164 4064 ambitus
1177 3993 1359 4066 miraretur
1371 4003 1406 4064 et
1419 3991 1615 4063 Altissimus
1627 4013 1747 4086 accep·

339 4125 438 4188 taret.
455 4117 497 4190 Et
511 4137 591 4187 cum
605 4115 791 4212 superbiis
805 4123 919 4188 nostra
935 4116 1103 4188 laboraret
1118 4115 1261 4189 intentio
1275 4115 1586 4211 etspemremuseb
1596 4116 1747 4188 Ecclesia

339 4227 491 4312 Romana
510 4261 613 4312 omne
630 4238 830 4327 consilium,
855 4261 937 4312 eum
962 4261 1066 4333 quem
1091 4249 1257 4312 rectorem
1275 4249 1309 4311 et
1326 4239 1452 4312 ducem
1478 4239 1604 4311 habere
1625 4239 1743 4312 crede·

340 4365 463 4436 bamus
481 4385 527 4436 ex
555 4363 728 4458 insperato
754 4364 962 4436 contrarium
987 4364 1092 4456 hujus
1118 4371 1232 4436 nostre
1260 4361 1497 4458 dispositionis
1523 4363 1741 4458 accepimus,

339 4487 429 4560 adeo
446 4488 541 4581 quod
557 4495 749 4560 contranus
763 4487 954 4583 procedens
979 4488 1106 4581 injuste
1128 4489 1260 4583 prolata
1275 4486 1642 4560 excommunicationis
1666 4509 1744 4559 scn-

343 4611 447 4683 tentia
471 4621 625 4706 patenter
645 4611 743 4684 nisus
765 4611 808 4683 sit
828 4611 1008 4684 conatibus
1023 4621 1058 4684 et
1072 4610 1161 4684 votis
1179 4611 1303 4684 nostris
1324 4611 1453 4707 quibus
1479 4611 1668 4683 insistimus
1682 4633 1745 4707 pro

341 4735 488 4808 servicio
501 4745 590 4808 terre
609 4745 748 4828 sancte,
766 4757 834 4809 non
855 4737 928 4809 zelo
942 4735 1093 4828 justicie,
1117 4735 1180 4808 sed
1196 4745 1292 4809 motu
1311 4735 1447 4832 proprie
1471 4729 1657 4808 voluntatis
1684 4735 1745 4808 ob-

1785 1197 1828 1250 [Er
1836 1197 1935 1248 uuvlbnc,

1818 1251 1936 1294 rlulmtlltcr

1772 1303 1832 1358 apud
1847 1303 1951 1358 Hydrou-

1785 1363 1845 1404 ιω.
1852 1358 1935 1411 lubic]
