4602 6084
317 651 412 712 lrnrm.
431 647 491 732 la]
764 647 959 710 lltsloltla
984 641 1273 708 ulanouaulcll.
1685 645 1722 707 le

365 787 403 856 lu
424 783 564 857 nomine
583 791 700 854 sancte
718 791 753 856 et
771 783 953 858 individue
974 780 1162 870 Trinitatis,
1185 799 1299 852 amen.
1318 778 1512 852 Fridericns
1532 779 1719 874 sccundus,

318 907 438 982 divina
454 909 591 980 favente
606 905 786 979 clementia
801 907 1032 981 Romanorum
1052 905 1249 1000 imperator,
1270 923 1406 998 semper
1421 911 1608 998 augustus,
1629 905 1723 977 Jeru-

317 1033 424 1106 salem
438 1039 475 1104 et
485 1029 600 1104 Sicilie
613 1051 689 1102 rex.
706 1029 923 1104 Desiderium
938 1030 1034 1124 quod
1048 1028 1095 1104 ad
1107 1026 1284 1122 religionis
1298 1026 1511 1122 propositum
1525 1035 1560 1100 et
1571 1026 1723 1122 quictem

317 1155 470 1228 noscitur
486 1153 657 1249 pertinere
673 1153 790 1226 animo
806 1175 871 1226 nos
886 1153 986 1228 decet
1007 1152 1127 1226 libenti
1152 1151 1341 1226 consedere
1364 1161 1400 1224 ct
1422 1152 1611 1248 petentium
1633 1153 1723 1226 votis

318 1279 494 1376 imperiale
508 1277 711 1373 suffragium
725 1278 903 1374 impertiri.
927 1281 976 1354 Ea
991 1287 1129 1376 propter
1146 1286 1267 1350 notum
1283 1297 1361 1350 esse
1374 1277 1537 1350 volumus
1551 1277 1723 1350 universis

318 1403 479 1478 fidelibus
500 1403 626 1476 nostris
650 1411 685 1474 et
704 1403 839 1498 imperii
863 1413 934 1478 lam
962 1403 1180 1500 presentibus
1201 1425 1308 1496 quam
1333 1401 1458 1474 bituris
1478 1401 1575 1496 quod
1595 1423 1660 1476 nos
1677 1403 1723 1476 ad

318 1527 602 1623 supplicationem
616 1535 711 1600 tuam
726 1526 900 1620 devotam,
918 1529 1020 1601 lrater
1032 1527 1231 1618 wernhero,
1243 1527 1451 1600 venerabilis
1463 1527 1572 1600 abbas
1587 1549 1723 1600 monae-

318 1651 393 1723 terii
414 1651 537 1724 Sancto
556 1650 675 1724 Crucis
691 1651 727 1722 in
743 1649 899 1744 Austris,
921 1650 1033 1724 fidelis
1046 1659 1173 1740 noster,
1192 1673 1374 1746 personam
1392 1660 1487 1724 tuam
1504 1661 1539 1724 et
1553 1661 1723 1725 monaste·

317 1773 408 1846 rium
426 1783 541 1864 tuum;
560 1795 693 1846 necnon
711 1782 746 1848 et
762 1783 796 1848 te
817 1777 954 1848 fratrem
970 1775 1204 1866 Gebhardum,
1221 1774 1453 1848 venerabilem
1472 1775 1632 1850 abbatam
1650 1798 1724 1850 mo·

317 1897 456 1972 casterii
471 1898 507 1970 iu
524 1897 712 1971 Lilienreld
723 1897 1022 1988 ejusdemordiuis
1035 1899 1279 1990 cistarciensis,
1296 1907 1331 1970 ct
1346 1899 1591 1972 monasterium
1604 1909 1721 1989 tunm3
1863 1897 1869 1906 '

317 2030 352 2094 te
367 2023 505 2095 fratrem
518 2021 728 2114 Heinrlcum,
745 2023 978 2096 venerabilem
991 2023 1151 2096 abbatem
1164 2023 1361 2095 monasterii
1377 2023 1413 2094 in
1425 2023 1554 2094 Zwetcl
1568 2022 1724 2114 ejusdem

318 2143 462 2235 ordinis,
479 2153 515 2216 et
530 2144 646 2238 ipsum
662 2145 906 2218 monasterinm
923 2154 1038 2236 tuum,
1054 2157 1088 2218 te
1103 2148 1241 2218 lratrem
1257 2145 1470 2240 liudgerum,
1494 2145 1723 2218 venerabilem

317 2267 476 2340 abbatem
498 2268 696 2341 monasterii
718 2269 754 2341 in
779 2270 1095 2364 Bonmgarlenberg
1117 2270 1274 2362 ejusdem
1299 2269 1444 2358 ordinis,
1458 2279 1492 2342 ct
1513 2269 1627 2364 ipsum
1650 2290 1723 2341 mo·

318 2391 507 2464 naslerinm
524 2399 637 2483 tuum,
656 2412 806 2486 quorum
824 2393 888 2465 tria
902 2393 1107 2466 monasteria
1125 2391 1371 2486 subsequentia
1386 2399 1464 2486 post
1480 2393 1724 2466 monasterium

318 2515 440 2588 Sancte
457 2515 576 2588 Crucis
592 2515 638 2588 ab
663 2515 785 2590 eodem
805 2515 1011 2588 monasterio
1028 2516 1185 2588 derivata
1205 2516 1312 2588 luisse
1338 2525 1543 2604 noscuntur,
1568 2516 1635 2587 sub
1661 2517 1724 2586 im·

318 2639 436 2733 periali
455 2639 665 2735 protectione
678 2649 712 2712 et
726 2639 926 2714 defensione
938 2639 1125 2734 recipimus
1138 2639 1297 2734 speciali,
1315 2639 1456 2712 firmiter
1469 2639 1504 2709 in
1519 2649 1723 2734 perpetuum

318 2771 506 2836 statuentes
526 2772 566 2835 ut
586 2785 806 2858 quecumque
819 2764 930 2854 bona,
956 2783 1195 2857 quascumque
1217 2763 1450 2857 possessiones
1476 2762 1629 2858 predicta
1652 2785 1724 2836 mo·

318 2887 466 2958 casteria
480 2897 607 2978 vestra,
624 2909 644 2960 a
659 2887 871 2982 temporibus
881 2886 1095 2960 fundationis
1109 2907 1230 2959 eorum
1244 2909 1356 2981 usque
1371 2887 1417 2960 nd
1434 2887 1498 2958 beo
1512 2887 1624 2958 lelicia
1638 2896 1722 2959 tem·

317 3029 400 3104 pora
418 3020 546 3104 nostra,
563 3011 810 3084 rationabiliter
831 3020 1016 3084 tennerunt
1037 3020 1072 3084 et
1093 3033 1158 3084 vos
1177 3013 1272 3105 juste
1291 3011 1447 3086 similitor
1464 3009 1650 3106 possidetis
1663 3021 1724 3086 aut

317 3133 353 3204 in
372 3135 527 3206 lutnrum
544 3143 717 3229 prestante
734 3134 880 3208 Domino
891 3135 995 3228 justis
1012 3135 1126 3208 modis
1141 3135 1295 3230 poteritis
1315 3134 1477 3230 adipisci,
1498 3135 1630 3210 eisdem
1649 3155 1722 3208 mo·

316 3257 474 3330 uastariis
497 3259 638 3350 vestris,
662 3259 764 3332 vobis
789 3259 892 3332 etiam
917 3267 952 3332 et
976 3259 1234 3332 successoribus
1256 3258 1381 3332 vestris
1406 3257 1503 3332 firm
1527 3281 1664 3354 semper
1688 3264 1723 3332 et

318 3381 500 3474 tranquilla
515 3391 750 3478 permaneant.
767 3383 993 3476 Quecumqne
1008 3383 1110 3456 etiam
1122 3385 1215 3477 Jura,
1230 3405 1449 3477 quecumque
1461 3385 1675 3457 exemtiones
1688 3393 1723 3456 et

317 3503 488 3578 libertates
513 3528 534 3580 a
560 3506 717 3580 felicibus
743 3506 1006 3601 imperatoribus
1029 3507 1332 3602 predecessoribus
1355 3509 1481 3582 nostris
1500 3509 1557 3580 vel
1576 3507 1622 3580 ab
1646 3507 1722 3580 aliis

317 3626 450 3722 imperii
474 3629 689 3726 principibus
708 3629 955 3704 rationabiliter
972 3629 1103 3704 eisdem
1122 3631 1338 3706 monasteriis
1359 3632 1485 3706 restris
1506 3641 1588 3704 eunt
1602 3631 1723 3704 collata

316 3753 371 3824 vel
384 3755 477 3844 juste
493 3755 538 3828 de
552 3763 664 3828 cetero
680 3755 909 3847 couterentur,
925 3754 1026 3828 vobis
1041 3753 1205 3849 predictis
1220 3755 1404 3830 abbatibus
1419 3764 1453 3828 et
1466 3755 1723 3828 successoribus

316 3877 439 3949 vestris
466 3899 508 3951 ac
537 3879 622 3974 ipsis
652 3881 868 3953 monasteriis
894 3887 969 3954 rata
995 3882 1089 3953 omni
1116 3891 1270 3978 tempore
1295 3883 1497 3978 integraque
1527 3891 1719 3956 serventur.

316 3997 451 4082 Quibus
469 4000 558 4074 illud
575 4001 759 4096 adjicimus
774 4011 810 4074 et
828 4003 997 4098 imperiali
1015 4005 1191 4078 sanctione
1211 4005 1394 4077 statuimus
1413 4005 1510 4099 quod
1528 4005 1619 4078 sicut
1637 4004 1722 4076 crdo

315 4121 546 4196 Cistercienclr
569 4125 615 4198 ab
639 4125 785 4199 exordio
806 4147 870 4198 sue
896 4125 1120 4198 institutionis
1144 4127 1250 4198 nullis
1277 4149 1432 4221 unquam
1458 4128 1523 4198 luit
1549 4126 1723 4200 obnoxius

315 4245 505 4340 advocatis,
520 4249 567 4321 ita
580 4251 733 4344 predicta
744 4251 950 4324 monasteria
961 4251 1357 4346 vestraetpcssessiones
1368 4261 1482 4326 vestre
1494 4251 1540 4326 ab
1553 4251 1647 4325 omni
1662 4249 1724 4324 ad·

314 4377 514 4442 vomtornm
534 4371 666 4446 ratione
682 4383 787 4468 alque
807 4374 989 4448 exactione
1006 4373 1076 4446 sint
1093 4375 1217 4466 libere,
1247 4384 1316 4449 lam
1336 4377 1510 4450 communi
1527 4375 1661 4451 ordinis
1681 4375 1723 4446 li-

315 4488 445 4564 bertale
459 4515 564 4586 mam
579 4497 729 4590 presenti
743 4507 858 4570 nostra
872 4497 1114 4570 constitutione
1127 4508 1282 4590 exemte3
1299 4501 1375 4595 paci
1392 4501 1535 4595 insuper
1550 4507 1585 4572 et
1599 4498 1723 4570 immn-

316 4612 415 4686 nitati
425 4625 538 4690 vestre
546 4627 809 4715 vestrorumque
818 4641 1056 4692 successorum
1066 4619 1111 4693 de
1120 4621 1288 4716 imperiali
1298 4624 1477 4696 clementia
1485 4623 1719 4719 providentes,

317 4737 515 4812 inhibemus
539 4743 680 4817 omnino
698 4744 945 4840 nequisquam
970 4745 1167 4818 monasterii
1195 4755 1256 4819 aut
1274 4747 1379 4820 ullius
1400 4747 1513 4843 predii
1536 4746 1643 4820 vestri
1659 4745 1723 4821 ad·-
