4602 6084
345 674 443 734 laurus.
462 669 504 746 l.]
801 658 998 724 nistoriis
1021 649 1312 718 uiuiotiltTica.

400 1238 633 1345 Friderieus‚
653 1237 914 1322 Romanorum
938 1236 1158 1347 imperator,
1177 1233 1458 1343 archiepiscopo
1481 1229 1762 1340 Salisburgansi
1790 1237 1969 1345 &griffi

347 1381 385 1454 et
397 1371 573 1454 lustriae
590 1370 678 1454 duci
696 1371 992 1454 mntmuersiam
1018 1371 1116 1453 inter
1143 1367 1377 1452 abbatissam
1393 1365 1590 1450 Gossensis
1608 1389 1764 1447 monas-

347 1506 431 1590 terii
440 1517 478 1590 et
488 1505 704 1589 Carinthiae
712 1506 849 1588 duuem
858 1505 958 1587 eirea
967 1503 1217 1587 haereditates
1225 1499 1531 1583 ministerialium
1543 1498 1762 1582 monasterii

350 1637 521 1749 ejusdem
534 1646 706 1722 exortam
725 1636 801 1720 fine
815 1636 943 1720 debito
960 1636 1264 1746 eompunendam
1282 1633 1496 1716 summittit.

433 1876 546 1958 (Edidit
564 1877 594 1939 i.
610 1876 648 1940 d.
663 1875 896 1952 scurranum,
912 1873 946 1936 de
964 1873 1066 1938 Citari.
1082 1876 1174 1938 Linea
1189 1875 1231 1956 (l)
1246 1875 1450 1958 antiquissimu
1463 1892 1501 1936 ea
1514 1872 1632 1936 cimeliis
1645 1873 1761 1938 Biblini.

474 1981 548 2065 Auq.
571 1980 908 2060 damnabimur).
926 1991 977 2058 tt,
991 1999 1030 2044 ex
1042 1983 1233 2062 autographo.
1247 1981 1383 2062 Sigillum
1400 1981 1484 2042 mbae
1503 1997 1586 2042 seraa
1598 1985 1630 2043 ln
1648 1982 1765 2047 duobus

474 2089 607 2168 quadam
620 2090 739 2151 chartae
752 2090 912 2169 segmentis
921 2090 1000 2150 iutra
1012 2093 1150 2166 quartam
1167 2093 1198 2149 at
1214 2089 1350 2166 quintam
1363 2093 1463 2148 textus
1475 2087 1583 2148 lineam
1592 2089 1766 2152 traduedaa

471 2202 554 2276 tergo
566 2197 699 2258 mandati
710 2196 942 2274 impressumin
954 2195 1014 2257 illia
1025 2195 1115 2257 iibere
1128 2195 1252 2274 pendan
1267 2195 1348 2274 qaod
1360 2196 1589 2258 omntnurarum
1602 2203 1658 2270 est,
1670 2214 1765 2276 quum

473 2309 506 2367 ln
516 2306 573 2368 bae
586 2306 733 2387 sigillandi
744 2305 840 2368 iorma
852 2312 899 2368 sat
910 2306 1079 2384 iraquemu
1091 2307 1124 2368 in
1132 2307 1279 2368 mandatis
1291 2305 1492 2384 imperialibus
1505 2309 1625 2380 usitata
1635 2307 1765 2386 sigillum

328 2393 334 2396 ⁸
474 2417 558 2492 targa
570 2413 702 2475 mandati
713 2414 807 2474 soleat
819 2411 994 2488 adbasrsra3
1010 2413 1053 2474 ita
1068 2413 1148 2492 quod
1161 2429 1255 2486 esraa,
1267 2427 1322 2474 sau
1335 2411 1510 2474 bnassau
1523 2411 1703 2492 deperditae,
1713 2431 1765 2476 eo·

472 2520 564 2582 iorem
578 2525 608 2582 at
620 2521 762 2582 uacuam
772 2534 951 2600 pergamena
963 2517 1112 2597 redueat.)

404 2731 1564 2828 Fridericus,lieigratialiomanorumimpsratar,semperaugustns‚
1576 2731 1766 2804 ierusalem

355 2865 391 2931 et
407 2856 615 2950 Siciliam,
637 2857 772 2930 dilectis
788 2856 1003 2952 principibus
1021 2853 1094 2928 suis
1112 2855 1300 2928 venerabili
1318 2853 1559 2947 salsburgensi
1578 2855 1766 2950 archiepis·

356 3001 442 3077 copo
456 2989 490 3054 et
507 2981 589 3054 duci
600 2981 758 3056 ilaustrie
768 2981 914 3077 gratiam
925 3003 1025 3054 suam
1036 2987 1072 3054 at
1083 3001 1186 3055 omne
1201 2979 1345 3052 bonum.
1360 2979 1542 3064 Querelam
1557 2980 1765 3054 venerabilis

357 3103 717 3178 abbatissaGbssensis
733 3105 931 3178 monasterii
945 3104 1057 3180 fidelis
1076 3111 1190 3177 nostra
1208 3105 1405 3200 aceepimus
1420 3103 1651 3176 continentem
1667 3103 1764 3198 quod

356 3249 437 3300 cum
458 3228 705 3302 monasterium
727 3229 842 3324 ipsum
862 3229 1034 3323 quosdam
1054 3228 1294 3301 ministeriales
1316 3227 1443 3301 habeat
1464 3228 1607 3323 antiquo
1628 3237 1662 3302 et
1680 3249 1764 3302 eon·

355 3360 454 3425 sueto
467 3353 547 3445 jura
567 3375 717 3446 quorum
737 3353 845 3446 bona,
865 3353 894 3424 si
916 3352 992 3426 sins
1008 3352 1171 3447 legitimis
1185 3349 1375 3424 heredibus
1394 3351 1582 3445 denudant,
1597 3352 1714 3445 adjus
1729 3363 1765 3427 et

354 3473 596 3569 pmprietatem
606 3475 716 3570 ipsius
726 3475 923 3550 monasterii
934 3475 1043 3548 libem
1053 3475 1291 3571 pervenirent,
1307 3475 1764 3571 dnbearinthiequosdam

353 3595 508 3692 ipsorum
523 3598 798 3672 ministerialium
817 3601 879 3695 qui
899 3609 988 3673 terra
1011 3621 1074 3673 sna
1095 3599 1303 3672 habitatores
1326 3600 1480 3672 existunt
1496 3620 1561 3672 nae
1578 3621 1648 3672 non
1671 3603 1763 3674 buna

353 3741 473 3794 eorum
486 3743 557 3818 qua
566 3723 678 3796 taliter
694 3722 741 3796 ad
756 3725 928 3820 prelatum
944 3723 1189 3797 monasterinm
1208 3723 1347 3797 devolvi
1364 3723 1543 3813 deberent,
1558 3733 1675 3796 eontm
1689 3727 1763 3817 jus-

386 4079 759 4159 (iiliueastantr'quissimum
767 4085 975 4146 imbumentum
984 4087 1057 4162 quod
1067 4087 1095 4144 in
1104 4087 1174 4145 linaa
1183 4086 1277 4144 charta
1284 4091 1418 4156 exaretur,
1426 4089 1458 4140 ut
1466 4083 1610 4140 arbitratur
1616 4083 1766 4140 Sebwaud·

350 4195 409 4252 uar,
423 4181 462 4240 ita
479 4181 585 4240 locutus
600 4199 608 4238 ε
627 4183 730 4253 «Quod
742 4182 836 4242 ebarta
847 4184 917 4242 linea
929 4201 995 4260 pras
1008 4185 1154 4259 gossypina
1167 4184 1202 4241 sit
1212 4183 1298 4257 magis
1311 4187 1433 4252 contrua,
1449 4180 1530 4252 lenta,
1538 4185 1611 4237 tactu
1622 4179 1766 4239 mollierat

351 4277 459 4336 »iadis
478 4277 619 4353 piabilis,
633 4279 732 4354 quibus
744 4281 869 4340 omnibus
881 4281 1056 4356 qualitatibus
1071 4287 1162 4340 nostra
1180 4281 1314 4338 eminet.»
1327 4279 1416 4350 Quam
1433 4283 1523 4336 autam
1541 4278 1661 4336 chartam
1679 4279 1765 4337 neuls

349 4376 483 4451 inspirare
504 4393 558 4435 aon
579 4377 661 4436 merit
679 4378 759 4438 nobis
777 4379 884 4438 lieentia
901 4381 973 4450 data,
986 4381 1061 4439 litam
1074 4380 1200 4438 dirimere
1217 4393 1271 4436 non
1289 4377 1434 4449 audemus,
1448 4376 1512 4435 beet
1528 4375 1640 4434 dubium
1655 4378 1764 4435 omnino

348 4472 473 4531 uideatur
493 4474 522 4530 in
541 4475 629 4549 prima
645 4475 744 4534 saeculi
767 4476 837 4534 tertii
860 4475 957 4534 decimi
977 4481 1054 4550 parta
1072 4475 1194 4532 chartam
1205 4475 1303 4533 lineam
1320 4475 1349 4532 in
1366 4489 1447 4532 usum
1465 4473 1583 4546 venisse,
1604 4490 1688 4547 quum
1706 4481 1764 4532 tarr·

350 4571 488 4630 mmodo
494 4573 618 4646 mquanti
627 4574 735 4632 sasemo
742 4573 851 4632 inaurata
857 4573 938 4647 huius
944 4573 1055 4646 valgia
1061 4579 1216 4648 appareant.
1224 4571 1422 4632 Vidtlmaanr
1430 4571 1765 4632 urumnnudoerorum

349 4669 477 4726 urm
494 4668 531 4726 ad
554 4687 616 4728 aaut
634 4671 806 4746 subtumda
825 4671 944 4732 tiburtus
956 4669 1084 4746 uulgum
1096 4672 1155 4728 rtur
1168 4671 1256 4729 iturus
1272 4673 1389 4746 moino,
1407 4669 1473 4729 adit.
1489 4671 1543 4728 ai.
1558 4669 1617 4730 vnn
1635 4670 1763 4742 Vaassen,

349 4763 440 4840 linas
452 4765 548 4824 comit.
559 4767 639 4840 tutu,
652 4767 764 4843 passim.
