4602 6084
616 687 659 750 ΞΟ
1116 691 1329 756 rnrouurcr
1353 695 1528 756 securior
1835 691 1913 776 [tin.
1932 692 2015 754 1227.

666 819 878 914 fridericus,
895 823 958 895 Dei
971 823 1081 918 graba
1096 823 1368 924 [Romanorum]
1385 828 1583 924 impe-ntor,
1596 847 1733 922 suuper
1745 835 1932 919 augustus,
1942 825 2020 898 lbe-

617 943 765 1016 ruralem
787 951 823 1016 et
847 943 962 1018 Sicilie
980 965 1057 1018 rex.
1076 946 1227 1040 Dignum
1248 969 1325 1022 esse
1345 947 1563 1022 decrevimus
1585 955 1621 1018 et
1642 945 1751 1040 pietus
1776 945 2019 1043 persuadetur

617 1065 668 1138 bii
693 1065 755 1160 qui
780 1065 896 1161 dignis
917 1066 1080 1142 insistunt
1102 1071 1280 1166 obsequiis
1300 1093 1346 1144 err
1366 1069 1601 1144 munificentia
1626 1077 1741 1142 nostra
1766 1067 1897 1164 premia
1915 1067 2017 1161 digua

617 1199 802 1286 reportent.
819 1190 972 1297 lnde'est
990 1194 1085 1287 quod
1104 1217 1167 1290 per
1185 1217 1327 1291 presens
1348 1197 1514 1292 scriptum
1536 1203 1656 1267 notum
1680 1193 1825 1266 iacimus
1849 1189 2018 1264 universis

617 1313 751 1410 imperii
774 1313 936 1388 fidelibus
959 1315 1055 1410 quod
1078 1338 1142 1390 nos
1161 1318 1376 1392 attendentes
1397 1317 1503 1392 fidem
1519 1327 1555 1390 et
1574 1316 1795 1390 devotionern
1816 1313 1853 1386 C.
1877 1335 2017 1386 veneru-

617 1437 696 1510 bilis
718 1437 1008 1512 llildensemensis
1029 1441 1200 1537 episcopi,
1224 1441 1340 1514 dilecti
1361 1443 1527 1538 principis
1550 1442 1675 1534 nostri,
1696 1462 1758 1536 pru
1771 1461 1855 1512 curu
1867 1437 1970 1512 etiem
1985 1447 2017 1510 et

616 1562 844 1637 sollicitudine
865 1587 970 1658 quam
996 1563 1143 1640 fideliter
1165 1567 1254 1660 gerit
1275 1567 1366 1639 ciroe
1391 1567 1646 1660 cruoesignatos
1667 1587 1731 1662 pro
1752 1561 1911 1636 subsidio
1933 1573 2018 1634 terre

615 1695 734 1760 sancte
754 1687 824 1784 (l),
847 1697 883 1760 et
900 1689 983 1782 quia
1002 1689 1148 1762 ecclesia
1170 1712 1233 1762 sua
1252 1700 1391 1786 propter
1410 1712 1612 1784 guerrarum
1631 1688 1829 1763 discrimina
1846 1684 2017 1758 nonnullis

616 1819 750 1882 tenetur
778 1811 905 1884 debitis
938 1812 1105 1906 obligata,
1139 1813 1301 1887 eumdem
1328 1814 1528 1910 episcopum
1556 1815 1603 1886 ab
1635 1813 1729 1886 omni
1759 1810 1899 1883 servitio
1924 1807 2016 1903 qnod

617 1933 716 2006 nobie
729 1935 785 2006 vel
804 1935 949 2030 imperio
962 1935 1128 2009 exhibere
1147 1945 1301 2028 tenetur,
1319 1936 1429 2010 donec
1442 1959 1560 2010 curam
1573 1947 1607 2010 et
1620 1934 1888 2009 sollicitudinem
1901 1954 2015 2004 cruce·

616 2057 828 2150 signatorum
854 2069 968 2152 geret,
996 2058 1116 2133 divine
1142 2061 1376 2134 retributionis
1404 2061 1529 2132 intuitu
1560 2058 1728 2132 duximus
1752 2055 2012 2130 absolvendum.

618 2181 732 2264 Quare
752 2181 966 2254 universitati
986 2193 1099 2256 vestre
1118 2185 1324 2258 mundamus
1342 2193 1377 2256 et
1396 2183 1606 2280 precipimus
1625 2183 1788 2278 quatinus
1807 2181 1925 2252 nullus
1942 2201 2016 2252 ves·

618 2313 708 2374 trum
726 2304 904 2378 servitium
926 2305 1068 2400 aliquod
1086 2307 1244 2402 exigata
1266 2307 1399 2402 prelato
1419 2307 1592 2402 episcopo,
1616 2305 1784 2401 quamdiu
1803 2303 2016 2398 crucesigna-

617 2435 728 2498 torum
753 2431 912 2518 [curam]
937 2431 1082 2524 gemerit
1103 2453 1166 2526 pro
1188 2429 1346 2503 subsidio
1369 2429 1462 2502 dicte
1483 2438 1584 2503 terre.

664 2553 789 2625 Datum
816 2553 1020 2646 Brundusii,
1046 2555 1105 2626 Vll
1132 2554 1353 2651 septembris,
1382 2553 1581 2626 indictionis
1605 2553 1727 2649 prime.

667 3235 897 3342 Fridericus,
913 3235 1171 3318 Romanorum
1185 3235 1403 3343 imperator,
1420 3233 1583 3344 episcopi
1597 3243 1634 3316 et
1647 3231 1801 3342 capituli
1820 3233 2016 3316 Gurcken-

616 3367 688 3474 sis,
712 3367 752 3448 in
779 3366 994 3471 Kerintbia‚
1025 3365 1296 3476 subjectionem
1328 3365 1530 3450 confirmet
1565 3392 1656 3476 erga
1691 3365 2014 3474 Metropolitanum

615 3499 811 3582 ecclesium
830 3497 1144 3610 Selzburgensem
1170 3497 1245 3609 (ἓ).

696 3791 868 3872 (blcmorut.
883 3791 1087 3853 tantummodo
1100 3807 1149 3868 up.
1164 3791 1366 3865 urrunnu,
1379 3787 1570 3852 Nuclriclrtcc
1583 3807 1637 3850 uon
1649 3791 1788 3864 iwerin,
1802 3807 1833 3868 p.
1850 3787 1939 3868 ²50.)

648 4087 684 4160 (t)
704 4085 742 4142 lle
755 4101 784 4142 re
798 4085 848 4142 ista
861 4083 896 4142 cl.
909 4083 1099 4141 documentum
1115 4083 1243 4156 (ibidem,
1257 4101 1285 4158 p.
1298 4087 1331 4139 86
1342 4127 1349 4156 ,
1360 4093 1392 4139 n⁰
1405 4083 1453 4140 XL
1465 4081 1592 4154 relatum)
1607 4097 1661 4154 quo
1674 4081 1812 4139 Conradus
1822 4077 1977 4138 Portnensis
1987 4083 2013 4133 et

613 4181 727 4238 Sanctam
744 4179 855 4238 Rubuue
869 4179 1027 4256 episcopus,
1048 4179 1209 4254 apostolicae
1223 4181 1301 4238 Sedis
1314 4179 1431 4252 leg-etus,
1447 4177 1666 4251 blegdeburgensi
1679 4185 1708 4234 et
1721 4176 1857 4236 bremensi
1871 4175 2014 4262 urcbiepie

614 4277 688 4352 copis
699 4277 869 4334 commendat
882 4277 1130 4334 llildeusemensem
1142 4278 1298 4351 episcopum
1312 4277 1355 4332 eui
1368 4281 1422 4332 tum
1436 4275 1571 4331 ndomino
1582 4291 1651 4348 pepe
1663 4290 1743 4348 quem
1754 4291 1770 4330 e
1781 4289 1811 4330 se
1819 4271 2013 4347 predicationis

614 4373 734 4448 officium
744 4389 795 4447 pro
809 4379 877 4429 terre
888 4379 979 4430 cauete
991 4371 1112 4430 subsidio
1124 4375 1181 4446 fuit
1193 4374 1376 4429 commiscum.
1390 4371 1451 4428 Dat.
1462 4370 1533 4443 apud
1545 4369 1717 4442 llelbersted,
1727 4369 1815 4445 pridie
1824 4368 2014 4438 kalendusscp

614 4469 726 4526 tembris
739 4465 870 4542 [mirei
879 4467 974 4544 ⁴226];
995 4485 1046 4526 nec
1064 4485 1118 4526 non
1130 4473 1160 4526 et
1174 4469 1277 4525 litteras
1290 4467 1417 4524 iriderici
1435 4467 1603 4541 imperatoris
1615 4467 1649 4524 ll.
1664 4467 1726 4524 duci
1740 4465 2010 4530 succinentium

614 4581 683 4639 quee
695 4579 786 4638 supro.
798 4565 858 4622 Dat.
873 4565 967 4621 Parma
984 4563 1086 4638 [mense
1101 4565 1176 4637 junio
1190 4563 1283 4638 ⁴226}

649 4661 683 4736 (Ξ)
701 4661 807 4719 Adsunt
827 4661 854 4718 in
873 4661 980 4734 liegest.
995 4661 1032 4716 η’·
1046 4663 1080 4720 25
1095 4667 1123 4718 et
1145 4665 1180 4720 26
1198 4661 1303 4718 litterae
1320 4663 1442 4736 Gregorii
1459 4663 1587 4737 episcopo
1604 4661 1808 4732 Concordiensi,
1826 4657 1916 4718 abbati
1930 4657 2014 4715 llore-

613 4759 686 4816 censi
703 4763 730 4816 et
744 4757 888 4834 preposito
899 4757 934 4816 de
946 4757 1085 4830 Garnecb,
1101 4755 1287 4832 bqrrilegensis
1298 4758 1443 4830 dioecesis,
1459 4774 1564 4816 necnon
1578 4763 1607 4815 et
1619 4757 1820 4832 archiepiscopo
1832 4751 2014 4827 salzburgensi
