4658 6132
1053 597 1268 684 rnrornrcr
1292 597 1469 662 sacunor
1777 602 1857 688 [nn.
1875 605 1961 682 reso

416 1233 431 1269 ³
515 1251 522 1267 ·
607 1215 836 1326 ludoicus,
860 1218 1121 1305 Romanorum
1138 1221 1358 1332 imperator,
1372 1223 1591 1310 Hermanno
1612 1226 1798 1338 magistro
1824 1237 1863 1310 et
1879 1226 1964 1320 lra-

554 1347 678 1434 tribus
701 1353 840 1437 domus
864 1363 1016 1438 sanctae
1037 1354 1177 1440 Mariae
1200 1355 1520 1442 Thentonicorum
1543 1360 1715 1444 concedit
1736 1361 1896 1444 domum
1921 1360 1962 1442 iu

555 1483 705 1568 civitate
727 1484 937 1570 Jerusalem
954 1513 1054 1596 quae
1076 1487 1150 1572 luit
1170 1491 1366 1600 quondam
1387 1490 1565 1575 Bnlduini
1586 1493 1711 1604 regis,
1732 1519 1799 1578 sex
1819 1517 1961 1576 carru-

556 1625 660 1700 catas
678 1627 801 1704 terrae
819 1620 859 1701 in
878 1621 1067 1704 territorio
1084 1621 1255 1731 ejusdem
1269 1623 1429 1706 ciuitatis
1447 1633 1485 1706 et
1499 1625 1659 1709 domurn
1676 1649 1765 1708 cum
1782 1624 1962 1710 omuibus

553 1753 789 1858 pertinentiis
813 1779 932 1864 qnam
954 1753 1173 1837 habuerunt
1195 1755 1417 1839 Theutonici
1451 1766 1539 1841 ante
1567 1758 1812 1842 amissionem
1839 1768 1962 1842 terrae

552 1893 718 1968 sanctae.

632 2124 1585 2209 (nmanomv.aeena‚snsr.enmore.meoncer

597 2336 813 2428 Fredericns,
840 2341 902 2414 Dei
918 2341 1029 2436 gretia
1044 2341 1274 2415 Romanorum
1293 2341 1491 2438 imperator,
1515 2365 1652 2442 semper
1665 2355 1853 2439 cupream,
1869 2345 1959 2419 lem-

550 2461 671 2536 solime
693 2472 729 2536 et
752 2463 868 2538 Sicilie
888 2487 965 2539 rex.
991 2463 1181 2560 lmperiolis
1198 2466 1408 2540 excellencie
1426 2466 1601 2544 mdundct
1618 2467 1666 2542 ad
1683 2468 1827 2562 gloriam
1845 2489 1960 2542 sacro-

549 2595 685 2661 sanctas
707 2587 870 2662 ecclosias
888 2597 924 2662 et
952 2587 1028 2661 loca
1047 2586 1207 2682 religiosa
1228 2585 1389 2684 diligere,
1417 2597 1453 2663 ot
1478 2611 1521 2664 ea
1547 2590 1664 2686 dignis
1684 2589 1863 2664 beneficiis
1884 2611 1958 2663 am-

549 2712 672 2808 pliore,
691 2733 753 2808 per
766 2711 862 2806 quod
878 2713 949 2786 Deo
961 2711 1121 2786 dedicate
1135 2732 1280 2808 persone
1289 2712 1419 2806 jugiter
1440 2713 1477 2786 in
1490 2713 1654 2790 laudibus
1670 2716 1747 2808 ejus
1761 2713 1956 2810 persistam,

550 2857 656 2931 aquo
671 2845 742 2908 tam
760 2835 952 2908 animarum
972 2857 1079 2931 quam
1096 2856 1280 2930 corporum
1299 2845 1424 2910 cuncta
1443 2837 1612 2912 beneficia
1635 2837 1868 2913 asciscuntur.
1885 2837 1960 2911 No-

551 2969 625 3032 tum
641 2959 747 3056 igitur
763 2981 840 3034 csse
859 2960 1021 3034 volumus
1037 2960 1226 3052 universis,
1246 2968 1316 3034 tom
1338 2962 1556 3058 presentibus
1574 2983 1681 3058 quam
1700 2961 1844 3050 tuturis,
1861 2959 1958 3057 quod

552 3104 615 3156 uos
627 3083 850 3158 meditatione
862 3083 1017 3180 piissima
1026 3082 1241 3158 attendentes
1250 3084 1398 3180 qualiter
1410 3107 1508 3158 secra
1519 3084 1644 3160 domus
1655 3083 1834 3180 hospitalis
1841 3093 1959 3158 cuncte

551 3207 659 3280 llario
677 3208 962 3282 Theotonioorum
983 3207 1020 3280 in
1043 3207 1259 3302 lerosolima‚
1279 3230 1301 3282 a
1319 3207 1619 3305 predecessoribus
1642 3207 1768 3282 uocum
1790 3207 1959 3282 Romauo·

550 3353 629 3403 rnm
643 3331 908 3428 imperatoribus
923 3331 1081 3405 lelioibus
1102 3331 1261 3406 incohato
1280 3331 1479 3430 principiis,
1494 3353 1557 3430 per
1577 3331 1812 3428 progenitores
1825 3341 1959 3406 nostros

551 3455 652 3528 divos
671 3465 838 3550 augustos
857 3456 973 3530 inclite
996 3453 1242 3530 recordationis
1265 3455 1455 3552 susceperit
1477 3455 1744 3546 incrementum,
1768 3463 1803 3530 et
1820 3475 1884 3550 per
1899 3475 1960 3528 eos

551 3579 727 3652 nonnullis
752 3579 901 3654 extiterit
925 3576 1103 3652 beneficiis
1122 3579 1303 3676 ampliata;
1333 3578 1591 3654 considerantes
1610 3579 1751 3675 msuper
1769 3575 1866 3672 quod
1881 3573 1959 3652 exi·

552 3702 673 3776 bemus
694 3703 900 3798 obsequium
915 3705 986 3777 lleo
1006 3701 1172 3797 dignum,
1194 3703 1224 3776 si
1243 3701 1445 3776 eorumdem
1464 3701 1745 3799 predecessorum
1763 3709 1959 3776 nostrorum

552 3830 698 3925 rostgiu
714 3836 978 3924 prosequentes,
993 3827 1085 3900 circa
1100 3827 1290 3922 protectum
1305 3825 1415 3922 ipsius
1430 3825 1556 3900 domus
1571 3834 1642 3900 tam
1655 3825 1839 3900 liberaliter
1849 3825 1959 3898 inteu-
2102 3819 2107 3826 “

552 3957 668 4031 dimus
689 3975 796 4049 quum
811 3953 975 4043 libentem
1001 3949 1047 4024 de
1066 3952 1183 4025 innata
1198 3950 1420 4046 benignitatis
1436 3959 1552 4024 nostre
1570 3950 1681 4045 gratia
1702 3959 1739 4024 et
1759 3949 1885 4022 iutuitu
1902 3969 1959 4022 ro·

550 4079 990 4174 tributionisetemeeopro
1001 4075 1155 4151 remedio
1162 4074 1354 4150 animorum
1368 4073 1531 4148 divorum
1541 4083 1769 4168 augustorum
1776 4081 1958 4169 pareutum

549 4217 585 4281 et
616 4204 898 4302 predecessorum
921 4210 1115 4275 noseorum
1142 4196 1492 4273 ierosolimitanorum
1524 4219 1647 4294 regum
1674 4197 1838 4272 memorie
1860 4215 1957 4270 reco-

550 4328 673 4421 lende,
697 4347 761 4424 pro
785 4326 896 4400 salute
919 4344 1060 4419 quoque
1080 4328 1215 4412 nostra,
1241 4328 1276 4394 et
1298 4320 1518 4396 exultationis
1537 4343 1580 4395 ac
1596 4320 1954 4416 glorieiucremento,

551 4455 676 4528 demus
693 4459 729 4524 et
744 4448 966 4525 concedimus
984 4447 1079 4521 tratri
1096 4447 1292 4520 Hermanno
1307 4445 1499 4519 venormili
1515 4445 1699 4540 magistro,
1720 4443 1883 4516 tratribus
1903 4442 1956 4538 ip-

551 4577 624 4650 sius
640 4573 765 4649 domus
783 4579 901 4644 sancte
915 4569 1024 4644 llario
1039 4569 1326 4642 Theotonicorum
1343 4575 1379 4642 et
1398 4567 1655 4642 successoribus
1670 4566 1764 4657 suia,
1781 4585 1824 4661 ac
1838 4585 1956 4638 eorum

552 4699 672 4778 domui
690 4695 883 4788 nominate,
901 4693 1043 4768 domum
1061 4693 1098 4764 in
1113 4692 1251 4768 civitate
1264 4701 1379 4768 nostra
1394 4691 1606 4786 lerosolima,
1623 4711 1693 4788 que
1701 4689 1767 4764 luit
1779 4687 1957 4784 quondum
