4602 6084
567 621 611 685 82
1069 617 1285 685 releuaret
1309 621 1482 686 suctum
1793 619 1871 704 [Asu.
1889 618 1975 683 1228.

571 751 798 838 sententiam
819 749 1046 860 publicauit3
1074 752 1180 835 addit
1216 753 1288 836 sibi
1313 753 1362 838 ab
1389 753 1523 838 eodem
1553 749 1582 834 F
1583 749 1743 834 riderico
1773 750 1978 833 Ilareusem

572 884 897 995 archiepiscopum
915 893 953 966 et
970 883 1175 967 Henrioum
1197 886 1374 970 comitem
1397 883 1618 971 Meltensem
1636 881 1753 966 luisse
1769 882 1977 966 destinatos

571 1020 620 1103 de
637 1016 835 1100 mactanda
852 1015 1072 1122 concordia3
1092 1041 1182 1099 curn
1201 1027 1326 1102 autem
1345 1018 1551 1127 imperator
1566 1015 1789 1125 pradictum
1802 1011 1976 1124 Raynal-

571 1152 667 1234 dum
679 1156 962 1259 procuratorem
975 1147 1015 1228 in
1033 1147 1107 1230 hac
1119 1174 1161 1232 re
1174 1174 1256 1233 esse
1269 1149 1444 1256 voluerit,
1457 1175 1497 1232 se
1511 1148 1749 1258 respondisse
1757 1147 1862 1257 quod
1874 1154 1979 1228 trac-

570 1291 673 1366 tatus
686 1280 1098 1366 reconciliationiscum
1114 1281 1187 1365 isto
1201 1281 1333 1366 haberi
1348 1308 1418 1365 nec
1429 1289 1557 1392 posset
1569 1306 1639 1363 nec
1652 1278 1816 1364 deberet.

649 1520 749 1603 (Edld.
763 1521 937 1596 Barnun,
952 1517 1353 1594 Aanul.ecctcr.,tom.1ad
1371 1537 1442 1583 ann.
1461 1527 1548 1594 1²28,
1564 1517 1582 1600 S
1596 1517 1678 1594 XVI,
1693 1519 1841 1597 eltegect.
1858 1515 1975 1596 Gregor.

691 1643 759 1688 anu.
775 1625 814 1698 Π,
834 1627 920 1704 aplst.
938 1633 988 1688 co.
999 1625 1122 1688 -Goll.
1136 1643 1205 1688 cum
1218 1627 1332 1689 collect.
1346 1624 1453 1706 Perta.)

620 1854 893 1950 Gregorius,etc.
906 1847 1980 1950 Potastatietpopulolanuensi,etc.lllorumsuperbiaquiode·

571 1977 846 2050 mntDominum
855 1997 989 2072 semper
998 1977 1202 2070 ascendens,
1213 1977 1471 2052 licetiuterdum
1481 1975 1599 2050 dolose
1608 1973 1830 2069 malignitatis
1842 1972 1980 2070 palliata

573 2101 757 2192 velamine,
782 2111 822 2172 ut
834 2099 1008 2174 efficacius
1020 2111 1154 2190 noceat,
1170 2103 1319 2174 furorem
1334 2123 1437 2174 suum
1451 2099 1674 2174 intermittere
1681 2097 1854 2190 videatur,
1867 2119 1979 2192 quan·

574 2233 800 2318 tumoumque
815 2232 928 2296 tamen
946 2223 1059 2298 aliena
1076 2225 1242 2320 patientia
1261 2233 1496 2320 supportetur,
1513 2223 1693 2298 mitescere
1705 2223 1822 2296 nescia
1837 2221 1980 2316 gravius

575 2345 769 2438 invalescit,
783 2345 893 2420 donec
904 2347 997 2418 illam
1006 2347 1138 2440 justitia
1149 2345 1744 2440 exaltosuperveniatetaubvertat.
1756 2347 1794 2418 F.
1806 2343 1981 2439 siquidem

574 2469 759 2565 imperator
769 2491 828 2542 cor
838 2491 941 2542 suum
959 2472 1098 2544 elevans
1112 2479 1229 2544 contra
1244 2473 1355 2544 Deum
1372 2469 1496 2566 spiritu
1513 2469 1765 2565 adsupcrhiam
1783 2465 1977 2556 obfirmato,

572 2601 612 2666 ut
626 2601 801 2666 taceamm
810 2593 877 2666 ulia
888 2595 959 2668 sere
970 2594 1152 2668 innumera
1162 2595 1292 2689 quibus
1300 2595 1411 2668 Deum
1420 2594 1622 2690 provocarit
1630 2592 1808 2684 audacter,
1823 2612 1893 2664 non
1902 2611 1982 2662 con·

570 2716 790 2810 tentusquod
806 2716 984 2809 negotium
1000 2727 1089 2790 terre
1099 2727 1217 2790 sancte
1231 2717 1350 2792 dolosa
1365 2717 1588 2813 perversitate
1599 2714 1865 2810 irreparabiliter
1878 2711 1980 2806 quasi

570 2839 726 2912 confudit
737 2839 772 2912 in
786 2841 1033 2914 atrocissimam
1048 2843 1291 2916 contumeliam
1309 2845 1388 2916 lesu
1407 2841 1533 2916 Christi
1549 2849 1584 2916 et
1597 2839 1835 2912 inextricabile
1856 2856 1980 2932 oppro-

572 2961 688 3032 brium
704 2962 824 3057 populi
837 2961 1026 3054 christiani,
1048 2973 1082 3035 et
1096 2985 1158 3058 pro
1173 2965 1282 3036 nihilo
1298 2973 1462 3060 reputans
1477 2963 1575 3058 quod
1592 2961 1754 3035 eeclesiae
1767 2970 1802 3034 et
1815 2979 1980 3057 personas

573 3083 820 3156 ecclesiasticas
839 3085 991 3179 spolians
1006 3086 1174 3160 uiolenter
1189 3087 1359 3160 subvertit
1378 3087 1643 3160 ecclesiasticam
1662 3086 1866 3172 libertatem,
1887 3103 1983 3153 nuuc

574 3206 697 3277 taciem
713 3206 828 3278 euntis
843 3206 877 3277 iu
894 3207 1104 3280 Hierusalem
1117 3210 1235 3303 inique
1244 3209 1450 3304 pretendens
1465 3209 1527 3282 ubi
1543 3207 1739 3280 christianis
1752 3207 1983 3303 potiusquam

575 3329 770 3400 Sarracenis
790 3329 906 3402 studet
927 3331 1082 3422 officere,
1113 3332 1207 3404 viros
1232 3333 1414 3405 sceleratos
1440 3331 1515 3404 loco
1540 3331 1594 3404 sui
1617 3330 1749 3403 dimisit
1769 3330 1806 3402 iu
1827 3328 1986 3425 partibus

574 3450 767 3524 cismarinis
776 3452 852 3546 qui,
864 3461 904 3525 ut
914 3455 990 3546 ojus
997 3453 1127 3547 iniquis
1132 3455 1347 3548 jussionibus
1355 3453 1604 3546 obsecundent,
1611 3463 1646 3527 et
1655 3453 1812 3526 timorem
1821 3449 1983 3526 divinum

573 3583 609 3648 et
622 3573 812 3648 humanum
823 3575 991 3671 pudorem
1003 3579 1360 3672 penitusahjecemnt.
1376 3577 1576 3674 Ruynaldus
1589 3579 1682 3651 enim
1694 3573 1983 3670 natusquoudum

573 3695 722 3770 Conradi
736 3697 838 3770 ducis
853 3699 980 3792 Spoleti
999 3703 1075 3792 ejus
1092 3699 1245 3772 vicarius
1260 3707 1294 3771 et
1310 3699 1466 3772 minister
1480 3699 1627 3772 exfodio
1644 3707 1853 3794 congregato
1874 3695 1983 3770 Patri·

501 3808 503 3812 ’
572 3819 728 3892 monium
753 3819 845 3894 beati
866 3821 955 3892 Petri
972 3821 1068 3914 quod
1094 3821 1187 3894 idem
1211 3820 1404 3894 Fridericus
1429 3821 1611 3917 multiplici
1632 3823 1830 3915 juramento
1847 3827 1983 3894 tenetur

576 3939 761 4014 defendere
775 3941 944 4014 violenter
958 3941 1139 4035 invadens,
1156 3943 1375 4038 presbyteros
1388 3951 1422 4015 et
1439 3943 1524 4016 ulios
1543 3943 1696 4036 clericos,
1715 3943 1805 4016 sicut
1819 3942 1920 4015 nobis
1932 3951 1985 4042 est

573 4082 638 4156 pro
656 4071 748 4134 certo
764 4065 926 4156 relatum,
944 4086 1006 4160 per
1021 4086 1145 4138 munus
1160 4039 1422 4137 Sarracenorum
1435 4066 1515 4138 lecit
1530 4089 1618 4139 ausu
1633 4068 1802 4158 sacrilego
1815 4065 1982 4156 mutilari,

572 4183 784 4279 quibusdam
801 4187 837 4259 in
859 4209 963 4260 eruce
981 4188 1171 4283 suspensis,
1192 4187 1269 4259 aliis
1286 4187 1434 4261 diversis
1445 4189 1629 4285 suppliciis
1643 4189 1818 4264 cruciatis.
1838 4189 1880 4262 Et
1901 4187 1987 4283 quia

574 4306 704 4399 primos
722 4308 851 4380 virium
872 4331 1014 4382 suarum
1040 4318 1222 4382 conctusa
1242 4311 1430 4403 primordio
1450 4333 1519 4384 non
1537 4313 1765 4407 repressimus
1787 4333 1868 4384 oum
1887 4309 1989 4383 facile

576 4429 802 4521 potuerimus,
820 4431 877 4502 illo
894 4433 938 4504 de
947 4433 1111 4528 patientia
1123 4440 1238 4505 nostra
1250 4433 1503 4507 luculentiorem
1519 4459 1659 4509 sumens
1672 4435 1874 4526 audaciam,
1895 4433 1988 4507 Mar·

577 4547 691 4620 chiam
699 4548 946 4626 anconitanam
961 4562 997 4626 et
1008 4553 1172 4626 ducatum
1184 4553 1311 4650 Spoleti
1325 4555 1468 4650 aggredi
1482 4559 1674 4648 attentavit,
1691 4555 1905 4654 quibusdam
1918 4575 1988 4628 ve·

576 4669 714 4742 nulibus
736 4671 785 4744 ibi
807 4676 977 4770 corruptis
993 4677 1102 4770 pretio
1124 4685 1158 4750 et
1174 4677 1386 4772 quibusdam
1401 4680 1504 4754 minis
1522 4690 1557 4755 et
1572 4683 1761 4756 terroribus
1779 4703 1801 4754 u
1818 4679 1987 4754 fidelitate
