4602 6084
323 669 421 730 lnnrcr.
440 664 480 750 L]
774 663 970 732 HISTORIA
995 657 1287 726 bretolrsvlcs.
1695 654 1737 718 59

323 805 474 876 laremur
496 809 611 874 nostre
635 799 919 895 peregrinationis
942 800 1056 874 itineri
1083 809 1248 893 anquam
1269 791 1568 890 peregrinantibus
1584 790 1737 866 debitam

323 925 495 1018 exhiberi,
510 947 572 1020 per
585 946 667 1000 eum
679 945 784 1019 quem
801 924 936 998 deceret
950 947 1014 1020 pro
1028 923 1133 998 domo
1145 917 1334 996 Ierusalem
1346 940 1385 992 se
1394 916 1616 1014 spiritualiter
1628 939 1738 1016 oppo-

325 1067 408 1120 nere
428 1046 696 1122 ascundentibus
719 1069 765 1122 ex
791 1047 938 1122 adverso
957 1048 1124 1122 mirabilis
1139 1044 1351 1142 ingratitudo
1368 1041 1547 1140 prooessit.
1571 1045 1658 1116 Nam
1680 1043 1740 1116 dia

325 1173 420 1246 lovis
441 1159 522 1244 aute'
540 1173 665 1244 festum
687 1172 817 1246 Pascha
840 1195 919 1246 cum
940 1173 1106 1269 populum
1131 1194 1178 1244 ex
1194 1162 1342 1245 diversis
1359 1167 1483 1242 muudi
1504 1167 1660 1264 partibus
1674 1189 1739 1264 pro
1860 1249 1863 1262 ¹

326 1295 395 1368 diei
406 1295 622 1368 solemnitate
633 1295 669 1368 in
681 1295 736 1368 sui
747 1297 920 1392 presentia
927 1305 1174 1392 congregatum
1188 1295 1330 1368 deberet
1342 1293 1390 1368 ad
1398 1292 1740 1366 liberaciouemterre

326 1425 463 1508 sancte,
493 1416 651 1492 crucifixi
675 1420 878 1512 servitium,
907 1441 1109 1492 succursum
1132 1428 1288 1492 nostrum
1310 1427 1345 1490 et
1372 1416 1546 1490 exercitus
1565 1415 1741 1488 christiani

327 1542 479 1634 monitis,
499 1542 758 1616 remissionibus
773 1553 809 1616 et
823 1545 985 1640 precibus
1003 1545 1151 1618 invitare
1168 1567 1210 1616 ac
1231 1543 1277 1618 do
1292 1542 1443 1640 presenti
1461 1541 1606 1614 transitu
1624 1548 1741 1614 nostru

328 1674 462 1760 gratam
474 1666 585 1740 lacere
599 1667 826 1757 mentionem,
844 1669 1028 1764 negocium
1042 1667 1351 1742 Mediolaueusium
1363 1687 1404 1740 uc
1415 1665 1559 1739 aliorum
1575 1685 1742 1759 quorum-

330 1789 409 1864 dam
427 1789 641 1886 proditorum
657 1801 851 1864 nostrorum
868 1815 985 1866 coram
1000 1794 1094 1866 omni
1114 1793 1260 1890 populo,
1282 1791 1369 1888 prob
1384 1787 1514 1886 pudor!
1532 1789 1568 1862 in
1585 1788 1740 1862 medium

331 1913 538 2008 introduxit,
552 1914 743 2010 procedens
752 1926 869 1992 contra
882 1939 946 1992 nos
959 1919 1042 2013 quia
1055 1927 1163 1990 terras
1176 1914 1378 1990 eorumdem
1391 1914 1604 2010 proditorum
1615 1913 1742 2008 quoad

330 2060 455 2110 manus
468 2048 602 2112 nostras
613 2059 676 2136 per
688 2062 853 2114 excessus
863 2042 1067 2138 proditionis
1077 2063 1199 2114 comm
1211 2062 1281 2114 nou
1292 2039 1743 2134 absquemultauostrornm

332 2161 418 2235 cede
443 2162 598 2236 fidelium
619 2173 654 2236 el
673 2165 841 2238 immensa
868 2165 942 2239 fisci
970 2168 1076 2240 nostri
1100 2171 1235 2260 jactura
1266 2164 1502 2256 devenerant,
1533 2163 1584 2236 cis
1610 2161 1743 2234 restitui

332 2285 474 2360 minime
491 2289 698 2380 leceramus,
723 2298 762 2360 ut
778 2311 842 2385 per
865 2290 932 2364 hoc
953 2291 1229 2365 manifestissime
1248 2297 1475 2384 cognoscatur
1496 2286 1593 2382 quod
1609 2307 1656 2358 ex
1673 2308 1744 2380 quo

332 2431 401 2484 non
413 2411 547 2502 babuit,
565 2421 604 2484 ut
617 2411 764 2508 incepit,
780 2416 1088 2510 proncgotioterre
1099 2425 1216 2489 sancta
1228 2423 1345 2488 contra
1358 2413 1557 2505 nosjustam
1568 2412 1743 2485 materiam

332 2533 555 2629 procedendi,
572 2535 633 2608 ubi
648 2533 693 2610 de
706 2537 775 2610 hiis
788 2561 857 2632 que
872 2561 933 2634 pro
947 2548 1036 2614 terra
1047 2549 1165 2614 sancto
1175 2561 1342 2612 succursu
1351 2538 1546 2634 expediunt
1555 2537 1698 2610 fecimus
1710 2547 1746 2608 ct

333 2658 563 2752 facimusque
581 2659 749 2734 debemus
764 2671 799 2734 et
816 2664 852 2734 in
866 2663 1045 2758 procinctu
1060 2685 1182 2736 sumus
1193 2663 1416 2758 personaliter
1428 2661 1650 2752 transeundi,
1664 2681 1745 2734 cum

335 2782 487 2874 deberet,
500 2803 595 2856 more
605 2783 832 2878 bonijudicis,
845 2787 1269 2876 bominemcumbomine‚
1282 2809 1355 2860 rem
1368 2809 1448 2860 oum
1459 2807 1509 2876 re,
1521 2795 1746 2882 tempuscum

335 2915 488 3000 tempora
510 2926 726 3001 comparare,
750 2907 991 2983 deficientibus
1010 2911 1113 3004 justis
1132 2912 1260 3000 causb,
1283 2933 1354 2986 rem
1377 2909 1676 2985 inconvenientem
1690 2929 1747 2982 as·

335 3027 482 3124 sumpsit
496 3029 707 3124 singularem
722 3032 767 3106 de
778 3033 903 3106 nostris
917 3035 1148 3129 proditoribus
1167 3035 1296 3110 iaciens
1315 3035 1535 3126 mentionem,
1553 3055 1624 3107 uon
1637 3042 1748 3107 atten-

336 3151 452 3225 dendo
478 3152 648 3249 scriptura
675 3157 857 3232 consilium
879 3157 1121 3232 admonentis:
1144 3160 1296 3252 Rationi,
1323 3181 1393 3233 non
1419 3160 1588 3232 voluntati
1610 3159 1749 3256 proprie

336 3275 480 3348 servias.
500 3276 624 3350 Videat
644 3301 726 3373 ergo
747 3282 954 3355 universitas
972 3291 1087 3357 vestra
1108 3293 1143 3356 ct
1167 3285 1349 3380 diligenter
1365 3285 1519 3360 attendat
1539 3285 1569 3356 si
1593 3285 1749 3358 aseculo

337 3405 388 3468 est
403 3397 562 3472 auditum
575 3401 672 3494 quod
686 3401 854 3478 adversus
870 3406 1021 3502 aliquem
1035 3429 1215 3481 romanum
1233 3409 1423 3506 principem
1439 3431 1503 3506 pro
1516 3409 1589 3482 suis
1602 3409 1751 3505 prodito-

338 3522 433 3594 ribus
451 3524 554 3596 iuerit
570 3547 723 3620 unquam
738 3538 808 3600 tam
832 3529 1031 3605 indecenter
1051 3555 1073 3608 a
1092 3535 1255 3632 pontifice
1268 3557 1411 3610 romano
1431 3555 1640 3630 processum.
1661 3536 1751 3608 Sana

337 3645 367 3716 si
386 3667 449 3740 pro
463 3645 601 3720 deiectu
618 3650 773 3742 quolibet
786 3653 914 3746 negotii
933 3663 1022 3729 terre
1039 3667 1157 3733 sancta
1173 3681 1278 3754 quem
1293 3659 1383 3734 serio
1396 3660 1597 3732 fecissemus
1613 3667 1750 3754 aposto·

339 3768 404 3840 lica
417 3779 534 3844 contra
544 3793 608 3845 nos
618 3772 854 3848 incanduisset
862 3779 1060 3874 auotoritas,
1073 3783 1288 3879 loretutique
1297 3784 1483 3882 patientius
1492 3781 1748 3879 perferendum.

340 3891 409 3966 Sed
424 3915 503 3966 cum
518 3897 612 3970 nulla
626 3918 730 3992 super
743 3899 810 3972 boo
824 3899 897 3972 ficri
913 3905 1021 3997 possit
1035 3907 1183 3999 objectio
1199 3917 1317 3982 contra
1334 3929 1418 3997 nos,
1445 3917 1563 4004 utpote
1574 3907 1636 4002 qui
1650 3927 1755 4002 nego·

340 4016 426 4088 tium
441 4018 556 4114 ipsum
573 4019 609 4091 in
626 4031 813 4118 conspectu
832 4025 937 4100 totius
950 4029 1044 4101 orbis
1057 4031 1195 4104 ardenti
1211 4041 1291 4106 voto
1302 4031 1560 4128 prosequimur,
1577 4033 1683 4104 immo
1691 4053 1754 4128 pro

341 4141 465 4214 nostris
478 4145 712 4238 proditoribus
725 4148 939 4243 procinctum
955 4155 1241 4228 transfretationis
1256 4155 1435 4251 impediat,
1455 4156 1585 4229 moveri
1598 4156 1755 4251 cogimur

340 4275 375 4335 et
384 4265 529 4357 turbari,
543 4269 696 4342 maxime
707 4291 787 4342 cum
797 4295 818 4344 a
830 4275 991 4369 pupillari
1006 4285 1096 4349 etate
1105 4287 1220 4350 nostra
1233 4280 1438 4374 sanguinem
1447 4289 1601 4354 nostrum
1611 4281 1757 4355 sitierint

342 4396 375 4460 et
391 4388 572 4461 excidium
587 4392 659 4464 vite
676 4403 791 4467 nostre
808 4418 888 4468 cum
906 4399 983 4470 aliis
997 4401 1122 4472 nostris
1133 4403 1319 4476 rebellibus
1336 4404 1463 4478 suerint
1476 4405 1676 4498 machinati,
1693 4406 1755 4500 qui

342 4510 456 4584 virum
482 4513 633 4587 nobilem
661 4527 696 4590 et
722 4522 1021 4616 consanguineum
1044 4533 1199 4598 nostrum
1223 4527 1405 4600 Oddonem
1429 4527 1561 4601 dictum
1577 4529 1753 4623 quondam

343 4635 582 4731 imperatorem
601 4640 869 4717 introduxerunt
889 4646 925 4718 in
943 4667 1090 4741 Quum
1109 4657 1263 4722 nostrum
1283 4661 1322 4723 ut
1338 4673 1401 4726 nos
1416 4652 1568 4746 honore,
1592 4675 1700 4748 regno
1720 4661 1754 4726 ct

343 4759 417 4832 vita
432 4760 596 4856 privaret.
620 4765 663 4837 Et
686 4789 780 4840 nunc
796 4769 937 4844 eosdem
952 4771 1044 4844 idem
1063 4775 1271 4868 apostolicus
1286 4775 1378 4849 iovet
1395 4775 1432 4850 in
1446 4785 1600 4851 nostrum
1615 4777 1755 4874 dispen-
