4710 6076
569 641 631 703 8¹10
1093 643 1267 706 llllbllllCl
1293 644 1462 706 sanatur
1792 647 1872 726 [dn.
1890 647 1976 712 tm

570 775 693 850 collata
710 785 865 850 noenum
882 777 1073 874 benignum
1089 779 1292 876 prebuimus
1307 801 1501 854 assensum.
1518 779 1561 853 Et
1575 789 1614 854 ut
1632 781 1760 878 scripta
1782 783 1896 857 eidem
1915 785 1977 858 ab·

569 897 642 970 bati
657 907 692 974 et
707 901 964 975 successoribus
977 903 1051 976 suis
1066 903 1102 974 in
1119 903 1265 978 ecclesia
1278 903 1471 980 Odenbsim
1492 904 1539 979 ds
1560 913 1675 978 cetero
1689 904 1859 980 firmiusa
1878 908 1977 981 nobis

517 1025 526 1042 '
569 1029 605 1096 et
619 1025 875 1100 successoribus
891 1027 1018 1100 nostris
1033 1027 1281 1122 observentur,
1298 1027 1369 1102 lide
1390 1029 1612 1126 promisimus
1635 1029 1732 1124 quod
1754 1051 1818 1103 nos
1840 1052 1882 1104 ac
1899 1053 1977 1105 suc-

569 1167 721 1222 cessores
738 1151 845 1258 nostri
863 1173 1043 1246 nunqnam
1054 1151 1245 1226 alienemus
1262 1153 1451 1250 sepefatum
1468 1151 1687 1227 advocatiam
1708 1153 1842 1228 anobis
1856 1163 1892 1226 et
1911 1153 1977 1228 im·

566 1271 663 1368 perio
677 1273 733 1344 vel
752 1273 934 1348 attinentia
950 1275 1118 1366 ejusdem,
1138 1275 1302 1349 videlicet
1314 1276 1474 1364 Gartahe,
1490 1276 1693 1368 Westbeim,
1714 1275 1973 1370 Micbelnveldt,

566 1393 801 1490 Angelacben,
825 1399 1049 1491 Dielenbacb,
1076 1401 1207 1489 Husen,
1236 1401 1567 1492 Hancbobetbusen,
1591 1397 1814 1496 Eichelberg,
1842 1401 1977 1474 liciten-

567 1517 692 1592 cbeim.
711 1520 885 1596 Addimus
899 1523 1005 1596 etiam
1024 1533 1059 1598 et
1072 1523 1109 1596 iu
1124 1525 1275 1620 presenti
1295 1525 1478 1620 privilegio
1489 1525 1706 1600 declaramus
1723 1523 1820 1620 quod
1838 1546 1902 1599 nos
1918 1525 1975 1599 vel

566 1665 781 1720 successores
800 1645 907 1719 nostri
924 1669 994 1720 non
1011 1647 1260 1722 substituemus
1273 1647 1365 1722 dicta
1379 1649 1523 1722 ecclesio
1536 1649 1687 1744 aliquem
1705 1655 1971 1744 procuratorem,

566 1771 838 1844 commissarium
853 1771 910 1844 vel
924 1770 1147 1866 advocatum,
1168 1773 1236 1845 nisi
1253 1795 1334 1846 eum
1351 1773 1413 1868 qui
1430 1794 1493 1868 pro
1507 1781 1660 1869 tompore
1682 1772 1891 1868 inpartibus
1907 1773 1975 1846 illis

567 1895 719 1970 officium
733 1895 952 1970 villicationis
965 1905 1080 1970 nosne
1098 1898 1156 1971 vel
1171 1896 1307 1993 imperii
1325 1897 1502 1990 babuerit;
1525 1906 1562 1970 et
1578 1897 1674 1993 qnod
1692 1897 1729 1970 in
1747 1898 1902 1971 mrmiuis
1917 1919 1976 1971 eo-

567 2021 670 2094 clesie
682 2021 816 2093 nullum
828 2029 991 2112 castrum,
1009 2023 1139 2094 nullam
1151 2023 1392 2116 munitionem,
1409 2025 1540 2096 nubm
1554 2023 1728 2096 civitatem
1741 2023 1886 2096 liberam
1899 2021 1977 2097 edi·

566 2143 710 2218 boemus
736 2167 798 2242 per
823 2165 887 2217 nos
909 2145 966 2218 vel
993 2145 1127 2240 aliquos
1151 2147 1238 2219 alios
1262 2148 1499 2242 permittamus
1515 2145 1691 2238 edificari,
1711 2157 1747 2220 et
1762 2148 1895 2219 nubum
1913 2149 1975 2240 J‘us

566 2277 766 2367 patronatus
785 2267 1008 2341 ecclesiarum
1025 2269 1275 2364 parochialium
1292 2281 1327 2344 et
1342 2273 1520 2346 locationis
1537 2295 1657 2346 aarum
1675 2273 1871 2345 auferemus
1889 2293 1975 2368 pro-

567 2393 659 2468 dicto
681 2393 797 2466 abbati
815 2402 851 2466 et
867 2393 944 2486 ejus
961 2396 1233 2486 successoribus,
1250 2395 1313 2470 scd
1328 2397 1394 2492 ipsi
1408 2419 1472 2470 sua
1494 2397 1669 2491 gaudeant
1686 2397 1841 2470 libertate
1857 2397 1894 2468 in
1916 2397 1975 2470 lo-

564 2519 698 2592 catione
713 2539 854 2591 suarum
868 2517 1102 2592 ecclesiarum.
1122 2522 1173 2592 De
1190 2519 1432 2594 abundantiori
1451 2522 1555 2594 ctiam
1568 2517 1802 2593 munificentia
1815 2527 1849 2593 et
1865 2521 1976 2614 gratia

563 2651 729 2718 nostrast
750 2643 797 2715 ob
815 2641 974 2715 meritum
993 2665 1119 2736 magne
1136 2643 1330 2718 devotionis
1348 2666 1454 2739 quarn
1476 2645 1585 2718 abbas
1609 2643 1723 2717 dictus
1740 2653 1776 2717 et
1796 2645 1873 2737 ejus
1891 2665 1975 2716 con·

561 2777 687 2842 ventus
705 2767 752 2841 ad
767 2775 883 2840 nostre
900 2769 1092 2842 serenitatis
1106 2768 1301 2843 dominium
1317 2776 1479 2863 satagunt
1492 2771 1674 2857 exhibere,
1699 2767 1922 2842 concedimus
1939 2777 1974 2842 et

562 2890 711 2989 presenti
727 2891 909 2986 privilegio
923 2891 960 2963 in
976 2902 1182 2989 perpetuum
1197 2892 1442 2968 confirmamus
1456 2893 1548 2968 dicte
1561 2893 1705 2968 ecclesie
1722 2892 1768 2967 de
1782 2891 1974 2966 Odenheim

563 3015 678 3090 omnia
691 3015 771 3108 jura
784 3037 860 3106 sua,
874 3015 963 3088 sicut
975 3017 1011 3088 in
1024 3017 1213 3116 privilegiis
1224 3021 1469 3116 imperatorum
1483 3019 1620 3093 Henrici
1633 3018 1746 3114 quinti
1759 3027 1795 3091 ct
1809 3015 1972 3090 Friderici

564 3139 684 3238 proavi
695 3139 803 3212 nostri
814 3161 878 3212 nec
889 3161 959 3213 non
969 3139 1101 3214 domini
1113 3141 1277 3216 Friderici
1289 3141 1454 3238 genitoris
1463 3145 1570 3218 nostri
1580 3143 1741 3217 divorum
1748 3151 1973 3237 augustorum

563 3265 744 3340 manifeste
751 3265 957 3355 continetur,
969 3273 1131 3340 etomnes
1140 3268 1449 3364 possessionesque
1459 3275 1652 3342 nunetenet
1662 3266 1765 3340 velin
1775 3265 1974 3356 anteajuste

565 3391 690 3489 poterit
714 3390 859 3486 adipisci
875 3411 956 3464 cum
971 3391 1132 3464 omnibus
1147 3391 1370 3488 appenditiis,
1389 3393 1515 3482 vineis,
1533 3391 1627 3488 agris
1642 3391 1743 3464 cultis
1764 3400 1799 3464 et
1820 3389 1971 3480 incultis,

562 3517 673 3609 silvis,
689 3514 910 3606 molendinis,
920 3515 1019 3610 aquis
1029 3523 1243 3612 etaquarum
1257 3517 1478 3609 deductibus,
1494 3517 1649 3614 piscinis,
1666 3515 1774 3612 pratis
1787 3523 1822 3587 et
1834 3513 1974 3587 anima-

561 3641 648 3714 lium
662 3640 818 3738 pascuis3
835 3639 902 3712 sub
913 3637 1035 3712 eadem
1043 3641 1153 3735 gratia
1162 3649 1277 3716 nostra
1287 3649 1322 3715 et
1330 3642 1541 3738 protectione
1553 3649 1587 3714 et
1600 3637 1783 3714 advocatia
1793 3635 1973 3712 ecclesiam

563 3767 725 3840 Kirchem
737 3787 807 3860 que
818 3773 871 3838 est
882 3763 952 3838 filia
963 3763 1106 3838 ecclesie
1114 3765 1307 3840 Odenheim
1319 3787 1400 3840 cnm
1410 3765 1572 3840 omnibns
1583 3761 1792 3860 appenditiis
1801 3761 1875 3834 suis
1888 3759 1974 3833 reci·

562 3891 679 3989 pimus
694 3911 736 3963 ac
749 3899 916 3963 tenemus.
931 3889 1151 3963 Declaramus
1168 3890 1271 3964 etiam
1285 3891 1473 3986 quodlicet
1486 3891 1522 3962 in
1538 3889 1728 3985 privilegiis
1741 3885 1973 3984 predictorum

562 4015 806 4112 imperatorum
824 4011 1036 4109 prohibitum
1058 4013 1103 4085 sit
1120 4013 1217 4108 quod
1232 4015 1423 4088 advocatus
1441 4013 1575 4086 nullum
1594 4011 1776 4085 scultetum
1794 4009 1919 4083 babeat
1935 4007 1973 4078 in

561 4139 645 4214 villa
655 4137 847 4211 Odenbeim
856 4135 945 4210 etde
954 4136 1089 4210 laribus
1098 4137 1307 4233 etprotervis
1318 4137 1451 4210 tertiam
1460 4145 1594 4209 tantum
1605 4143 1737 4232 partem
1748 4133 1893 4230 accipiat
1905 4127 1974 4204 ad-

562 4272 706 4339 vocatus
719 4271 754 4337 at
768 4263 842 4358 ipse
854 4263 963 4336 abbas
972 4263 1061 4336 duas
1072 4271 1186 4360 parles
1196 4271 1231 4337 et
1241 4261 1431 4338 advocatus
1446 4261 1577 4334 nullam
1588 4257 1804 4334 exactionem
1815 4255 1853 4328 in
1863 4255 1974 4328 bomi-

562 4407 624 4461 ncs
644 4386 788 4460 ecclesis
806 4386 881 4460 sive
903 4386 940 4458 in
961 4386 1114 4460 terminis
1134 4387 1277 4460 ecclesis
1297 4387 1372 4460 sive
1392 4396 1492 4461 extra
1512 4385 1677 4458 terminos
1698 4383 1811 4455 lacere
1827 4377 1970 4470 debeat,

562 4511 674 4588 dictus
684 4512 792 4584 abbas
803 4520 839 4584 et
852 4519 1043 4585 conventus
1052 4511 1207 4606 ejusdem
1220 4532 1283 4608 pro
1294 4513 1412 4585 lavore
1420 4521 1455 4584 et
1468 4510 1578 4604 gratia
1590 4514 1706 4582 nostm
1718 4500 1972 4579 condescende-

562 4645 645 4711 runt
652 4635 754 4710 nobis
765 4635 802 4708 in
813 4645 962 4730 quatuor
974 4635 1049 4708 istis
1061 4635 1213 4709 articulis
1225 4635 1292 4708 hoc
1300 4633 1405 4708 modo
1416 4659 1425 4706 ι
1436 4633 1545 4707 abbas
1555 4631 1660 4727 eligat
1671 4629 1852 4703 scultetum
1861 4643 1972 4696 unum

560 4763 597 4835 in
611 4761 693 4836 villa
706 4759 898 4834 Odenbeim
910 4761 973 4856 qui
991 4761 1056 4835 erit
1068 4763 1233 4836 scultetus
1247 4769 1363 4835 nesta
1377 4769 1413 4834 et
1429 4758 1585 4853 ejusdem
1599 4753 1752 4847 abbatis,
1770 4771 1876 4848 quem
1890 4767 1971 4820 cnm
