4658 6132
381 671 479 732 ivurcu
494 669 538 748 2]
824 669 1020 731 ltlsvoltttt
1043 669 1338 734 ntvnottttvlca
1747 677 1786 742 91

380 803 474 877 omni
488 801 642 875 exercitu
657 800 919 875 christianorum
937 802 1035 876 veuit
1051 804 1184 899 Joppen
1200 805 1247 878 ad
1263 801 1552 878 reedificationem
1574 806 1675 879 castri
1692 808 1785 882 illius

380 935 421 998 ut
442 925 576 998 facilior
594 923 690 998 lieret
712 946 893 1020 processus
916 926 953 998 iu
973 927 1162 1000 Jerusalem
1182 937 1337 1026 ternpore
1353 945 1429 1002 suo.
1446 927 1491 1002 lit
1513 951 1593 1002 cum
1612 931 1785 1006 exercitus

380 1048 504 1121 Christi
521 1047 712 1121 necessaria
731 1048 767 1120 in
782 1049 937 1122 semeriis
957 1071 1020 1146 per
1037 1059 1162 1124 terram
1178 1074 1240 1148 per
1261 1053 1403 1146 aliquod
1424 1060 1561 1148 tempus
1581 1054 1784 1130 sufficientia

379 1173 467 1276 leue
497 1171 724 1266 nequivisset,
754 1171 903 1267 quisque
927 1172 1121 1246 secundum
1145 1195 1244 1247 suam
1273 1175 1532 1270 possibilitatem
1555 1176 1676 1250 barcas
1701 1199 1782 1251 cum

378 1293 579 1368 necessariis
603 1295 642 1366 in
661 1301 763 1391 portu
780 1294 896 1368 Aecon
910 1305 1129 1387 oneraverat3
1153 1297 1216 1370 sed
1238 1307 1370 1370 mutato
1386 1319 1465 1371 acre
1490 1309 1525 1370 et
1546 1299 1682 1372 turbato
1699 1302 1784 1374 mari

379 1427 473 1492 muta
491 1425 675 1514 tempestas
688 1418 858 1491 inhorruit
868 1427 907 1491 ut
918 1421 1064 1492 vassallo
1077 1441 1157 1492 oum
1169 1420 1378 1493 victualibus
1388 1442 1605 1516 nequaquam
1618 1423 1786 1496 exercitui

378 1541 500 1614 venire
512 1551 665 1638 possent.
685 1541 729 1614 Et
746 1541 831 1616 dum
845 1542 1020 1616 exercitus
1032 1541 1156 1615 Christi
1174 1543 1210 1615 iu
1228 1543 1337 1617 multa
1350 1543 1400 1616 sic
1413 1551 1503 1618 esset
1513 1544 1699 1636 anxietate,
1716 1547 1786 1619 iere

378 1686 482 1738 omne
500 1665 682 1737 consilium
716 1665 820 1738 totins
844 1667 1017 1740 exercitus
1037 1668 1110 1760 jam
1128 1667 1311 1763 desperaro
1332 1667 1442 1762 oepit,
1464 1677 1717 1741 murmurantes
1736 1669 1785 1740 nil

379 1788 477 1862 aliud
493 1809 674 1884 superesse
690 1809 796 1884 quam
814 1789 851 1862 in
868 1787 984 1863 Accon
1000 1789 1231 1864 redeundum.
1253 1789 1296 1861 Et
1314 1787 1399 1862 dum
1416 1789 1452 1861 in
1468 1789 1527 1863 tali
1543 1811 1698 1863 essemtm
1714 1791 1784 1864 dis·

383 1911 538 2004 crimine,
555 1911 732 1984 miserator
746 1921 780 1985 et
792 1890 985 1987 misericors
996 1913 1164 1987 Dominm
1174 1912 1235 2007 qui
1248 1921 1346 1985 sanat
1360 1911 1522 1985 contritos
1535 1911 1639 1985 corde
1647 1911 1784 2006 adjutor

378 2033 414 2106 iu
429 2034 718 2132 oportunitatibus
741 2045 897 2110 serenato
918 2057 997 2110 ecre
1010 2037 1148 2134 pacavit
1162 2057 1269 2127 mare,
1295 2043 1331 2108 et
1346 2036 1461 2109 statim
1478 2043 1572 2108 tanta
1588 2035 1732 2108 navium
1749 2045 1785 2110 et

377 2157 558 2232 barcarum
572 2157 757 2232 multitudo
768 2159 866 2233 venit
882 2161 1014 2257 topper
1027 2183 1107 2234 cum
1118 2159 1326 2232 victualibus
1342 2167 1381 2231 ut
1395 2159 1508 2230 omnis
1519 2158 1675 2232 deiectus
1687 2159 1784 2255 prius

377 2281 516 2356 habitus
530 2283 763 2356 mutareturin
773 2285 1024 2358 abundantiam
1031 2293 1065 2357 et
1072 2281 1322 2379 plenitudinem
1333 2282 1487 2356 omnium
1497 2281 1779 2375 necessariorum,

379 2413 415 2478 et
427 2405 473 2478 ab
487 2405 546 2478 illo
559 2415 713 2502 tempore
731 2429 866 2503 semper
875 2407 1019 2480 ulterius
1035 2417 1163 2480 tantam
1176 2404 1533 2480 iccitmiserioordiam
1542 2406 1636 2477 Deus
1648 2404 1683 2476 in
1695 2406 1785 2478 ueris

375 2529 538 2624 temperie
556 2537 597 2602 ut
610 2529 844 2604 indifferenter
866 2531 1022 2604 venirent
1045 2529 1193 2603 vasselia
1208 2550 1271 2626 per
1294 2550 1389 2602 mare
1406 2535 1442 2600 et
1457 2527 1607 2620 abirent,
1624 2527 1672 2600 ita
1686 2528 1782 2623 quod

374 2653 488 2725 omnis
505 2651 605 2748 copia
624 2653 780 2726 omnium
807 2655 1076 2727 necessariorum
1095 2653 1212 2725 habita
1238 2660 1291 2724 est
1314 2671 1449 2746 semper
1471 2651 1627 2723 ulterius.
1650 2651 1782 2726 Interea

376 2775 453 2848 sine
467 2775 621 2848 monade
637 2775 811 2849 communi
830 2777 972 2850 consilio
990 2777 1126 2873 incepta
1142 2786 1225 2848 sunt
1241 2772 1378 2848 edificia
1400 2773 1533 2870 ioppen
1550 2775 1587 2845 iu
1605 2775 1732 2849 fossato
1746 2783 1783 2848 et

378 2898 487 2972 muris
498 2908 533 2972 et
542 2899 695 2972 turribus
706 2899 892 2994 erigendis,
903 2901 998 2996 quod
1006 2921 1096 2997 opus
1103 2899 1300 2972 memoriale
1309 2899 1374 2970 erit
1385 2898 1421 2971 iu
1435 2919 1539 2971 evum
1548 2899 1642 2970 omni
1652 2899 1780 2996 populo

375 3019 573 3114 christiano,
582 3021 665 3116 quia
676 3045 739 3118 per
746 3024 808 3096 Dei
821 3023 966 3118 gratiam
977 3045 1023 3096 ex
1034 3021 1141 3096 nimia
1155 3021 1337 3096 dilectione
1350 3030 1385 3094 et
1399 3019 1522 3094 affectu
1536 3042 1607 3115 quo
1618 3019 1780 3096 dominus

374 3142 559 3240 imperator
575 3153 610 3218 et
621 3145 733 3218 omnis
747 3147 896 3243 populus
911 3147 1003 3222 circa
1018 3145 1132 3243 ipsum
1151 3143 1306 3218 fervebat
1320 3155 1355 3218 et
1369 3143 1559 3236 laborabat,
1573 3151 1653 3218 ante
1667 3143 1779 3218 domi·

375 3265 487 3338 nicam
502 3267 724 3361 Sexagesime
737 3291 849 3364 usque
864 3271 952 3344 adeo
968 3271 1033 3342 init
1049 3279 1245 3365 promotum
1258 3267 1355 3363 quod
1368 3290 1390 3341 a
1404 3268 1572 3364 principio
1589 3289 1653 3341 sue
1667 3268 1778 3364 prime

375 3388 601 3462 inchoationis
617 3413 796 3487 uunquam
813 3393 928 3465 extitit
944 3403 1015 3466 tam
1031 3394 1116 3466 iorte
1129 3402 1164 3466 ot
1176 3393 1267 3465 bene
1287 3393 1428 3465 iactum.
1447 3392 1578 3464 Interea
1593 3411 1676 3465 vero
1691 3390 1777 3465 dum

372 3513 437 3586 hec
452 3513 594 3586 sollicito
610 3526 812 3608 agerentur,
830 3516 942 3588 nuntii
955 3515 1096 3590 Solduni
1115 3525 1150 3588 et
1164 3515 1294 3589 domini
1315 3515 1529 3610 imperatoris
1547 3515 1780 3588 indifferenter

373 3635 469 3708 ibant
482 3637 564 3708 hinc
586 3637 669 3711 inde
695 3647 730 3711 et
751 3639 1011 3712 revertebantur
1028 3647 1211 3712 tractantes
1232 3637 1383 3712 debono
1403 3639 1498 3734 pacis
1524 3647 1559 3711 et
1579 3637 1773 3711 concordie.

372 3757 467 3831 ldem
496 3779 580 3832 vero
612 3759 782 3834 Soldunus
808 3761 996 3857 Babylonio
1020 3771 1054 3834 et
1082 3764 1185 3834 irater
1220 3783 1305 3834 suus
1338 3759 1509 3834 Soldunus
1548 3759 1610 3854 qui
1650 3758 1779 3832 dicitnr
1886 3785 1890 3800 ·

371 3881 519 3977 Sceraph
538 3881 686 3978 (ileum
702 3883 944 3958 innumerabili
960 3885 1115 3958 exercitu
1129 3883 1225 3979 apud
1241 3883 1406 3955 Gazaram
1419 3889 1517 3954 erant
1532 3881 1702 3954 incastris
1715 3903 1778 3978 per

372 4025 477 4077 unam
492 4005 619 4080 dotum
632 4005 804 4080 modicam
818 4029 839 4082 a
853 4007 967 4101 uobis,
985 4016 1020 4081 et
1033 4006 1205 4081 Soldauus
1215 4005 1371 4078 Damasci
1379 4003 1432 4102 (2)
1440 4025 1520 4077 curn
1534 4004 1663 4098 ingenti
1676 4025 1777 4078 exer·

369 4125 441 4199 citu
454 4127 551 4222 apud
568 4129 745 4226 Neapolim
764 4141 838 4205 erat
857 4153 920 4228 per
939 4153 1045 4204 unam
1062 4129 1218 4203 similiter
1235 4129 1401 4203 deuna
1422 4125 1534 4200 nobis.
1562 4127 1605 4200 Et
1627 4125 1713 4201 dum
1730 4127 1776 4201 de

369 4249 582 4325 restitutione
596 4261 684 4326 terre
697 4263 815 4327 sancte
828 4263 1041 4346 tractaretur,
1057 4253 1225 4326 Dominus
1238 4253 1337 4325 lesus
1352 4251 1578 4325 Christustua
1584 4249 1683 4324 solita
1693 4269 1774 4346 pro-

370 4371 523 4448 videntia
538 4373 586 4448 ita
599 4375 774 4450 ordinavit
786 4377 882 4473 quod
893 4377 1066 4452 Soldunus
1084 4375 1232 4450 restituit
1246 4373 1388 4449 domino
1405 4373 1600 4470 imperatori
1613 4381 1648 4448 et
1663 4372 1773 4446 chris·

404 4675 439 4750 tt)
456 4677 691 4755 hlalehelllscrai,
706 4681 836 4742 Soldunus
845 4683 880 4741 de
892 4681 1019 4756 llbelath,
1032 4683 1061 4740 in
1073 4683 1199 4741 Armenia
1206 4683 1309 4756 llujcri

404 4771 442 4848 (Ξ)
460 4773 894 4852 &decumanorum
908 4795 942 4838 ex
952 4780 1034 4840 hate
1046 4795 1141 4856 nepos.
1153 4779 1216 4841 vid.
1229 4795 1304 4856 srpr.
1315 4795 1344 4854 ρ.
1355 4781 1493 4854 asueti
1505 4777 1533 4836 iu
1547 4775 1611 4835 line.
