4702 6110
395 632 492 694 rum.
508 629 553 716 u]
848 627 1043 688 ursronru
1068 625 1361 689 nrruouurrcn.
1748 621 1810 686 rec

474 764 565 842 (mle
576 780 621 842 up
633 763 739 838 hoen,
750 763 858 824 lllrtor.
869 759 961 823 mos.
973 760 1135 839 Laodices„
1147 767 1243 824 notat.
1257 761 1297 823 ud
1309 761 1362 822 llb.
1374 761 1567 840 Xlllprlmee
1578 762 1683 840 pertis,
1695 777 1724 838 p
1736 767 1806 836 tte,

515 887 555 932 ex
566 871 701 950 originali
713 871 745 930 in
757 869 901 932 tabulario
914 869 1068 950 clvlmtls)

446 1058 614 1132 Henricns
633 1059 801 1154 septimus
824 1059 887 1132 Dei
910 1059 1021 1152 gratie
1041 1059 1272 1133 Romanorum
1299 1080 1363 1131 rex
1385 1079 1520 1155 semper
1539 1069 1725 1151 augustus,
1748 1057 1809 1131 di·

397 1182 495 1256 lectis
518 1181 679 1257 fidelibus
696 1182 770 1256 suis
787 1183 924 1275 villicis,
945 1183 1110 1274 scabinis,
1124 1183 1250 1276 juratis
1267 1193 1302 1255 et
1319 1183 1454 1255 civibus
1471 1183 1644 1256 universis
1661 1182 1706 1256 de
1723 1183 1809 1256 Leo-

397 1305 471 1398 dio,
492 1307 591 1396 lloio,
610 1306 793 1400 Dionanto,
813 1309 936 1381 Sancto
950 1305 1125 1400 Trudone‚
1142 1307 1309 1400 Treiecto,
1324 1308 1472 1400 Tungris
1489 1317 1524 1381 et
1540 1307 1652 1381 Fossis
1664 1307 1810 1402 gratiam

401 1452 501 1504 suam
518 1438 553 1504 et
569 1452 672 1504 omne
688 1432 831 1505 bonum.
852 1431 1036 1528 Cupientes
1055 1431 1244 1504 honoribus
1262 1441 1297 1505 et
1320 1431 1530 1527 profectibus
1553 1432 1677 1504 vestris
1699 1432 1810 1506 inten-

401 1555 484 1630 dere
500 1555 592 1629 bono
608 1558 718 1640 ¹eorde
741 1567 904 1653 tanquam
923 1555 1060 1630 illorum
1079 1557 1169 1634 circa
1186 1580 1275 1653 quos
1298 1561 1397 1631 lavor
1418 1557 1527 1651 gratie
1544 1567 1658 1630 nostre
1675 1556 1813 1653 plenius

399 1679 568 1752 exuberet
582 1690 617 1752 et
633 1681 801 1774 abundat,
816 1683 981 1756 noveritis
1000 1681 1117 1778 itaque
1130 1684 1225 1777 qnod
1238 1703 1359 1756 omnes
1375 1683 1549 1756 libertates
1560 1691 1705 1769 vestras,
1716 1682 1809 1774 jura,

404 1823 507 1898 paces
525 1813 561 1876 et
578 1807 855 1880 communionem
876 1816 1025 1880 vestram
1049 1830 1113 1902 que
1134 1807 1267 1881 adiris
1284 1807 1562 1903 progenitoribus
1584 1816 1620 1880 et
1639 1807 1740 1880 nobis
1762 1817 1813 1882 te·

402 1933 491 2005 netis
504 1931 665 2025 sigillata,
686 1929 789 2003 vobis
804 1952 939 2026 semper
953 1932 1117 2004 volumus
1134 1933 1318 2004 observare
1335 1933 1559 2019 inconeussa3
1579 1953 1644 2004 nec
1657 1954 1812 2026 unquam

404 2079 483 2130 cum
501 2057 666 2152 episcopo
679 2053 860 2128 leodiensi
878 2054 931 2151 (l)
945 2055 1098 2149 aliquem
1115 2064 1295 2128 tractatum
1311 2055 1531 2144 habebimus,
1550 2054 1617 2126 nisi
1632 2055 1816 2151 premissas

403 2179 577 2253 libertates
592 2179 694 2252 uobis
709 2179 937 2252 inconiractes
953 2187 1186 2273 recognoscat.

451 2305 577 2376 Delum
601 2301 697 2399 apud
721 2301 932 2396 Haginoem,
960 2324 1052 2375 anno
1073 2302 1288 2394 MCCXXXl,
1316 2303 1391 2376 Vlll
1413 2301 1579 2378 kalendas
1601 2301 1814 2397 decembris,

405 2428 595 2503 indictione
609 2435 733 2522 quartu
751 2424 816 2522 (2).

458 3032 643 3116 Heuricus
659 3031 921 3114 Romanorum
943 3057 1010 3114 rex
1027 3029 1258 3114 monasterio
1281 3029 1517 3114 Weltsessen
1544 3055 1678 3114 omnes
1706 3058 1823 3117 venes
1843 3045 2026 3154 ‚5¹¹¹pr

406 3175 444 3249 et
460 3164 604 3250 fosseta
622 3164 706 3247 euri
729 3163 787 3246 vel
806 3163 952 3274 argenti
975 3161 1035 3247 vel
1058 3162 1212 3246 alterius
1230 3161 1373 3246 metalli
1387 3162 1427 3244 in
1443 3159 1553 3246 bonis
1566 3172 1604 3246 et
1618 3162 1740 3249 fundo
1758 3165 1824 3275 ip-

407 3297 487 3380 sius
504 3298 683 3382 ecelesiae
696 3297 881 3380 concedit.

490 3507 583 3588 (Edlt.
605 3525 644 3588 ep
658 3509 787 3572 liceum
803 3511 896 3586 licie,
910 3517 985 3573 tom.
1005 3509 1110 3591 XXX,
1124 3525 1193 3588 pers
1208 3518 1248 3586 1¹,
1264 3517 1298 3570 n⁰
1313 3517 1383 3583 ees,
1397 3525 1429 3587 p.
1446 3517 1520 3584 1653
1536 3525 1575 3570 ex
1586 3511 1722 3590 orlglnnll
1736 3513 1822 3591 culm

527 3615 658 3694 dglllnm
670 3619 773 3697 perlit,
787 3617 1009 3680 remanentibus
1021 3623 1139 3678 tuntum
1152 3615 1212 3678 nm
1225 3617 1326 3678 seriola
1339 3615 1443 3677 vlrldls
1456 3613 1584 3696 coloris.)

457 3799 501 3871 Il.
525 3799 588 3873 Dei
612 3801 722 3896 gralia
743 3803 975 3877 Romanorum
992 3825 1055 3876 rex
1073 3813 1108 3876 et
1124 3823 1260 3898 semper
1282 3811 1468 3894 angustus,
1491 3803 1663 3877 universis
1685 3803 1821 3902 imperii

410 3921 573 3997 fidelibus
585 3924 714 4019 quibus
733 3948 874 4022 presens
891 3927 1003 4000 littera
1022 3927 1125 4001 luerit
1147 3934 1284 4001 ostensa
1304 3927 1449 4021 gratim
1466 3948 1566 3999 suam
1586 3937 1622 4000 et
1641 3948 1745 4002 omne
1759 3929 1821 4003 bo-

411 4069 508 4120 num.
529 4049 702 4134 Quociens
715 4071 736 4122 a
750 4059 866 4124 nostra
879 4051 1061 4124 serenitate
1074 4049 1203 4148 petitur
1220 4048 1317 4143 quod
1332 4049 1466 4142 justum
1486 4057 1539 4122 est
1557 4058 1593 4123 et
1616 4050 1817 4144 honestum,

447 4354 484 4427 (l)
500 4354 637 4414 lohannes
647 4357 802 4416 leodiensis
814 4359 958 4434 episcopus
970 4363 1082 4434 pmpter
1097 4375 1174 4418 suum
1196 4373 1259 4416 eum
1277 4357 1411 4416 cardinale
1430 4357 1518 4432 legato
1534 4355 1642 4415 Othone
1652 4357 1821 4418 conloedem·

410 4451 511 4510 tionem
525 4459 554 4512 et
566 4454 738 4513 interdictum
749 4457 776 4513 in
794 4456 929 4514 civitatem
941 4457 1117 4515 leodiomm
1129 4457 1277 4515 immissum
1291 4455 1425 4529 regalibus
1438 4455 1497 4513 suis
1508 4471 1525 4513 o
1537 4469 1601 4528 rego
1613 4461 1709 4513 mucre
1722 4454 1819 4516 luerat.

410 4549 451 4608 Cf.
464 4551 554 4610 mun.
567 4552 742 4614 dmmvrnn.
758 4572 802 4630 up.
815 4555 1021 4628 Communem,
1037 4557 1074 4628 11,
1089 4559 1156 4627 259,
1172 4563 1201 4614 et
1214 4571 1296 4631 supra
1310 4572 1339 4630 p.
1356 4556 1419 4628 loe,
1432 4559 1489 4612 not
1505 4555 1532 4624 l,
1545 4555 1562 4611 2
1576 4559 1605 4609 et
1617 4557 1643 4609 3.
1655 4553 1733 4612 Unde
1746 4560 1822 4629 petet

294 4729 296 4734 Α
346 4719 357 4746 ο
411 4647 573 4708 discordiam
585 4652 704 4710 nondum
716 4660 781 4712 tune
793 4653 922 4730 temporis
933 4654 1014 4712 luisse
1027 4655 1208 4712 terminatam.

447 4747 482 4820 (ξ)
500 4747 614 4807 lndictio
625 4757 721 4826 qnmtr
732 4752 813 4827 plane
823 4753 976 4812 andentior
986 4767 1087 4811 annum
1099 4750 1308 4810 christianitate
1318 4749 1457 4810 abundare
1468 4749 1641 4810 denominat.

510 4849 568 4912 111.
1622 4859 1661 4914 65
