4642 6106
355 613 453 674 hortu.
468 609 513 686 Α]
810 609 1006 671 HISTORIA
1029 607 1321 672 utanoutrtct
1705 607 1766 670 ate

347 771 351 784 ·
404 744 662 846 [luserebantnr
676 751 793 818 antam
806 743 939 818 litterae
956 753 1110 840 patentes
1123 767 1213 840 quae
1233 754 1315 818 sunt
1329 743 1377 816 ita
1393 740 1421 840 z]

403 869 616 960 Fridericus‚
637 879 704 942 eto.
728 871 792 941 Per
813 890 954 964 presens
974 869 1141 966 seriptum
1162 879 1282 942 notum
1301 869 1448 942 lauimus
1472 867 1645 940 universis
1668 867 1764 962 quod

355 1017 419 1069 nos
433 995 653 1085 remittimus,
669 1002 736 1066 eto.
763 991 847 1065 Vide
862 1015 980 1088 repro,
998 1016 1034 1090 p.
1052 994 1137 1086 208,
1156 1003 1194 1066 n·
1209 995 1266 1066 lll.

403 1121 442 1192 ln
457 1119 597 1192 nomine
605 1117 756 1190 Domini.
767 1116 877 1189 Amen
886 1143 894 1187 ε
903 1117 1108 1192 Bertholdus
1115 1117 1356 1214 Aquilegensis
1366 1116 1572 1214 patriarcha,
1582 1127 1614 1188 et
1624 1121 1761 1206 meteri,

354 1255 393 1316 ot
411 1263 528 1338 supra
548 1243 612 1314 Per
630 1261 772 1338 presens
792 1241 958 1336 scriptum
979 1251 1100 1314 notum
1120 1241 1194 1315 lieri
1216 1243 1378 1315 volumus
1398 1239 1570 1316 uniuersis
1588 1239 1684 1334 quod
1700 1239 1764 1313 do·

354 1369 471 1440 minus
487 1367 674 1462 imperator
693 1365 835 1438 remittit
851 1385 988 1437 omnem
1006 1363 1189 1457 offensam,
1204 1373 1292 1456 eto,
1312 1387 1416 1459 usque
1433 1365 1479 1436 ud
1498 1362 1610 1438 donee
1629 1363 1763 1437 satisle·

335 1493 449 1566 'norit
473 1489 551 1564 Vide
562 1511 678 1584 supro,
695 1511 731 1584 p.
749 1489 923 1580 ato-atr,
941 1495 978 1559 n⁰
991 1489 1034 1559 V.

400 1613 470 1690 Nos
485 1618 503 1689 J
507 1670 516 1688 .
530 1616 593 1688 Dei
607 1613 718 1709 gratia
734 1613 934 1686 sabinensis
952 1614 1152 1710 episcopus,
1170 1623 1236 1686 eto.
1259 1613 1470 1709 Preoipimus
1488 1612 1628 1687 domino
1651 1613 1763 1707 impe-

351 1739 454 1814 ratori
466 1739 563 1834 qnod
577 1760 599 1810 a
612 1737 670 1811 die
683 1737 920 1830 absolutionis,
931 1747 1014 1828 eto,
1029 1760 1133 1834 utque
1148 1739 1195 1811 orl
1207 1737 1347 1812 domino
1361 1758 1452 1834 pape
1466 1745 1669 1812 reservetur.
1688 1736 1761 1808 Vide

350 1885 467 1957 supro,
484 1886 521 1959 p.
538 1863 629 1952 248,
646 1863 687 1938 at
696 1864 732 1954 9,
750 1867 787 1934 n⁰
800 1863 891 1934 Xlll.

402 2415 607 2527 Gregorius
620 2441 720 2526 pape
733 2415 966 2501 Friderionm
984 2417 1251 2528 imperatorem
1267 2428 1396 2502 monet
1411 2429 1454 2502 ut
1468 2419 1603 2528 spretis
1617 2419 1760 2528 impro-
1831 2429 1896 2482 ψ’

347 2545 486 2630 borum
504 2548 688 2656 oonsiliis,
700 2549 875 2634 homines
894 2551 943 2634 de
960 2551 1120 2664 Foggie,
1142 2551 1314 2658 Ciuitate,
1336 2551 1462 2636 Casuli
1480 2551 1601 2660 Novo,
1620 2551 1758 2636 Sancto

198 2706 202 2716 ·
349 2677 485 2764 Severo
503 2692 541 2765 et
559 2681 655 2766 alios
668 2684 858 2792 quosdam
874 2685 923 2766 de
941 2683 1163 2793 Capitanata
1176 2685 1459 2770 misericordius
1473 2695 1694 2796 pertractet,
1710 2714 1758 2772 ne

349 2813 497 2897 animos
524 2824 611 2924 post
637 2824 717 2898 tam
743 2815 891 2900 celebre
921 2815 1062 2902 festum
1090 2819 1195 2930 paois
1223 2825 1355 2904 eontra
1386 2827 1592 2931 utrumque
1619 2819 1760 2904 scilieet

349 2956 541 3056 papamet
558 2947 825 3058 imperatorem
842 2959 1050 3060 exasperet.

430 3187 533 3266 (sua.
548 3189 722 3268 mmm,
734 3188 846 3256 Anaul.
863 3189 957 3256 mles.
972 3191 1012 3256 etl
1023 3209 1093 3258 ann.
1106 3203 1195 3272 tlte,
1207 3213 1239 3275 p.
1249 3205 1323 3272 tos,
1337 3204 1352 3270 s
1365 3213 1445 3273 xrn,
1460 3198 1611 3277 etirsgor.
1627 3197 1758 3278 neget,

467 3295 608 3372 mn.1v,
623 3300 710 3376 epist.
728 3307 778 3359 tt.
795 3329 833 3344 -
846 3300 929 3374 Quae
950 3307 1050 3362 numm
1067 3303 1191 3373 desunt,
1212 3304 1412 3382 supplevimus
1429 3321 1469 3365 en
1485 3305 1553 3366 ooll.
1573 3304 1700 3384 Luporte
1716 3305 1759 3367 dn

465 3401 549 3462 'l'hall
563 3403 595 3464 ln
605 3403 746 3467 Blblloth.
762 3405 944 3486 Parlslonsl.)

393 3609 604 3708 Gregorius,
615 3625 698 3705 eto,
720 3619 758 3691 F.
778 3618 901 3692 illustri
916 3619 1147 3694 Romanorum
1170 3621 1379 3718 imperatori,
1393 3643 1530 3719 semper
1546 3629 1706 3718 angusto,
1722 3633 1757 3696 et

344 3736 418 3830 regi
431 3735 563 3829 Sicilie,
581 3747 649 3812 eto.
666 3741 742 3814 Non
762 3741 964 3816 dubitamus
984 3743 1069 3838 quin
1086 3743 1194 3840 aliqui
1216 3744 1321 3818 eorde
1337 3747 1491 3842 perversi
1511 3747 1557 3820 ab
1582 3748 1756 3820 inoentore

344 3859 513 3933 melorum
532 3863 689 3938 omnium
709 3864 869 3961 nequiter
886 3865 1037 3959 instigati
1057 3868 1357 3942 mansuetudinem
1377 3879 1472 3942 tuam
1491 3871 1688 3965 frequenter
1702 3882 1755 3943 at-

346 3993 493 4074 tentent,
519 3989 739 4083 suggerendo
764 3991 953 4086 prooaoiter
980 4001 1020 4064 ut
1045 3991 1207 4086 injuriam
1236 3994 1410 4089 propriam
1442 3993 1756 4068 immisericorditer

344 4129 557 4206 prosequens
571 4112 728 4188 homines
748 4123 827 4189 tuos
847 4116 893 4190 de
905 4117 1030 4210 Fogia,
1053 4117 1216 4206 Ciuitate,
1239 4117 1349 4190 Casuli
1361 4119 1476 4208 Novo,
1503 4120 1629 4192 Sunoto
1648 4120 1754 4193 Seve-

343 4233 420 4306 rino
434 4233 484 4332 (a)
498 4243 533 4308 et
546 4237 632 4310 alios
648 4239 818 4333 quosdam
832 4239 878 4314 de
888 4240 1079 4338 Capitinata
1098 4243 1215 4315 minus
1228 4242 1379 4318 humane
1393 4252 1580 4340 pertractes
1594 4243 1664 4342 (l),
1682 4246 1754 4318 sic-

381 4430 422 4513 (a)
444 4433 534 4498 usse
547 4435 656 4502 &neto
666 4439 782 4506 sam.

377 4725 412 4796 (l)
430 4725 492 4784 vul.
505 4741 588 4804 sopra
600 4745 629 4803 p.
643 4731 695 4789 tet
706 4737 735 4791 et
750 4738 841 4792 notam
856 4737 882 4792 t.

907 4855 922 4895 t
