<?xml version="1.0" encoding="UTF-8"?>
<!DOCTYPE html PUBLIC "-//W3C//DTD XHTML 1.0 Transitional//EN"
    "http://www.w3.org/TR/xhtml1/DTD/xhtml1-transitional.dtd">
<html xmlns="http://www.w3.org/1999/xhtml" xml:lang="en" lang="en">
 <head>
  <title>
</title>
<meta http-equiv="Content-Type" content="text/html;charset=utf-8" />
  <meta name='ocr-system' content='tesseract 3.04.00' />
  <meta name='ocr-capabilities' content='ocr_page ocr_carea ocr_par ocr_line ocrx_word'/>
</head>
<body>
  <div class='ocr_page' id='page_1' title='image "./historiadiploma03fredgoog/historiadiploma03fredgoog_0367.png"; bbox 0 0 4710 6076; ppageno 0'>
   <div class='ocr_carea' id='block_1_1' title="bbox 1137 715 2025 801">
    <p class='ocr_par' dir='ltr' id='par_1_1' title="bbox 1137 715 2025 801">
     <span class='ocr_line' id='line_1_1' title="bbox 1137 715 2025 801; baseline 0.008 -27"><span class='ocrx_word' id='word_1_1' title='bbox 1137 715 1308 778; x_wconf 76' lang='lat' dir='ltr'><strong>llENlllCl</strong></span> <span class='ocrx_word' id='word_1_2' title='bbox 1333 715 1501 778; x_wconf 77' lang='lat' dir='ltr'><strong>ssvvtm</strong></span> <span class='ocrx_word' id='word_1_3' title='bbox 1840 716 1917 801; x_wconf 80' lang='lat' dir='ltr'><strong>[llnn.</strong></span> <span class='ocrx_word' id='word_1_4' title='bbox 1935 717 2025 782; x_wconf 67' lang='lat'>1221.</span> 
     </span>
    </p>
   </div>
   <div class='ocr_carea' id='block_1_2' title="bbox 429 1363 2027 1762">
    <p class='ocr_par' dir='ltr' id='par_1_2' title="bbox 429 1363 2027 1762">
     <span class='ocr_line' id='line_1_2' title="bbox 447 1363 2025 1514; baseline 0.008 -56"><span class='ocrx_word' id='word_1_5' title='bbox 447 1407 567 1514; x_wconf 50' lang='lat' dir='ltr'><strong>„Q</strong></span> <span class='ocrx_word' id='word_1_6' title='bbox 671 1383 854 1467; x_wconf 90' lang='lat' dir='ltr'><strong>Henrious</strong></span> <span class='ocrx_word' id='word_1_7' title='bbox 886 1383 1144 1469; x_wconf 88' lang='lat' dir='ltr'><strong>Romanorum</strong></span> <span class='ocrx_word' id='word_1_8' title='bbox 1180 1413 1247 1470; x_wconf 86' lang='lat' dir='ltr'><strong>rex</strong></span> <span class='ocrx_word' id='word_1_9' title='bbox 1281 1385 1459 1496; x_wconf 92' lang='lat' dir='ltr'><strong>hospitali</strong></span> <span class='ocrx_word' id='word_1_10' title='bbox 1490 1387 1616 1470; x_wconf 81' lang='lat' dir='ltr'><strong>Sancti</strong></span> <span class='ocrx_word' id='word_1_11' title='bbox 1645 1385 1799 1470; x_wconf 87' lang='lat' dir='ltr'><strong>loannis</strong></span> <span class='ocrx_word' id='word_1_12' title='bbox 1829 1363 2025 1496; x_wconf 57' lang='lat' dir='ltr'><strong>lerosolyss</strong></span> 
     </span>
     <span class='ocr_line' id='line_1_3' title="bbox 429 1513 2027 1631; baseline 0.004 -37"><span class='ocrx_word' id='word_1_13' title='bbox 429 1513 580 1560; x_wconf 54' lang='lat' dir='ltr'><strong>‘mm</strong></span> <span class='ocrx_word' id='word_1_14' title='bbox 619 1517 752 1601; x_wconf 91' lang='lat' dir='ltr'><strong>mitani</strong></span> <span class='ocrx_word' id='word_1_15' title='bbox 779 1519 909 1603; x_wconf 89' lang='lat' dir='ltr'><strong>omnia</strong></span> <span class='ocrx_word' id='word_1_16' title='bbox 933 1518 1133 1602; x_wconf 89' lang='lat' dir='ltr'><strong>confirmat</strong></span> <span class='ocrx_word' id='word_1_17' title='bbox 1159 1519 1261 1604; x_wconf 90' lang='lat' dir='ltr'><strong>bona</strong></span> <span class='ocrx_word' id='word_1_18' title='bbox 1283 1547 1382 1631; x_wconf 90' lang='lat' dir='ltr'><strong>quae</strong></span> <span class='ocrx_word' id='word_1_19' title='bbox 1411 1517 1675 1604; x_wconf 76' lang='lat' dir='ltr'><strong>ministeriales</strong></span> <span class='ocrx_word' id='word_1_20' title='bbox 1701 1521 1877 1630; x_wconf 87' lang='lat' dir='ltr'><strong>civesque</strong></span> <span class='ocrx_word' id='word_1_21' title='bbox 1902 1517 1963 1602; x_wconf 91' lang='lat' dir='ltr'><strong>sui</strong></span> <span class='ocrx_word' id='word_1_22' title='bbox 1988 1527 2027 1600; x_wconf 89' lang='lat' dir='ltr'><strong>et</strong></span> 
     </span>
     <span class='ocr_line' id='line_1_4' title="bbox 619 1651 1528 1762; baseline 0.002 -30"><span class='ocrx_word' id='word_1_23' title='bbox 619 1652 764 1762; x_wconf 89' lang='lat' dir='ltr'><strong>imperii</strong></span> <span class='ocrx_word' id='word_1_24' title='bbox 782 1651 873 1735; x_wconf 90' lang='lat' dir='ltr'><strong>illuc</strong></span> <span class='ocrx_word' id='word_1_25' title='bbox 890 1651 1132 1736; x_wconf 87' lang='lat' dir='ltr'><strong>contulerunt</strong></span> <span class='ocrx_word' id='word_1_26' title='bbox 1150 1663 1216 1736; x_wconf 89' lang='lat' dir='ltr'><strong>aut</strong></span> <span class='ocrx_word' id='word_1_27' title='bbox 1232 1651 1407 1738; x_wconf 89' lang='lat' dir='ltr'><strong>collaturi</strong></span> <span class='ocrx_word' id='word_1_28' title='bbox 1426 1662 1528 1736; x_wconf 91' lang='lat' dir='ltr'><strong>sunt.</strong></span> 
     </span>
    </p>
   </div>
   <div class='ocr_carea' id='block_1_3' title="bbox 701 1891 2025 2186">
    <p class='ocr_par' dir='ltr' id='par_1_3' title="bbox 701 1891 2025 2186">
     <span class='ocr_line' id='line_1_5' title="bbox 701 1891 2025 1974; baseline -0.004 -19"><span class='ocrx_word' id='word_1_29' title='bbox 701 1895 794 1974; x_wconf 81' lang='lat' dir='ltr'><strong>(Edit.</strong></span> <span class='ocrx_word' id='word_1_30' title='bbox 813 1897 846 1955; x_wconf 90' lang='lat' dir='ltr'><strong>iu</strong></span> <span class='ocrx_word' id='word_1_31' title='bbox 866 1897 993 1956; x_wconf 79' lang='lat' dir='ltr'><strong>Manem.</strong></span> <span class='ocrx_word' id='word_1_32' title='bbox 1014 1895 1104 1970; x_wconf 75' lang='lat' dir='ltr'><strong>Boin,</strong></span> <span class='ocrx_word' id='word_1_33' title='bbox 1120 1901 1192 1956; x_wconf 85' lang='lat' dir='ltr'><strong>tom.</strong></span> <span class='ocrx_word' id='word_1_34' title='bbox 1209 1895 1324 1970; x_wconf 80' lang='lat' dir='ltr'>XXXI,</span> <span class='ocrx_word' id='word_1_35' title='bbox 1339 1911 1408 1974; x_wconf 83' lang='lat' dir='ltr'><strong>pars</strong></span> <span class='ocrx_word' id='word_1_36' title='bbox 1429 1903 1469 1968; x_wconf 83' lang='lat'><strong>1¹,</strong></span> <span class='ocrx_word' id='word_1_37' title='bbox 1483 1911 1513 1972; x_wconf 93' lang='lat' dir='ltr'><strong>p.</strong></span> <span class='ocrx_word' id='word_1_38' title='bbox 1532 1904 1607 1968; x_wconf 76' lang='lat' dir='ltr'><strong>aar,</strong></span> <span class='ocrx_word' id='word_1_39' title='bbox 1623 1911 1662 1955; x_wconf 81' lang='lat' dir='ltr'><strong>ox</strong></span> <span class='ocrx_word' id='word_1_40' title='bbox 1674 1897 1859 1970; x_wconf 82' lang='lat' dir='ltr'><strong>tramumpto</strong></span> <span class='ocrx_word' id='word_1_41' title='bbox 1877 1891 2025 1952; x_wconf 81' lang='lat' dir='ltr'><strong>veriorum</strong></span> 
     </span>
     <span class='ocr_line' id='line_1_6' title="bbox 738 1996 2022 2078; baseline -0.003 -18"><span class='ocrx_word' id='word_1_42' title='bbox 738 2001 956 2078; x_wconf 81' lang='lat' dir='ltr'><strong>privilegtomm</strong></span> <span class='ocrx_word' id='word_1_43' title='bbox 973 2001 1038 2061; x_wconf 84' lang='lat' dir='ltr'><strong>ord.</strong></span> <span class='ocrx_word' id='word_1_44' title='bbox 1054 2001 1154 2062; x_wconf 79' lang='lat' dir='ltr'><strong>Sancti</strong></span> <span class='ocrx_word' id='word_1_45' title='bbox 1176 2001 1320 2063; x_wconf 82' lang='lat' dir='ltr'><strong>Jobuuuts</strong></span> <span class='ocrx_word' id='word_1_46' title='bbox 1341 2003 1374 2062; x_wconf 88' lang='lat' dir='ltr'><strong>tu</strong></span> <span class='ocrx_word' id='word_1_47' title='bbox 1393 2001 1556 2063; x_wconf 69' lang='lat' dir='ltr'><strong>Jsrumlu</strong></span> <span class='ocrx_word' id='word_1_48' title='bbox 1577 2015 1629 2078; x_wconf 87' lang='lat' dir='ltr'><strong>per</strong></span> <span class='ocrx_word' id='word_1_49' title='bbox 1647 1996 1821 2076; x_wconf 70' lang='lat' dir='ltr'><strong>Adolphum&#39;</strong></span> <span class='ocrx_word' id='word_1_50' title='bbox 1838 2011 1935 2076; x_wconf 79' lang='lat' dir='ltr'><strong>regem</strong></span> <span class='ocrx_word' id='word_1_51' title='bbox 1952 2011 2022 2057; x_wconf 87' lang='lat' dir='ltr'><strong>nun.</strong></span> 
     </span>
     <span class='ocr_line' id='line_1_7' title="bbox 740 2103 1618 2186; baseline 0 -19"><span class='ocrx_word' id='word_1_52' title='bbox 740 2115 815 2167; x_wconf 75' lang='lat' dir='ltr'><strong>rtet</strong></span> <span class='ocrx_word' id='word_1_53' title='bbox 827 2112 857 2166; x_wconf 85' lang='lat' dir='ltr'><strong>et</strong></span> <span class='ocrx_word' id='word_1_54' title='bbox 867 2105 1061 2169; x_wconf 87' lang='lat' dir='ltr'><strong>Lndovdcum</strong></span> <span class='ocrx_word' id='word_1_55' title='bbox 1074 2107 1117 2170; x_wconf 83' lang='lat' dir='ltr'><strong>tv</strong></span> <span class='ocrx_word' id='word_1_56' title='bbox 1130 2123 1229 2186; x_wconf 83' lang='lat' dir='ltr'><strong>regom</strong></span> <span class='ocrx_word' id='word_1_57' title='bbox 1243 2123 1314 2168; x_wconf 81' lang='lat' dir='ltr'><strong>nun.</strong></span> <span class='ocrx_word' id='word_1_58' title='bbox 1333 2115 1408 2169; x_wconf 75' lang='lat' dir='ltr'><strong>atta</strong></span> <span class='ocrx_word' id='word_1_59' title='bbox 1423 2103 1618 2186; x_wconf 82' lang='lat' dir='ltr'><strong>collatorum)</strong></span> 
     </span>
    </p>
   </div>
   <div class='ocr_carea' id='block_1_4' title="bbox 484 2313 2032 4892">
    <p class='ocr_par' dir='ltr' id='par_1_4' title="bbox 621 2313 2032 3526">
     <span class='ocr_line' id='line_1_8' title="bbox 668 2313 2026 2414; baseline -0.001 -24"><span class='ocrx_word' id='word_1_60' title='bbox 668 2316 847 2390; x_wconf 89' lang='lat' dir='ltr'><strong>Heinrious</strong></span> <span class='ocrx_word' id='word_1_61' title='bbox 871 2319 1038 2414; x_wconf 87' lang='lat' dir='ltr'><strong>septimus</strong></span> <span class='ocrx_word' id='word_1_62' title='bbox 1052 2319 1113 2390; x_wconf 87' lang='lat' dir='ltr'><strong>Dei</strong></span> <span class='ocrx_word' id='word_1_63' title='bbox 1128 2316 1238 2412; x_wconf 85' lang='lat' dir='ltr'><strong>gratia</strong></span> <span class='ocrx_word' id='word_1_64' title='bbox 1259 2318 1488 2392; x_wconf 86' lang='lat' dir='ltr'><strong>Romanorum</strong></span> <span class='ocrx_word' id='word_1_65' title='bbox 1506 2339 1568 2392; x_wconf 87' lang='lat' dir='ltr'><strong>rex</strong></span> <span class='ocrx_word' id='word_1_66' title='bbox 1585 2337 1721 2412; x_wconf 85' lang='lat' dir='ltr'><strong>semper</strong></span> <span class='ocrx_word' id='word_1_67' title='bbox 1743 2323 1929 2410; x_wconf 85' lang='lat' dir='ltr'><strong>augustus,</strong></span> <span class='ocrx_word' id='word_1_68' title='bbox 1949 2313 2026 2388; x_wconf 85' lang='lat' dir='ltr'><strong>nui-</strong></span> 
     </span>
     <span class='ocr_line' id='line_1_9' title="bbox 622 2439 2027 2538; baseline -0.004 -24"><span class='ocrx_word' id='word_1_69' title='bbox 622 2441 730 2516; x_wconf 89' lang='lat' dir='ltr'><strong>versis</strong></span> <span class='ocrx_word' id='word_1_70' title='bbox 753 2442 889 2538; x_wconf 89' lang='lat' dir='ltr'><strong>imperii</strong></span> <span class='ocrx_word' id='word_1_71' title='bbox 914 2440 1077 2516; x_wconf 86' lang='lat' dir='ltr'><strong>fidelibus</strong></span> <span class='ocrx_word' id='word_1_72' title='bbox 1099 2441 1227 2536; x_wconf 87' lang='lat' dir='ltr'><strong>quibus</strong></span> <span class='ocrx_word' id='word_1_73' title='bbox 1252 2463 1394 2536; x_wconf 75' lang='lat' dir='ltr'>presens</span> <span class='ocrx_word' id='word_1_74' title='bbox 1417 2441 1584 2537; x_wconf 86' lang='lat' dir='ltr'><strong>scriptum</strong></span> <span class='ocrx_word' id='word_1_75' title='bbox 1606 2440 1800 2516; x_wconf 85' lang='lat' dir='ltr'><strong>exhibitum</strong></span> <span class='ocrx_word' id='word_1_76' title='bbox 1823 2439 1927 2514; x_wconf 83' lang='lat' dir='ltr'><strong>luerit</strong></span> <span class='ocrx_word' id='word_1_77' title='bbox 1950 2461 2027 2532; x_wconf 77' lang='lat' dir='ltr'><strong>gru·</strong></span> 
     </span>
     <span class='ocr_line' id='line_1_10' title="bbox 621 2561 2027 2664; baseline 0 -28"><span class='ocrx_word' id='word_1_78' title='bbox 621 2566 703 2640; x_wconf 86' lang='lat' dir='ltr'><strong>tium</strong></span> <span class='ocrx_word' id='word_1_79' title='bbox 723 2587 823 2640; x_wconf 86' lang='lat' dir='ltr'><strong>suam</strong></span> <span class='ocrx_word' id='word_1_80' title='bbox 838 2576 870 2638; x_wconf 87' lang='lat' dir='ltr'><strong>et</strong></span> <span class='ocrx_word' id='word_1_81' title='bbox 890 2586 991 2638; x_wconf 88' lang='lat' dir='ltr'><strong>omne</strong></span> <span class='ocrx_word' id='word_1_82' title='bbox 1019 2565 1163 2638; x_wconf 90' lang='lat' dir='ltr'><strong>bouum.</strong></span> <span class='ocrx_word' id='word_1_83' title='bbox 1190 2564 1245 2640; x_wconf 84' lang='lat' dir='ltr'><strong>Ad</strong></span> <span class='ocrx_word' id='word_1_84' title='bbox 1271 2565 1342 2638; x_wconf 90' lang='lat' dir='ltr'><strong>vite</strong></span> <span class='ocrx_word' id='word_1_85' title='bbox 1360 2565 1540 2664; x_wconf 80' lang='lat' dir='ltr'><strong>utriusque</strong></span> <span class='ocrx_word' id='word_1_86' title='bbox 1554 2563 1723 2661; x_wconf 88' lang='lat' dir='ltr'><strong>presentis</strong></span> <span class='ocrx_word' id='word_1_87' title='bbox 1739 2573 1774 2638; x_wconf 89' lang='lat' dir='ltr'><strong>et</strong></span> <span class='ocrx_word' id='word_1_88' title='bbox 1793 2563 1907 2636; x_wconf 77' lang='lat' dir='ltr'><strong>future</strong></span> <span class='ocrx_word' id='word_1_89' title='bbox 1923 2561 2027 2636; x_wconf 84' lang='lat' dir='ltr'><strong>ielioi·</strong></span> 
     </span>
     <span class='ocr_line' id='line_1_11' title="bbox 621 2685 2027 2784; baseline -0.003 -21"><span class='ocrx_word' id='word_1_90' title='bbox 621 2700 724 2764; x_wconf 85' lang='lat' dir='ltr'><strong>tatem</strong></span> <span class='ocrx_word' id='word_1_91' title='bbox 747 2689 846 2763; x_wconf 91' lang='lat' dir='ltr'><strong>nobis</strong></span> <span class='ocrx_word' id='word_1_92' title='bbox 870 2690 1033 2784; x_wconf 76' lang='lat' dir='ltr'>prodesse</span> <span class='ocrx_word' id='word_1_93' title='bbox 1059 2710 1128 2762; x_wconf 92' lang='lat' dir='ltr'><strong>nou</strong></span> <span class='ocrx_word' id='word_1_94' title='bbox 1157 2689 1365 2784; x_wconf 78' lang='lat' dir='ltr'><strong>ambigimus</strong></span> <span class='ocrx_word' id='word_1_95' title='bbox 1397 2689 1427 2762; x_wconf 88' lang='lat' dir='ltr'><strong>si</strong></span> <span class='ocrx_word' id='word_1_96' title='bbox 1454 2689 1529 2762; x_wconf 86' lang='lat' dir='ltr'><strong>loon</strong></span> <span class='ocrx_word' id='word_1_97' title='bbox 1554 2687 1675 2762; x_wconf 90' lang='lat' dir='ltr'><strong>divino</strong></span> <span class='ocrx_word' id='word_1_98' title='bbox 1699 2685 1809 2760; x_wconf 89' lang='lat' dir='ltr'><strong>cultui</strong></span> <span class='ocrx_word' id='word_1_99' title='bbox 1834 2685 2027 2782; x_wconf 74' lang='lat' dir='ltr'><strong>mancipatu</strong></span> 
     </span>
     <span class='ocr_line' id='line_1_12' title="bbox 622 2809 2028 2908; baseline -0.003 -20"><span class='ocrx_word' id='word_1_100' title='bbox 622 2813 856 2888; x_wconf 81' lang='lat' dir='ltr'><strong>curaverimus</strong></span> <span class='ocrx_word' id='word_1_101' title='bbox 874 2836 920 2886; x_wconf 85' lang='lat' dir='ltr'><strong>ex</strong></span> <span class='ocrx_word' id='word_1_102' title='bbox 938 2813 1054 2886; x_wconf 87' lang='lat' dir='ltr'><strong>iuuate</strong></span> <span class='ocrx_word' id='word_1_103' title='bbox 1071 2813 1171 2886; x_wconf 91' lang='lat' dir='ltr'><strong>nobis</strong></span> <span class='ocrx_word' id='word_1_104' title='bbox 1194 2813 1330 2908; x_wconf 85' lang='lat' dir='ltr'><strong>pietatis</strong></span> <span class='ocrx_word' id='word_1_105' title='bbox 1351 2811 1508 2886; x_wconf 88' lang='lat' dir='ltr'><strong>subsidio</strong></span> <span class='ocrx_word' id='word_1_106' title='bbox 1525 2811 1743 2908; x_wconf 80' lang='lat' dir='ltr'><strong>ampliasset</strong></span> <span class='ocrx_word' id='word_1_107' title='bbox 1759 2809 1810 2884; x_wconf 90' lang='lat' dir='ltr'><strong>ais</strong></span> <span class='ocrx_word' id='word_1_108' title='bbox 1826 2809 2028 2906; x_wconf 84' lang='lat' dir='ltr'><strong>suisqnsue</strong></span> 
     </span>
     <span class='ocr_line' id='line_1_13' title="bbox 623 2933 2027 3033; baseline -0.006 -20"><span class='ocrx_word' id='word_1_109' title='bbox 623 2949 809 3033; x_wconf 78' lang='lat' dir='ltr'><strong>graventur</strong></span> <span class='ocrx_word' id='word_1_110' title='bbox 823 2937 975 3012; x_wconf 88' lang='lat' dir='ltr'><strong>indebite</strong></span> <span class='ocrx_word' id='word_1_111' title='bbox 993 2936 1227 3010; x_wconf 81' lang='lat' dir='ltr'><strong>studuerimus</strong></span> <span class='ocrx_word' id='word_1_112' title='bbox 1244 2935 1302 3032; x_wconf 83' lang='lat' dir='ltr'><strong>pia</strong></span> <span class='ocrx_word' id='word_1_113' title='bbox 1316 2934 1546 3009; x_wconf 88' lang='lat' dir='ltr'><strong>sollicitudine</strong></span> <span class='ocrx_word' id='word_1_114' title='bbox 1563 2933 1758 3031; x_wconf 87' lang='lat' dir='ltr'><strong>providere.</strong></span> <span class='ocrx_word' id='word_1_115' title='bbox 1781 2935 1892 3028; x_wconf 87' lang='lat' dir='ltr'><strong>Hujus</strong></span> <span class='ocrx_word' id='word_1_116' title='bbox 1910 2933 2027 3028; x_wconf 78' lang='lat' dir='ltr'><strong>itaquo</strong></span> 
     </span>
     <span class='ocr_line' id='line_1_14' title="bbox 622 3055 2027 3158; baseline -0.001 -24"><span class='ocrx_word' id='word_1_117' title='bbox 622 3065 670 3135; x_wconf 89' lang='lat' dir='ltr'><strong>rei</strong></span> <span class='ocrx_word' id='word_1_118' title='bbox 696 3063 805 3158; x_wconf 87' lang='lat' dir='ltr'><strong>gratia</strong></span> <span class='ocrx_word' id='word_1_119' title='bbox 832 3062 1021 3134; x_wconf 87' lang='lat' dir='ltr'><strong>innotescat</strong></span> <span class='ocrx_word' id='word_1_120' title='bbox 1038 3060 1208 3134; x_wconf 88' lang='lat' dir='ltr'><strong>universis</strong></span> <span class='ocrx_word' id='word_1_121' title='bbox 1227 3058 1325 3154; x_wconf 91' lang='lat' dir='ltr'><strong>quod</strong></span> <span class='ocrx_word' id='word_1_122' title='bbox 1344 3079 1409 3132; x_wconf 91' lang='lat' dir='ltr'><strong>nos</strong></span> <span class='ocrx_word' id='word_1_123' title='bbox 1432 3060 1647 3134; x_wconf 87' lang='lat' dir='ltr'><strong>attendentes</strong></span> <span class='ocrx_word' id='word_1_124' title='bbox 1668 3059 1881 3132; x_wconf 84' lang='lat' dir='ltr'><strong>honestatem</strong></span> <span class='ocrx_word' id='word_1_125' title='bbox 1904 3079 1946 3130; x_wconf 90' lang='lat' dir='ltr'><strong>ao</strong></span> <span class='ocrx_word' id='word_1_126' title='bbox 1967 3055 2027 3132; x_wconf 87' lang='lat' dir='ltr'><strong>de·</strong></span> 
     </span>
     <span class='ocr_line' id='line_1_15' title="bbox 623 3179 2029 3280; baseline -0.001 -22"><span class='ocrx_word' id='word_1_127' title='bbox 623 3187 797 3260; x_wconf 90' lang='lat' dir='ltr'><strong>votionam</strong></span> <span class='ocrx_word' id='word_1_128' title='bbox 820 3185 1023 3258; x_wconf 88' lang='lat' dir='ltr'><strong>dilectorum</strong></span> <span class='ocrx_word' id='word_1_129' title='bbox 1050 3183 1205 3256; x_wconf 88' lang='lat' dir='ltr'><strong>fidelium</strong></span> <span class='ocrx_word' id='word_1_130' title='bbox 1232 3191 1426 3256; x_wconf 88' lang='lat' dir='ltr'><strong>nostrorum</strong></span> <span class='ocrx_word' id='word_1_131' title='bbox 1453 3183 1605 3276; x_wconf 78' lang='lat' dir='ltr'><strong>magistri</strong></span> <span class='ocrx_word' id='word_1_132' title='bbox 1629 3191 1663 3256; x_wconf 88' lang='lat' dir='ltr'><strong>et</strong></span> <span class='ocrx_word' id='word_1_133' title='bbox 1682 3184 1824 3280; x_wconf 81' lang='lat' dir='ltr'><strong>fratrum</strong></span> <span class='ocrx_word' id='word_1_134' title='bbox 1850 3179 2029 3278; x_wconf 73' lang='lat' dir='ltr'><strong>hospitalis</strong></span> 
     </span>
     <span class='ocr_line' id='line_1_16' title="bbox 624 3304 2031 3403; baseline -0.005 -19"><span class='ocrx_word' id='word_1_135' title='bbox 624 3310 736 3384; x_wconf 87' lang='lat' dir='ltr'><strong>Sancti</strong></span> <span class='ocrx_word' id='word_1_136' title='bbox 766 3308 931 3383; x_wconf 78' lang='lat' dir='ltr'><strong>Iohannis</strong></span> <span class='ocrx_word' id='word_1_137' title='bbox 949 3306 1246 3403; x_wconf 75' lang='lat' dir='ltr'><strong>ierosolymitaui,</strong></span> <span class='ocrx_word' id='word_1_138' title='bbox 1263 3306 1379 3380; x_wconf 88' lang='lat' dir='ltr'><strong>omnin</strong></span> <span class='ocrx_word' id='word_1_139' title='bbox 1396 3307 1489 3382; x_wconf 87' lang='lat' dir='ltr'><strong>boun</strong></span> <span class='ocrx_word' id='word_1_140' title='bbox 1510 3316 1546 3380; x_wconf 89' lang='lat' dir='ltr'><strong>et</strong></span> <span class='ocrx_word' id='word_1_141' title='bbox 1564 3307 1797 3402; x_wconf 86' lang='lat' dir='ltr'><strong>possessiones</strong></span> <span class='ocrx_word' id='word_1_142' title='bbox 1817 3327 1887 3400; x_wconf 89' lang='lat' dir='ltr'><strong>qne</strong></span> <span class='ocrx_word' id='word_1_143' title='bbox 1911 3304 2031 3380; x_wconf 91' lang='lat' dir='ltr'><strong>minis-</strong></span> 
     </span>
     <span class='ocr_line' id='line_1_17' title="bbox 625 3427 2032 3526; baseline -0.005 -21"><span class='ocrx_word' id='word_1_144' title='bbox 625 3434 760 3508; x_wconf 85' lang='lat' dir='ltr'><strong>teriales</strong></span> <span class='ocrx_word' id='word_1_145' title='bbox 785 3433 880 3506; x_wconf 87' lang='lat' dir='ltr'><strong>cives</strong></span> <span class='ocrx_word' id='word_1_146' title='bbox 907 3432 1013 3506; x_wconf 89' lang='lat' dir='ltr'><strong>nostri</strong></span> <span class='ocrx_word' id='word_1_147' title='bbox 1037 3439 1071 3503; x_wconf 89' lang='lat' dir='ltr'><strong>et</strong></span> <span class='ocrx_word' id='word_1_148' title='bbox 1091 3429 1225 3526; x_wconf 88' lang='lat' dir='ltr'><strong>imperii</strong></span> <span class='ocrx_word' id='word_1_149' title='bbox 1249 3451 1366 3504; x_wconf 87' lang='lat' dir='ltr'><strong>amore</strong></span> <span class='ocrx_word' id='word_1_150' title='bbox 1388 3429 1554 3504; x_wconf 88' lang='lat' dir='ltr'><strong>virtutum</strong></span> <span class='ocrx_word' id='word_1_151' title='bbox 1578 3430 1663 3526; x_wconf 89' lang='lat' dir='ltr'><strong>ipsis</strong></span> <span class='ocrx_word' id='word_1_152' title='bbox 1683 3431 1839 3506; x_wconf 82' lang='lat' dir='ltr'><strong>oonlerre</strong></span> <span class='ocrx_word' id='word_1_153' title='bbox 1859 3427 2032 3502; x_wconf 86' lang='lat' dir='ltr'><strong>voluerint</strong></span> 
     </span>
    </p>

    <p class='ocr_par' dir='ltr' id='par_1_5' title="bbox 484 3552 2032 4640">
     <span class='ocr_line' id='line_1_18' title="bbox 484 3552 2030 3656; baseline -0.003 -26"><span class='ocrx_word' id='word_1_154' title='bbox 484 3645 491 3656; x_wconf 29' lang='grc' dir='ltr'>ι</span> <span class='ocrx_word' id='word_1_155' title='bbox 624 3559 679 3630; x_wconf 92' lang='lat' dir='ltr'><strong>vel</strong></span> <span class='ocrx_word' id='word_1_156' title='bbox 693 3557 877 3632; x_wconf 87' lang='lat' dir='ltr'><strong>ooutnlisse</strong></span> <span class='ocrx_word' id='word_1_157' title='bbox 891 3556 1130 3646; x_wconf 88' lang='lat' dir='ltr'><strong>dinoscuntur,</strong></span> <span class='ocrx_word' id='word_1_158' title='bbox 1147 3555 1201 3628; x_wconf 91' lang='lat' dir='ltr'><strong>vel</strong></span> <span class='ocrx_word' id='word_1_159' title='bbox 1221 3555 1326 3648; x_wconf 92' lang='lat' dir='ltr'><strong>siqui</strong></span> <span class='ocrx_word' id='word_1_160' title='bbox 1350 3575 1387 3627; x_wconf 91' lang='lat' dir='ltr'><strong>se</strong></span> <span class='ocrx_word' id='word_1_161' title='bbox 1401 3552 1447 3627; x_wconf 88' lang='lat' dir='ltr'><strong>ad</strong></span> <span class='ocrx_word' id='word_1_162' title='bbox 1464 3554 1664 3648; x_wconf 82' lang='lat' dir='ltr'><strong>religionem</strong></span> <span class='ocrx_word' id='word_1_163' title='bbox 1683 3554 1837 3650; x_wconf 88' lang='lat' dir='ltr'><strong>ipsorum</strong></span> <span class='ocrx_word' id='word_1_164' title='bbox 1849 3553 2030 3628; x_wconf 76' lang='lat' dir='ltr'><strong>transferre</strong></span> 
     </span>
     <span class='ocr_line' id='line_1_19' title="bbox 625 3673 2026 3773; baseline -0.004 -18"><span class='ocrx_word' id='word_1_165' title='bbox 625 3682 813 3768; x_wconf 88' lang='lat' dir='ltr'><strong>volueriut,</strong></span> <span class='ocrx_word' id='word_1_166' title='bbox 838 3680 883 3756; x_wconf 89' lang='lat' dir='ltr'><strong>de</strong></span> <span class='ocrx_word' id='word_1_167' title='bbox 900 3701 993 3753; x_wconf 85' lang='lat' dir='ltr'><strong>mera</strong></span> <span class='ocrx_word' id='word_1_168' title='bbox 1010 3679 1221 3773; x_wconf 78' lang='lat' dir='ltr'><strong>benignitate</strong></span> <span class='ocrx_word' id='word_1_169' title='bbox 1241 3679 1337 3772; x_wconf 78' lang='lat' dir='ltr'><strong>regia</strong></span> <span class='ocrx_word' id='word_1_170' title='bbox 1358 3686 1472 3752; x_wconf 89' lang='lat' dir='ltr'><strong>ratum</strong></span> <span class='ocrx_word' id='word_1_171' title='bbox 1490 3677 1618 3750; x_wconf 87' lang='lat' dir='ltr'><strong>habere</strong></span> <span class='ocrx_word' id='word_1_172' title='bbox 1638 3677 1799 3751; x_wconf 91' lang='lat' dir='ltr'><strong>volumus</strong></span> <span class='ocrx_word' id='word_1_173' title='bbox 1818 3684 1853 3750; x_wconf 89' lang='lat' dir='ltr'><strong>et</strong></span> <span class='ocrx_word' id='word_1_174' title='bbox 1869 3673 2026 3767; x_wconf 78' lang='lat' dir='ltr'><strong>ffimnm,</strong></span> 
     </span>
     <span class='ocr_line' id='line_1_20' title="bbox 624 3798 2029 3902; baseline -0.003 -24"><span class='ocrx_word' id='word_1_175' title='bbox 624 3805 708 3902; x_wconf 90' lang='lat' dir='ltr'><strong>ipsis</strong></span> <span class='ocrx_word' id='word_1_176' title='bbox 721 3805 814 3880; x_wconf 88' lang='lat' dir='ltr'><strong>idem</strong></span> <span class='ocrx_word' id='word_1_177' title='bbox 828 3803 1029 3877; x_wconf 82' lang='lat' dir='ltr'><strong>auctoritate</strong></span> <span class='ocrx_word' id='word_1_178' title='bbox 1043 3802 1253 3897; x_wconf 78' lang='lat' dir='ltr'><strong>presentium</strong></span> <span class='ocrx_word' id='word_1_179' title='bbox 1267 3799 1519 3876; x_wconf 83' lang='lat' dir='ltr'><strong>confirmantes.</strong></span> <span class='ocrx_word' id='word_1_180' title='bbox 1546 3800 1695 3874; x_wconf 89' lang='lat' dir='ltr'><strong>Proinde</strong></span> <span class='ocrx_word' id='word_1_181' title='bbox 1715 3810 1768 3874; x_wconf 87' lang='lat' dir='ltr'><strong>est</strong></span> <span class='ocrx_word' id='word_1_182' title='bbox 1792 3798 1889 3894; x_wconf 89' lang='lat' dir='ltr'><strong>qnod</strong></span> <span class='ocrx_word' id='word_1_183' title='bbox 1903 3808 2029 3874; x_wconf 79' lang='lat' dir='ltr'><strong>nudo·</strong></span> 
     </span>
     <span class='ocr_line' id='line_1_21' title="bbox 624 3924 2029 4025; baseline -0.006 -21"><span class='ocrx_word' id='word_1_184' title='bbox 624 3933 721 4006; x_wconf 85' lang='lat' dir='ltr'><strong>ritate</strong></span> <span class='ocrx_word' id='word_1_185' title='bbox 737 3930 831 4025; x_wconf 87' lang='lat' dir='ltr'><strong>regia</strong></span> <span class='ocrx_word' id='word_1_186' title='bbox 849 3928 991 4002; x_wconf 85' lang='lat' dir='ltr'><strong>tinniter</strong></span> <span class='ocrx_word' id='word_1_187' title='bbox 1003 3927 1200 4000; x_wconf 89' lang='lat' dir='ltr'><strong>inhibemus</strong></span> <span class='ocrx_word' id='word_1_188' title='bbox 1218 3945 1262 3998; x_wconf 88' lang='lat' dir='ltr'><strong>ue</strong></span> <span class='ocrx_word' id='word_1_189' title='bbox 1276 3924 1356 4018; x_wconf 89' lang='lat' dir='ltr'><strong>quis</strong></span> <span class='ocrx_word' id='word_1_190' title='bbox 1369 3946 1458 4003; x_wconf 83' lang='lat' dir='ltr'><strong>ausu</strong></span> <span class='ocrx_word' id='word_1_191' title='bbox 1473 3924 1598 3999; x_wconf 86' lang='lat' dir='ltr'><strong>duetus</strong></span> <span class='ocrx_word' id='word_1_192' title='bbox 1613 3924 1793 4000; x_wconf 84' lang='lat' dir='ltr'><strong>temerario</strong></span> <span class='ocrx_word' id='word_1_193' title='bbox 1803 3931 2029 4000; x_wconf 83' lang='lat' dir='ltr'><strong>memoratum</strong></span> 
     </span>
     <span class='ocr_line' id='line_1_22' title="bbox 622 4047 2029 4152; baseline -0.007 -22"><span class='ocrx_word' id='word_1_194' title='bbox 622 4056 825 4152; x_wconf 85' lang='lat' dir='ltr'><strong>magistrum</strong></span> <span class='ocrx_word' id='word_1_195' title='bbox 850 4061 885 4126; x_wconf 89' lang='lat' dir='ltr'><strong>et</strong></span> <span class='ocrx_word' id='word_1_196' title='bbox 908 4053 1028 4125; x_wconf 85' lang='lat' dir='ltr'><strong>tratres</strong></span> <span class='ocrx_word' id='word_1_197' title='bbox 1050 4049 1161 4145; x_wconf 90' lang='lat' dir='ltr'><strong>ipsius</strong></span> <span class='ocrx_word' id='word_1_198' title='bbox 1187 4049 1223 4122; x_wconf 93' lang='lat' dir='ltr'><strong>iu</strong></span> <span class='ocrx_word' id='word_1_199' title='bbox 1250 4048 1437 4144; x_wconf 86' lang='lat' dir='ltr'><strong>prenotatis</strong></span> <span class='ocrx_word' id='word_1_200' title='bbox 1466 4049 1741 4142; x_wconf 89' lang='lat' dir='ltr'><strong>possessionibus</strong></span> <span class='ocrx_word' id='word_1_201' title='bbox 1761 4050 1946 4123; x_wconf 78' lang='lat' dir='ltr'><strong>molestare</strong></span> <span class='ocrx_word' id='word_1_202' title='bbox 1973 4047 2029 4120; x_wconf 88' lang='lat' dir='ltr'><strong>val</strong></span> 
     </span>
     <span class='ocr_line' id='line_1_23' title="bbox 624 4171 2032 4276; baseline -0.009 -22"><span class='ocrx_word' id='word_1_203' title='bbox 624 4201 767 4276; x_wconf 75' lang='lat' dir='ltr'><strong>gravme</strong></span> <span class='ocrx_word' id='word_1_204' title='bbox 789 4184 964 4274; x_wconf 85' lang='lat' dir='ltr'><strong>presumat</strong></span> <span class='ocrx_word' id='word_1_205' title='bbox 990 4175 1048 4247; x_wconf 87' lang='lat' dir='ltr'><strong>vel</strong></span> <span class='ocrx_word' id='word_1_206' title='bbox 1074 4175 1109 4244; x_wconf 94' lang='lat' dir='ltr'><strong>in</strong></span> <span class='ocrx_word' id='word_1_207' title='bbox 1137 4173 1266 4245; x_wconf 90' lang='lat' dir='ltr'><strong>eisdem</strong></span> <span class='ocrx_word' id='word_1_208' title='bbox 1293 4173 1443 4267; x_wconf 85' lang='lat' dir='ltr'><strong>aliquam</strong></span> <span class='ocrx_word' id='word_1_209' title='bbox 1463 4171 1624 4265; x_wconf 77' lang='lat' dir='ltr'><strong>iuJuriam</strong></span> <span class='ocrx_word' id='word_1_210' title='bbox 1651 4173 1815 4266; x_wconf 87' lang='lat' dir='ltr'><strong>irrogare.</strong></span> <span class='ocrx_word' id='word_1_211' title='bbox 1842 4171 1944 4258; x_wconf 85' lang='lat' dir='ltr'><strong>Quod</strong></span> <span class='ocrx_word' id='word_1_212' title='bbox 1969 4171 2032 4266; x_wconf 92' lang='lat' dir='ltr'><strong>qui</strong></span> 
     </span>
     <span class='ocr_line' id='line_1_24' title="bbox 624 4295 2032 4400; baseline -0.008 -22"><span class='ocrx_word' id='word_1_213' title='bbox 624 4301 892 4400; x_wconf 82' lang='lat' dir='ltr'><strong>attemptaverit,</strong></span> <span class='ocrx_word' id='word_1_214' title='bbox 919 4297 1191 4394; x_wconf 88' lang='lat' dir='ltr'><strong>indignationem</strong></span> <span class='ocrx_word' id='word_1_215' title='bbox 1210 4305 1244 4370; x_wconf 90' lang='lat' dir='ltr'><strong>et</strong></span> <span class='ocrx_word' id='word_1_216' title='bbox 1267 4317 1409 4390; x_wconf 84' lang='lat' dir='ltr'><strong>gravem</strong></span> <span class='ocrx_word' id='word_1_217' title='bbox 1432 4295 1598 4368; x_wconf 83' lang='lat' dir='ltr'><strong>offensam</strong></span> <span class='ocrx_word' id='word_1_218' title='bbox 1620 4306 1735 4370; x_wconf 88' lang='lat' dir='ltr'><strong>nostre</strong></span> <span class='ocrx_word' id='word_1_219' title='bbox 1757 4295 1972 4370; x_wconf 85' lang='lat' dir='ltr'><strong>celsitudinis</strong></span> <span class='ocrx_word' id='word_1_220' title='bbox 1993 4316 2032 4368; x_wconf 86' lang='lat' dir='ltr'><strong>se</strong></span> 
     </span>
     <span class='ocr_line' id='line_1_25' title="bbox 624 4417 2032 4516; baseline -0.005 -17"><span class='ocrx_word' id='word_1_221' title='bbox 624 4427 759 4502; x_wconf 91' lang='lat' dir='ltr'><strong>noverit</strong></span> <span class='ocrx_word' id='word_1_222' title='bbox 775 4424 971 4498; x_wconf 90' lang='lat' dir='ltr'><strong>iucurrisse.</strong></span> <span class='ocrx_word' id='word_1_223' title='bbox 998 4423 1041 4494; x_wconf 84' lang='lat' dir='ltr'><strong>Et</strong></span> <span class='ocrx_word' id='word_1_224' title='bbox 1068 4419 1115 4495; x_wconf 89' lang='lat' dir='ltr'><strong>ad</strong></span> <span class='ocrx_word' id='word_1_225' title='bbox 1136 4421 1299 4513; x_wconf 73' lang='lat' dir='ltr'><strong>maiorem</strong></span> <span class='ocrx_word' id='word_1_226' title='bbox 1320 4418 1530 4494; x_wconf 86' lang='lat' dir='ltr'><strong>evidentiam</strong></span> <span class='ocrx_word' id='word_1_227' title='bbox 1553 4429 1745 4514; x_wconf 87' lang='lat' dir='ltr'><strong>presentem</strong></span> <span class='ocrx_word' id='word_1_228' title='bbox 1761 4421 1925 4516; x_wconf 86' lang='lat' dir='ltr'><strong>pagiuam</strong></span> <span class='ocrx_word' id='word_1_229' title='bbox 1949 4417 2032 4516; x_wconf 90' lang='lat' dir='ltr'><strong>ipsis</strong></span> 
     </span>
     <span class='ocr_line' id='line_1_26' title="bbox 626 4541 1608 4640; baseline -0.01 -16"><span class='ocrx_word' id='word_1_230' title='bbox 626 4552 727 4626; x_wconf 86' lang='lat' dir='ltr'><strong>scribi</strong></span> <span class='ocrx_word' id='word_1_231' title='bbox 746 4551 889 4624; x_wconf 85' lang='lat' dir='ltr'><strong>lecimus</strong></span> <span class='ocrx_word' id='word_1_232' title='bbox 901 4557 935 4622; x_wconf 89' lang='lat' dir='ltr'><strong>et</strong></span> <span class='ocrx_word' id='word_1_233' title='bbox 946 4546 1051 4638; x_wconf 84' lang='lat' dir='ltr'><strong>sigilli</strong></span> <span class='ocrx_word' id='word_1_234' title='bbox 1064 4545 1173 4619; x_wconf 90' lang='lat' dir='ltr'><strong>nostri</strong></span> <span class='ocrx_word' id='word_1_235' title='bbox 1188 4541 1377 4640; x_wconf 89' lang='lat' dir='ltr'><strong>patrocinio</strong></span> <span class='ocrx_word' id='word_1_236' title='bbox 1392 4543 1608 4616; x_wconf 88' lang='lat' dir='ltr'><strong>communiri.</strong></span> 
     </span>
    </p>

    <p class='ocr_par' dir='ltr' id='par_1_6' title="bbox 625 4666 2030 4892">
     <span class='ocr_line' id='line_1_27' title="bbox 671 4666 2030 4773; baseline -0.01 -22"><span class='ocrx_word' id='word_1_237' title='bbox 671 4680 795 4751; x_wconf 86' lang='lat' dir='ltr'><strong>Datum</strong></span> <span class='ocrx_word' id='word_1_238' title='bbox 818 4673 913 4773; x_wconf 90' lang='lat' dir='ltr'><strong>apud</strong></span> <span class='ocrx_word' id='word_1_239' title='bbox 931 4671 1114 4758; x_wconf 87' lang='lat' dir='ltr'><strong>Basilenm,</strong></span> <span class='ocrx_word' id='word_1_240' title='bbox 1140 4691 1231 4743; x_wconf 85' lang='lat' dir='ltr'><strong>anno</strong></span> <span class='ocrx_word' id='word_1_241' title='bbox 1245 4667 1381 4742; x_wconf 86' lang='lat' dir='ltr'><strong>Domini</strong></span> <span class='ocrx_word' id='word_1_242' title='bbox 1406 4668 1504 4743; x_wconf 84' lang='lat' dir='ltr'>MCC.</span> <span class='ocrx_word' id='word_1_243' title='bbox 1530 4667 1677 4758; x_wconf 84' lang='lat' dir='ltr'><strong>xxvll,</strong></span> <span class='ocrx_word' id='word_1_244' title='bbox 1704 4666 1817 4764; x_wconf 87' lang='lat' dir='ltr'><strong>pridie</strong></span> <span class='ocrx_word' id='word_1_245' title='bbox 1839 4689 1947 4742; x_wconf 91' lang='lat' dir='ltr'><strong>nouus</strong></span> <span class='ocrx_word' id='word_1_246' title='bbox 1969 4686 2030 4738; x_wconf 91' lang='lat' dir='ltr'><strong>no·</strong></span> 
     </span>
     <span class='ocr_line' id='line_1_28' title="bbox 625 4795 1159 4892; baseline -0.021 -16"><span class='ocrx_word' id='word_1_247' title='bbox 625 4801 792 4892; x_wconf 76' lang='lat' dir='ltr'><strong>rombus,</strong></span> <span class='ocrx_word' id='word_1_248' title='bbox 822 4797 1009 4874; x_wconf 88' lang='lat' dir='ltr'><strong>indictione</strong></span> <span class='ocrx_word' id='word_1_249' title='bbox 1035 4795 1159 4891; x_wconf 89' lang='lat' dir='ltr'><strong>prima.</strong></span> 
     </span>
    </p>
   </div>
   <div class='ocr_carea' id='block_1_5' title="bbox 0 0 2365 6068">
    <p class='ocr_par' dir='ltr' id='par_1_7' title="bbox 0 0 2365 6068">
     <span class='ocr_line' id='line_1_29' title="bbox 0 0 2365 6068; baseline 0 0"><span class='ocrx_word' id='word_1_250' title='bbox 0 0 2365 6068; x_wconf 95' lang='lat' dir='ltr'><strong> </strong></span> 
     </span>
    </p>
   </div>
  </div>
 </body>
</html>
