4642 6106
358 657 455 715 lsorcr.
472 648 516 735 dt]
816 648 1009 712 HISTORIA
1033 645 1324 710 presentantes.
1703 645 1764 708 285

358 790 419 884 qui
433 787 617 883 acquisivit
630 787 721 860 hona
739 786 773 856 in
789 785 920 858 eisdem
935 787 1049 878 honis,
1063 787 1164 878 juxta
1180 782 1275 878 quod
1291 781 1420 854 dictum
1435 787 1500 870 est,
1516 782 1575 872 jus
1589 781 1685 875 quod
1703 803 1760 855 eo·

358 912 514 1008 quisivit,
533 910 565 983 ei
583 910 644 1004 qui
661 917 742 981 tunc
760 901 862 980 honis
877 908 1073 981 dominatur
1088 927 1229 978 censum
1243 905 1431 978 soluturus.
1449 904 1533 974 ltem
1552 903 1762 998 quicumque

359 1033 447 1110 civis
462 1035 681 1127 naufragium
701 1054 824 1129 passus
840 1032 943 1106 inerit
955 1042 990 1106 et
1004 1033 1051 1106 ob
1064 1032 1154 1104 hanc
1171 1051 1311 1104 caueam
1327 1050 1348 1102 a
1362 1047 1582 1122 quocumque
1597 1027 1762 1122 spoliatus

360 1156 463 1233 suerit
475 1158 576 1232 honis
589 1158 674 1249 suis,
695 1157 769 1253 ipse
787 1158 950 1253 spoliator
964 1164 1103 1254 propter
1119 1177 1258 1228 causam
1279 1153 1393 1228 delicti
1407 1151 1616 1248 proscriptus
1629 1152 1761 1248 imperii

358 1283 539 1356 habeatur.
554 1282 637 1354 ltem
650 1281 862 1376 quicumque
877 1279 1024 1354 emendo
1040 1289 1075 1353 et
1090 1277 1276 1353 vendendo
1292 1278 1395 1350 ritum
1411 1275 1650 1368 negotiationis
1662 1298 1763 1349 exer-

361 1406 481 1497 cuerit,
496 1407 554 1479 ille
566 1405 689 1479 reddat
703 1427 782 1477 curn
794 1405 930 1478 civibus
944 1405 1114 1496 collectae,
1123 1401 1276 1499 exceptis
1284 1397 1416 1474 clericis
1425 1421 1513 1495 quos
1521 1421 1624 1495 snper
1636 1400 1764 1473 talibus

361 1530 588 1624 relinquimus
610 1529 771 1624 episcopo
789 1529 1021 1623 corrigendos.
1040 1529 1123 1600 ltem
1142 1525 1297 1622 petitioni
1317 1523 1446 1596 civium
1467 1524 1671 1596 assentimus
1692 1533 1766 1597 sta-

361 1661 495 1724 tuentes
517 1661 557 1724 nt
583 1652 711 1746 singuli
735 1660 891 1748 potentes
912 1651 957 1724 de
978 1651 1115 1723 civitate
1137 1671 1200 1722 sua
1224 1649 1284 1743 qui
1307 1649 1454 1720 vasallos
1478 1647 1544 1720 sihi
1569 1648 1699 1722 faciunt
1719 1648 1766 1722 ed

362 1775 575 1848 turbandam
587 1797 706 1870 pacem
725 1775 887 1867 civitatis,
904 1775 966 1870 qui
984 1776 1162 1846 lllnntman
1177 1772 1364 1866 vulgariter
1379 1771 1611 1864 nominentur,
1628 1771 1674 1844 ad
1688 1795 1766 1844 mu·

363 1899 526 1970 ditionem
551 1898 696 1971 civitatis
714 1897 798 1972 dent
816 1898 936 1972 decem
955 1899 1071 1988 librae,
1090 1897 1331 1970 nichilominus
1345 1917 1366 1968 a
1382 1895 1545 1968 fidelitate
1559 1895 1700 1990 prestita
1714 1917 1767 1968 re·
1802 1912 1810 1924 “

361 2021 554 2116 linquentes
577 2022 776 2114 hujusmodi
796 2025 982 2097 absolutos.
1004 2022 1072 2109 Qui
1091 2031 1205 2096 autem
1226 2019 1272 2094 ad
1285 2019 1348 2092 hec
1367 2029 1584 2092 contumaces
1595 2020 1769 2093 extiterint

362 2147 431 2218 sint
456 2147 649 2242 proscripti.
675 2149 759 2220 ltcm
782 2139 972 2220 statuimus
987 2147 1082 2240 quod
1109 2147 1203 2218 cives
1223 2144 1486 2240 Ratisponenses
1509 2166 1579 2216 non
1603 2153 1770 2238 cogantur

363 2268 482 2342 venire
496 2268 541 2342 ad
559 2269 700 2364 aliquod
713 2269 885 2363 judicium
907 2278 1005 2342 extra
1026 2269 1211 2359 civitatem,
1233 2289 1311 2340 cnm
1327 2267 1393 2340 hoc
1408 2267 1453 2340 sit
1467 2266 1513 2340 de
1527 2267 1671 2362 antiquo
1691 2269 1770 2360 jure

364 2394 534 2488 ipsorum,
551 2392 617 2464 uisi
636 2393 786 2467 habeant
806 2393 926 2488 predia
942 2394 977 2464 in
991 2414 1071 2465 rnre
1083 2414 1153 2486 quc
1171 2392 1395 2488 impetantur;
1412 2413 1475 2486 pro
1491 2391 1559 2464 illis
1573 2391 1664 2464 enirn
1681 2392 1770 2465 bene

364 2525 522 2588 tenentur
541 2515 751 2611 respondere
765 2537 880 2590 coram
898 2517 1022 2589 comite
1036 2516 1071 2588 in
1088 2517 1188 2608 cujus
1205 2515 1342 2588 comitia
1362 2515 1522 2610 predium
1539 2523 1591 2588 est
1606 2516 1766 2588 locatum.

364 2639 447 2712 llam
472 2637 654 2711 statuimus
678 2639 774 2734 quod
794 2637 983 2734 unicuique
1006 2639 1073 2712 civi
1088 2640 1325 2734 lletisponensi
1341 2639 1444 2712 liceat
1460 2639 1641 2712 cervisiam
1658 2641 1770 2712 lacere

361 2785 432 2856 que
449 2764 577 2836 familie
592 2786 656 2836 sue
668 2764 826 2857 sufficiat,
845 2765 903 2836 tali
919 2773 1016 2860 pacto
1031 2763 1127 2859 quod
1144 2785 1221 2836 eam
1235 2786 1304 2836 non
1320 2763 1462 2855 vendat,
1483 2762 1546 2836 sed
1560 2763 1606 2836 ad
1620 2763 1769 2836 necessi·

364 2897 467 2959 tatem
486 2888 613 2962 familie
628 2910 691 2961 sue
704 2888 941 2962 tantummodo
959 2887 1191 2984 expendatur,
1207 2873 1346 2960 illornm'
1361 2886 1626 2960 contradictione
1638 2889 1698 2983 qui
1715 2887 1772 2960 oi-

364 3009 481 3082 ficinm
509 3011 638 3085 hahent
664 3013 834 3108 praxandi
865 3013 1044 3086 cervisiam
1066 3011 1327 3084 nonobstante.
1356 3011 1440 3082 Item
1472 3010 1654 3082 statuimus
1677 3010 1771 3105 quod

365 3133 552 3206 thelonium
577 3135 710 3230 imperii
737 3136 831 3230 quod
857 3135 989 3208 solebat
1015 3135 1123 3230 recipi
1148 3157 1195 3208 ex
1216 3133 1359 3228 antiquo
1384 3141 1482 3206 extra
1507 3133 1772 3229 civitatemque

364 3251 494 3351 (quod)
516 3256 715 3330 Chalmttntz
741 3259 954 3346 nominatur,
970 3258 1099 3330 nullius
1114 3257 1381 3330 contradictione
1406 3255 1562 3332 obstante
1584 3259 1621 3331 in
1647 3259 1770 3332 eodem

362 3378 439 3452 loco
457 3379 619 3478 deinceps
637 3381 861 3477 persolvatur.
883 3383 968 3455 Item
984 3383 1194 3477 quicumque
1210 3379 1365 3454 residens
1385 3380 1421 3452 in
1439 3381 1577 3454 civitate
1597 3381 1771 3478 impetitus

363 3502 466 3574 luerit
481 3505 577 3598 qnod
599 3505 644 3576 sit
658 3507 829 3600 Vogtman
844 3507 990 3600 alicujus
1004 3516 1039 3581 et
1054 3507 1111 3579 ille
1129 3505 1216 3578 civis
1234 3505 1386 3578 existens
1406 3505 1564 3578 collectas
1589 3505 1648 3578 det
1672 3507 1770 3580 nohis

364 3633 399 3698 et
417 3627 579 3724 episcopo
597 3638 761 3723 tanquam
780 3631 870 3703 elius
891 3632 990 3723 civis,
1010 3633 1105 3704 nulla
1125 3629 1343 3727 postmodum
1361 3627 1530 3702 advocato
1547 3631 1686 3702 servitia
1708 3652 1770 3702 cx·

364 3747 496 3822 hihehit
515 3773 576 3846 par
592 3754 821 3846 coactionem,
844 3755 907 3828 sed
922 3755 1160 3829 tantummodo
1182 3763 1312 3828 certum
1334 3754 1543 3850 abantiquo
1565 3753 1770 3828 determina·

364 3878 436 3942 tum
460 3874 638 3948 servitium
669 3877 839 3950 exsolvet.
866 3879 950 3950 ltem
970 3878 999 3950 si
1021 3877 1124 3952 homo
1145 3877 1207 3972 qui
1233 3877 1402 3950 censualis
1424 3877 1552 3951 dicitur
1572 3879 1768 3952 continuam

364 3996 482 4068 iecerit
500 3998 535 4069 in
552 3999 690 4074 civitate
708 4001 929 4074 residentiam
942 4003 1021 4095 jura
1034 4001 1164 4076 civitati
1179 4001 1416 4075 conservando
1434 4001 1470 4072 in
1485 4001 1610 4075 dandis
1622 4003 1769 4075 collectis

363 4127 399 4190 et
414 4118 490 4192 aliis
502 4141 571 4215 que
587 4145 607 4194 a
623 4123 759 4196 civibus
771 4135 981 4218 statuuntur,
1004 4127 1098 4199 nulla
1111 4125 1331 4222 postmodum
1350 4123 1529 4230 euhibchit
1542 4125 1682 4201 domino
1697 4149 1769 4200 ser-

363 4240 448 4312 vitia
466 4263 527 4336 per
549 4246 776 4340 coactionem,
798 4248 861 4321 sed
876 4251 1113 4324 tantummodo
1131 4247 1304 4346 persolvet
1324 4270 1477 4321 censum.
1500 4249 1639 4322 Salvom
1654 4259 1767 4323 tamen

363 4363 400 4434 in
415 4363 483 4437 hiis
498 4387 574 4441 esse
589 4372 751 4444 volumus
763 4374 821 4466 jus
835 4373 1067 4446 ecclesiarum.

413 4488 497 4561 Acta
515 4501 596 4562 sunt
617 4494 682 4568 hec
701 4518 793 4568 anno
814 4497 986 4570 dominice
1010 4495 1252 4571 incarnationis
1268 4497 1315 4570 Μ.
1337 4495 1400 4568 CC.
1416 4495 1532 4587 XXX,
1553 4518 1670 4572 mense
1688 4519 1766 4594 sep-

365 4611 517 4706 tembris,
534 4627 656 4708 quarta
672 4619 875 4713 indictione,
891 4622 1078 4716 imperante
1098 4621 1238 4695 domino
1258 4629 1374 4693 nostro
1391 4619 1563 4694 Fridericc
1576 4621 1638 4694 Dei
1656 4623 1765 4715 gratia

363 4733 608 4828 gloriosissimo
629 4741 858 4818 Romanorum
878 4745 1099 4842 imperatore,
1117 4767 1252 4844 semper
1272 4757 1437 4839 augusto,
1459 4745 1645 4820 Jerusalem
1663 4757 1699 4820 et
1712 4749 1765 4822 si·
