4658 6132
351 667 447 726 lucrm.
463 662 507 748 3.]
810 655 1008 719 HISTORIA
1031 655 1325 720 DIPLOMATICA.
1707 659 1765 720 lte

350 797 599 874 monasterium
617 815 697 868 eum
720 793 794 864 suis
818 791 1034 888 appendiciis
1052 793 1089 864 iu
1112 791 1320 865 beneficium
1343 793 1418 866 sive
1445 793 1685 865 concambium
1706 794 1763 866 vel

351 921 640 997 mundiburdium
655 918 831 1014 accipere,
848 918 912 990 sod
929 917 976 991 ud
991 926 1142 990 nostram
1160 925 1196 990 et
1211 939 1333 1012 regum
1350 917 1506 990 omnium
1519 917 1764 1014 protectionem

351 1069 393 1122 ac
414 1047 648 1121 defensionem
668 1063 804 1138 semper
820 1041 947 1114 babeat
968 1042 1124 1114 attiners.
1147 1039 1264 1114 Abbas
1281 1061 1365 1114 vero
1386 1041 1448 1135 qui
1470 1040 1663 1114 secuudum
1679 1041 1766 1114 scita

353 1193 525 1246 cononum
545 1177 581 1242 et
607 1167 763 1262 regulam
784 1165 877 1239 beati
899 1165 1075 1238 Benedicti
1095 1173 1211 1259 preest
1227 1165 1448 1258 monasterio,
1474 1165 1600 1238 habeat
1621 1165 1765 1238 liberam

353 1295 548 1368 facultatem
574 1290 752 1364 communi
782 1289 925 1362 iratrtun
949 1289 1091 1362 oonsilio
1120 1287 1165 1360 de
1196 1287 1358 1360 omnibus
1383 1288 1490 1362 adse
1515 1289 1766 1384 pertinentibus

352 1415 567 1512 possidendi,
578 1411 769 1502 vendendi,
779 1412 1043 1486 concambiendi
1052 1414 1108 1484 vel
1119 1410 1293 1506 quidlibet
1302 1411 1449 1507 agendi:
1464 1411 1562 1507 quod
1571 1421 1685 1484 tamen
1697 1433 1766 1486 non

353 1537 554 1614 wnceditur
572 1538 640 1610 nisi
658 1557 725 1633 pro
745 1535 867 1630 majori
887 1536 1032 1609 ulilitate
1051 1535 1263 1608 monasterii.
1280 1537 1403 1608 Nullus
1427 1535 1476 1606 ibi
1494 1533 1685 1609 advocatus
1705 1537 1767 1611 be·

351 1665 517 1739 reditario
525 1665 605 1756 jure
617 1663 757 1751 existet,
771 1661 835 1734 ssd
851 1661 960 1734 abbas
974 1655 1227 1733 communicato
1238 1661 1382 1732 fratrum
1400 1659 1544 1732 consilio
1555 1659 1687 1752 justum
1700 1661 1766 1733 sibi

353 1799 388 1862 ct
403 1789 568 1862 idoneum
584 1787 799 1860 defensorem
817 1785 959 1857 licenter
974 1784 1079 1878 eligat
1093 1785 1173 1878 qui,
1189 1791 1372 1878 postquam
1387 1782 1521 1876 dejure
1533 1791 1568 1854 et
1585 1783 1689 1856 rebus
1702 1785 1767 1856 lic-

353 1913 457 1986 clesie
476 1909 725 1984 conservandis
740 1931 802 2004 per
821 1915 1072 1980 sacramentum
1094 1907 1294 1980 servitutem
1310 1905 1446 1998 lecerit,
1465 1907 1618 1977 bannum
1642 1929 1663 1978 a
1686 1929 1768 2002 rege

353 2037 410 2109 vel
424 2036 629 2130 imperatore
652 2031 837 2128 suscipiat3
855 2031 917 2125 qui
935 2031 965 2102 si
985 2029 1206 2126 postmodum
1219 2031 1282 2102 Dei
1302 2051 1365 2125 per
1379 2049 1482 2123 quem
1494 2029 1627 2121 juravit
1640 2031 1769 2104 oblitus

350 2161 430 2253 jura
452 2158 604 2230 Ecclesie
625 2154 874 2254 presumpserit
894 2154 1025 2227 violare
1044 2157 1083 2226 'et
1102 2163 1171 2228 am
1195 2155 1289 2249 ipsos
1310 2155 1497 2226 monachos
1518 2175 1625 2249 quam
1648 2176 1768 2228 eorum

354 2283 512 2356 homines
536 2280 827 2376 etposseesiones
844 2277 1134 2373 hospitationibus
1162 2286 1197 2349 et
1219 2277 1383 2350 indebitis
1405 2275 1541 2372 placitis
1567 2278 1765 2370 vexaverit,

354 2407 480 2479 babeat
498 2405 607 2478 abbas
629 2405 767 2500 plenam
789 2409 1005 2498 potestatem,
1028 2401 1124 2494 regia
1148 2401 1310 2474 suffultos
1329 2401 1545 2492 auctoritate,
1561 2383 1769 2474 tirannidem

354 2531 464 2622 ejusa
485 2549 524 2600 se
541 2525 730 2622 repellendi
746 2535 781 2598 et
804 2526 910 2598 alium
935 2525 1112 2597 meliorem
1132 2533 1167 2596 et
1189 2524 1361 2596 utiliorem
1383 2522 1609 2618 subrogandi.
1635 2524 1672 2596 Si
1694 2524 1770 2598 dux

354 2651 574 2724 BavarieDei
596 2671 713 2725 amore
735 2657 964 2745 compunctus
984 2649 1041 2721 vel
1057 2647 1193 2721 abbatis
1213 2655 1249 2719 et
1266 2649 1409 2720 fratrum
1433 2647 1589 2742 placatus
1603 2647 1771 2743 obsequio

354 2776 489 2870 aliquos
503 2774 637 2847 reditus
650 2773 695 2847 de
709 2774 900 2869 antiquitus
914 2773 1038 2847 ablatis
1053 2771 1224 2845 reditibus
1237 2773 1417 2846 restituere
1437 2771 1587 2846 voluerit
1599 2783 1773 2846 monasta-

354 2899 407 2971 rio
421 2907 539 2971 nostro
554 2898 723 2994 permissu
741 2907 776 2970 et
796 2897 1042 2988 benivolentia,
1063 2897 1113 2970 sic
1131 2896 1325 2969 stabilimus
1338 2905 1379 2968 ut
1394 2897 1471 2970 dux
1485 2896 1535 2968 illi
1549 2896 1585 2967 in
1604 2895 1770 2970 ducatum

355 3021 545 3096 succedens
567 3043 609 3094 ea
631 3041 701 3115 que
723 3043 785 3116 per
805 3042 869 3093 nos
891 3029 1018 3094 statuta
1043 3029 1125 3093 suut
1149 3021 1347 3093 nullatenus
1369 3017 1557 3114 infringere
1578 3032 1768 3116 presumat.

355 3147 585 3242 Precipientee
601 3147 718 3238 itaque
729 3145 894 3238 jubemus
910 3154 950 3216 ut
965 3145 1123 3218 eamdem
1139 3145 1319 3216 ecclesiam
1334 3165 1405 3216 unu
1422 3165 1502 3216 oum
1520 3142 1625 3215 rebus
1644 3153 1678 3216 et
1692 3167 1772 3240 per-

356 3270 450 3342 sonis
474 3270 549 3342 suis
565 3269 610 3342 ab
630 3269 746 3360 omni,
767 3277 806 3340 ut
822 3268 1000 3360 diximus,
1021 3268 1245 3362 subjectionis
1259 3266 1469 3361 obligatione
1491 3267 1634 3340 liberam
1654 3269 1771 3340 nullus

357 3389 648 3488 archiepiscopus,
661 3393 857 3487 episcopus,
875 3391 965 3479 dux,
978 3392 1143 3484 marchio,
1154 3413 1284 3481 comes,
1297 3390 1504 3477 vicecomes,
1514 3391 1609 3463 nulla
1621 3388 1773 3485 denique

356 3535 483 3608 magua
499 3535 678 3610 parvaque
691 3535 837 3610 persona
851 3515 888 3586 in
901 3515 1019 3609 aliquo
1034 3516 1226 3606 molestare,
1239 3514 1404 3588 divestire
1414 3515 1471 3588 vel
1485 3513 1678 3608 inquietare
1689 3535 1773 3609 pra-

357 3645 482 3709 sumat.
502 3638 539 3709 Si
552 3657 637 3710 voro
651 3637 778 3731 aliquis
791 3647 909 3710 contra
925 3637 1030 3732 hujus
1045 3637 1314 3711 confirmationis
1327 3637 1492 3734 pagiuam
1508 3645 1774 3734 presumptuose

358 3759 492 3850 lecerit,
509 3769 650 3834 centum
668 3759 774 3834 libras
789 3761 865 3834 auri
881 3762 1056 3858 purissimi
1070 3771 1270 3858 componat,
1288 3762 1388 3854 eujus
1402 3782 1538 3834 summe
1553 3761 1771 3835 medietatem

357 3892 544 3956 memorate
559 3883 716 3977 ecclesie,
732 3884 951 3958 medietatem
965 3905 1050 3958 vero
1066 3883 1150 3957 fisco
1163 3894 1280 3958 nostro
1302 3883 1437 3956 inierat.
1455 3883 1557 3968 Quod
1578 3891 1616 3955 ut
1634 3885 1680 3956 ab
1698 3905 1774 3957 om-

358 4005 462 4078 nibus
485 4007 686 4102 diligentius
709 4008 944 4098 custodiatur,
963 4009 1132 4104 presentis
1156 4008 1310 4105 precepti
1332 4009 1495 4103 paginam
1521 4007 1635 4102 sigillo
1657 4015 1774 4079 nostro

358 4129 517 4224 insigniri
535 4131 693 4205 lecimus.
715 4174 758 4188 -
777 4133 923 4228 Signum
939 4133 1069 4207 domini
1084 4131 1247 4205 Friderici
1261 4133 1493 4204 Romanorum
1508 4131 1601 4224 regis
1617 4130 1774 4203 invictis·

358 4252 450 4324 simi.
459 4295 510 4310 ·--
519 4257 593 4350 ligo
606 4255 782 4329 Aruoldus
795 4257 1006 4330 coloniensis
1018 4257 1298 4354 archiepiscopus
1311 4265 1346 4328 et
1360 4255 1467 4330 ltalioi
1483 4254 1580 4350 regni
1596 4255 1773 4328 archican-

359 4376 518 4449 cellarius
534 4379 734 4473 recognovi.
751 4419 801 4434 —
816 4382 943 4454 Datum
957 4381 994 4451 in
1009 4379 1178 4452 territorio
1192 4379 1415 4471 Bononiensi,
1433 4377 1551 4452 idibus
1566 4378 1661 4472 maii,
1681 4401 1773 4452 auno

359 4497 532 4575 dominice
558 4502 802 4577 iucarnationis
820 4503 947 4594 ldCLV,
975 4502 1163 4576 indictione
1186 4505 1246 4575 llll
1264 4502 1322 4600 (a),
1349 4511 1515 4598 regnante
1530 4501 1672 4576 domino
1691 4503 1772 4574 Fri-

360 4617 477 4694 derico
489 4624 719 4699 Romanorum
737 4647 818 4722 rege
833 4627 994 4722 glorioso,
1013 4648 1104 4700 auno
1120 4628 1260 4722 quinto,
1279 4627 1378 4722 regni
1395 4628 1471 4720 ejus
1484 4635 1620 4722 quarto.

399 4771 441 4846 (a)
460 4771 628 4853 lteete111,·
641 4775 680 4836 el.
696 4775 900 4838 adnotatlenrs
912 4793 962 4853 up.
975 4775 1106 4838 Menum.
1121 4777 1214 4851 sou,
1227 4783 1251 4838 t.
1264 4777 1376 4853 XXIX,
1386 4793 1455 4854 pars
1469 4785 1505 4852 1¹,
1518 4793 1549 4855 p.
1565 4787 1635 4839 ets.
