4710 6076
542 703 604 766 338
1066 697 1239 763 lltltmcl
1263 700 1430 764 SEPTlUl
1764 705 1843 785 [dar.
1863 707 1949 770 1227.

546 838 683 912 dilectis
698 835 823 910 nostris
838 835 956 909 abbati
974 842 1010 908 et
1029 835 1214 908 conventui
1228 835 1274 908 de
1290 835 1454 932 llegnebe
1471 837 1567 910 curie
1584 859 1655 933 que
1669 838 1811 914 Riderin
1826 842 1953 917 dicitur

545 983 627 1036 cum
640 959 801 1034 omnibns
813 958 1015 1046 attinentiis,
1033 957 1194 1032 videlicet
1204 959 1325 1054 pratis,
1340 959 1438 1033 silvis
1451 969 1486 1034 et
1499 961 1651 1056 pmcuis,
1662 961 1783 1038 divine
1793 987 1953 1042 remune-

545 1085 687 1160 rationis
700 1084 827 1156 intuitu
837 1083 961 1158 collata
972 1079 1168 1176 fuisset(l),
1179 1082 1275 1156 cives
1288 1081 1334 1156 de
1345 1083 1592 1158 Francbcnlurt
1599 1097 1790 1162 asserentes
1799 1089 1896 1184 quod
1906 1089 1953 1165 ad

545 1209 699 1305 ipsorum
709 1206 983 1302 jurisdictionem
999 1217 1034 1278 et
1051 1205 1330 1280 communitatem
1343 1217 1494 1301 pratum,
1503 1207 1592 1283 silva
1603 1219 1639 1282 et
1651 1231 1781 1307 pascua
1788 1212 1954 1305 jamdicta

545 1333 640 1406 curie
654 1333 874 1428 pertinerent,
887 1340 922 1404 at
931 1337 1110 1427 prenotato
1121 1329 1240 1403 abbati
1253 1337 1288 1403 st
1298 1351 1363 1404 sno
1374 1332 1561 1406 conventui
1574 1333 1611 1404 in
1622 1331 1785 1429 predictis
1796 1337 1953 1412 attinen-

544 1457 603 1530 tiis
616 1477 679 1553 per
694 1455 837 1552 aliquod
854 1465 991 1552 tempus
1007 1474 1078 1531 uon
1092 1452 1265 1529 modicam
1279 1454 1441 1550 injuriam
1456 1455 1656 1532 intulerunt.
1675 1457 1827 1534 Tandem
1840 1461 1953 1556 preli-

543 1579 615 1656 bati
624 1580 720 1654 cives
729 1579 891 1654 mandato
900 1587 934 1652 et
946 1579 1102 1675 petitioni
1117 1587 1233 1653 nostre
1246 1580 1504 1674 adquiescentes
1516 1579 1562 1656 ab
1577 1581 1795 1658 intestatione
1807 1587 1952 1680 seperati

544 1704 679 1778 abbatis
695 1713 730 1777 et
749 1705 804 1777 sui
824 1712 1015 1778 conventus
1039 1703 1252 1779 desistebant
1274 1712 1311 1776 et
1335 1703 1504 1798 quicquid
1523 1704 1612 1799 juris
1633 1705 1670 1778 in
1692 1705 1824 1782 eisdem
1851 1707 1953 1782 bonis

542 1829 669 1901 habere
689 1827 896 1901 videbantur
909 1827 1047 1924 penitus
1060 1827 1303 1900 renuntiabant
1316 1835 1350 1900 at
1364 1827 1411 1902 ed
1425 1830 1588 1922 majorem
1602 1827 1810 1903 audentiam
1825 1840 1860 1903 et
1875 1852 1952 1904 cer·

543 1952 724 2026 titudinem
738 1953 869 2026 litteras
883 1973 964 2024 cnm
977 1951 1091 2046 sigillo
1106 1973 1170 2024 sne
1183 1951 1334 2025 civitatis
1351 1953 1468 2027 abbati
1486 1962 1521 2028 el
1541 1973 1605 2026 suo
1620 1955 1805 2027 conventui
1821 1955 1858 2026 in
1872 1975 1953 2028 nos-

542 2085 594 2150 tra
604 2077 774 2172 presentia
792 2075 1009 2148 contulerunt
1024 2073 1090 2172 (2).
1107 2076 1177 2150 Nos
1188 2097 1273 2150 vero
1288 2075 1503 2151 attendentes
1516 2076 1725 2150 laudabilem
1738 2077 1952 2152 collationem

543 2199 674 2274 domini
695 2199 909 2296 imperatoris
930 2208 964 2272 at
980 2199 1157 2273 remissam
1180 2200 1469 2295 qualemcumque
1492 2201 1739 2298 impetitionem
1761 2200 1892 2274 civium
1907 2200 1953 2276 de

541 2323 801 2414 Francbeniurt,
816 2321 862 2397 ad
874 2323 1071 2396 instantiam
1082 2332 1116 2396 at
1130 2323 1329 2419 petitionem
1343 2323 1477 2396 abbatis
1488 2333 1523 2396 et
1535 2324 1592 2397 sni
1604 2333 1796 2398 conventus
1807 2345 1953 2420 presen-

543 2457 613 2521 tem
621 2447 767 2520 litteram
781 2447 885 2520 scribi
900 2447 1057 2538 lecimus,
1068 2455 1103 2520 et
1116 2469 1161 2520 ne
1174 2446 1211 2520 in
1224 2456 1401 2543 posterum
1412 2455 1524 2522 tractu
1536 2447 1699 2544 temporis
1712 2447 1838 2542 aliquis
1851 2469 1952 2521 scru-

543 2571 647 2666 pulus
662 2578 777 2664 posset
791 2569 960 2661 suboriri,
979 2569 1082 2664 sigilli
1103 2569 1209 2644 nostri
1225 2569 1414 2665 patrocinio
1439 2569 1597 2644 camdem
1610 2569 1778 2664 jussimus
1793 2589 1953 2644 commu-

541 2693 631 2782 niri,
649 2693 852 2768 auctoritate
868 2693 964 2788 regia
983 2693 1209 2767 nibilominus
1232 2691 1428 2768 firmissime
1443 2693 1670 2790 precipientes
1696 2715 1741 2768 ne
1763 2693 1844 2788 quis
1863 2717 1952 2770 ausu

543 2817 670 2892 ductus
682 2817 862 2890 temerario
872 2817 1062 2914 sepefatum
1071 2816 1274 2890 abbatemet
1284 2839 1387 2890 sunm
1401 2825 1610 2890 conventum
1622 2817 1658 2888 in
1668 2817 1765 2892 curia
1776 2817 1952 2914 sepedicta

543 2949 579 3013 et
591 2939 665 3012 suis
677 2939 883 3028 attinentiis,
903 2941 1031 3036 pratis,
1049 2939 1148 3012 silvis
1160 2961 1203 3013 ac
1216 2941 1354 3036 pascuis
1369 2961 1516 3036 gravare
1529 2949 1704 3036 presumat
1719 2941 1775 3014 vel
1792 2941 1953 3034 injuriam

544 3065 715 3158 irrogare;
731 3063 827 3157 quod
836 3062 899 3158 qni
912 3063 1167 3158 attemptaverit
1178 3063 1451 3158 indignationem
1464 3072 1499 3136 et
1507 3085 1648 3158 gravem
1663 3063 1828 3138 offensam
1838 3073 1954 3138 nostre

545 3186 761 3260 celsitudinis
776 3207 813 3259 se
827 3187 963 3260 noverit
976 3186 1174 3262 incurrisse.

593 3313 712 3384 Testes
728 3319 844 3385 anmrn
866 3310 929 3404 qui
950 3311 1125 3406 premissis
1149 3311 1377 3384 interfuerunt
1398 3309 1449 3382 hii
1472 3319 1553 3382 sunt
1572 3311 1786 3384 venerabiles
1805 3309 1954 3388 Sitridns
2050 3405 2052 3415 Ι

544 3432 812 3527 Moguntiensis,
837 3431 1067 3507 Theodericus
1088 3433 1307 3506 Trevereusis
1331 3433 1602 3529 archiepiscopi,
1631 3435 1813 3507 Heinricus
1837 3434 1954 3507 Eiste·

544 3555 667 3647 tensis,
682 3555 862 3628 Hdndcus
870 3555 1129 3630 wormatiensis
1140 3555 1312 3652 episcopi,
1324 3555 1466 3628 illustris
1479 3555 1689 3630 ludewicus
1701 3555 1777 3629 dux
1791 3555 1950 3644 &varie

543 3680 760 3754 Humanum
777 3677 937 3754 marchio
960 3679 1006 3753 de
1028 3679 1164 3773 baden,
1193 3678 1374 3754 Ganradus
1400 3679 1610 3774 burgravius
1637 3678 1683 3753 de
1712 3679 1950 3765 Nurinbercb,

544 3802 755 3877 Lndswicns
767 3801 814 3878 do
826 3802 1017 3897 Cigenabe,
1034 3803 1077 3875 Η.
1092 3803 1139 3879 ds
1159 3803 1316 3899 Bilingen
1334 3802 1386 3900 (3)
1405 3803 1566 3895 comites,
1583 3803 1747 3877 Gerlacus
1769 3803 1815 3878 de
1834 3803 1955 3875 Batin-

546 3947 638 4020 gen,¹
658 3925 824 4000 tamtus
844 3927 1055 4022 burgravius
1071 3927 1117 4002 da
1139 3927 1338 4019 Fridebere,
1362 3927 1569 4001 Ebcmvinns
1590 3927 1755 4000 scultetus
1780 3926 1826 4000 de
1849 3927 1954 4000 Fran·

547 4050 726 4142 cbenimt,
750 4060 785 4124 et
801 4051 861 4125 alii
876 4073 981 4145 qnam
997 4051 1125 4146 plnres.

579 4315 617 4392 (tl
635 4315 793 4390 Vidsnpra
804 4313 971 4389 privilegiam
983 4313 1110 4372 l'ridarici
1125 4314 1166 4388 ll,
1182 4313 1237 4372 dat.
1252 4313 1324 4388 apud
1335 4311 1507 4372 Gelnbausen
1519 4315 1550 4369 at
1564 4313 1669 4387 janum.
1682 4313 1763 4372 tate.

584 4415 618 4490 li)
636 4415 721 4474 Adest
730 4413 830 4472 etenim
840 4429 885 4490 ap.
898 4413 1038 4486 roenna,
1053 4411 1123 4470 ibid.
1135 4428 1165 4486 p.
1177 4415 1222 4484 llll,
1237 4411 1445 4470 munumentum
1457 4409 1594 4469 llbarvvini
1606 4409 1713 4468 sculteti
1728 4412 1757 4467 at
1769 4407 1953 4466 umvmmrum

548 4513 647 4572 civium
654 4511 689 4569 de
697 4509 873 4568 Frankenfurt
881 4526 935 4584 quo
947 4509 1147 4586 adpetitiones
1156 4509 1249 4567 incliti
1261 4508 1368 4566 mmtal
1376 4509 1639 4581 dmummmrqo
1647 4514 1672 4564 cl
1683 4505 1836 4564 clavim
1847 4504 1954 4562 &miae

549 4609 733 4666 mmmmm
744 4607 837 4680 rupim
848 4621 950 4663 mcc
962 4612 988 4663 et
997 4605 1104 4663 domici
1118 4605 1228 4666 Gcrlcci
1237 4603 1421 4679 deBudt'uqm
1433 4605 1526 4664 comui
1541 4605 1623 4662 oium
1633 4602 1761 4663 bbmrum
1775 4603 1811 4662 dc
1823 4603 1898 4662 ouria
1908 4601 1954 4662 lti-

550 4703 792 4765 damrenuntiant.
805 4699 902 4762 dotum
913 4715 984 4760 nnc
995 4701 1286 4760 abincarn.ltom.ll.
1300 4701 1352 4762 (Ὦ.
1366 4699 1592 4774 xxvll.,11tal
1609 4701 1723 4777 auguli.

586 4803 624 4877 (t)
642 4799 827 4862 verisimiliter
838 4799 1027 4859 Hartmavmua
1041 4797 1074 4858 da
1088 4799 1229 4875 [liliaque.
