<?xml version="1.0" encoding="UTF-8"?>
<!DOCTYPE html PUBLIC "-//W3C//DTD XHTML 1.0 Transitional//EN"
    "http://www.w3.org/TR/xhtml1/DTD/xhtml1-transitional.dtd">
<html xmlns="http://www.w3.org/1999/xhtml" xml:lang="en" lang="en">
 <head>
  <title>
</title>
<meta http-equiv="Content-Type" content="text/html;charset=utf-8" />
  <meta name='ocr-system' content='tesseract 3.04.00' />
  <meta name='ocr-capabilities' content='ocr_page ocr_carea ocr_par ocr_line ocrx_word'/>
</head>
<body>
  <div class='ocr_page' id='page_1' title='image "./historiadiploma03fredgoog/historiadiploma03fredgoog_0265.png"; bbox 0 0 4642 6106; ppageno 0'>
   <div class='ocr_carea' id='block_1_1' title="bbox 548 633 1959 716">
    <p class='ocr_par' dir='ltr' id='par_1_1' title="bbox 548 633 1959 716">
     <span class='ocr_line' id='line_1_1' title="bbox 548 633 1959 716; baseline -0.001 -12"><span class='ocrx_word' id='word_1_1' title='bbox 548 639 609 704; x_wconf 78' lang='lat'><strong>256</strong></span> <span class='ocrx_word' id='word_1_2' title='bbox 1038 635 1264 700; x_wconf 61' lang='lat' dir='ltr'><strong>‘uethssutcl</strong></span> <span class='ocrx_word' id='word_1_3' title='bbox 1293 633 1468 698; x_wconf 68' lang='lat' dir='ltr'><strong>statuunt</strong></span> <span class='ocrx_word' id='word_1_4' title='bbox 1776 637 1856 716; x_wconf 71' lang='lat' dir='ltr'><strong>[lina</strong></span> <span class='ocrx_word' id='word_1_5' title='bbox 1874 638 1959 704; x_wconf 75' lang='lat' dir='ltr'><strong>laet.</strong></span> 
     </span>
    </p>
   </div>
   <div class='ocr_carea' id='block_1_2' title="bbox 528 770 2000 4846">
    <p class='ocr_par' dir='ltr' id='par_1_2' title="bbox 528 770 2000 4846">
     <span class='ocr_line' id='line_1_2' title="bbox 546 770 1961 868; baseline 0 -19"><span class='ocrx_word' id='word_1_6' title='bbox 546 773 772 850; x_wconf 84' lang='lat' dir='ltr'><strong>nihilominus</strong></span> <span class='ocrx_word' id='word_1_7' title='bbox 783 773 1013 867; x_wconf 89' lang='lat' dir='ltr'><strong>intendentes,</strong></span> <span class='ocrx_word' id='word_1_8' title='bbox 1026 774 1072 850; x_wconf 90' lang='lat' dir='ltr'><strong>ad</strong></span> <span class='ocrx_word' id='word_1_9' title='bbox 1083 770 1343 847; x_wconf 83' lang='lat' dir='ltr'><strong>defendendum</strong></span> <span class='ocrx_word' id='word_1_10' title='bbox 1354 793 1499 868; x_wconf 86' lang='lat' dir='ltr'><strong>regnum</strong></span> <span class='ocrx_word' id='word_1_11' title='bbox 1514 771 1851 846; x_wconf 76' lang='lat' dir='ltr'><strong>hierosolimitanum</strong></span> <span class='ocrx_word' id='word_1_12' title='bbox 1867 775 1961 868; x_wconf 82' lang='lat' dir='ltr'><strong>quod</strong></span> 
     </span>
     <span class='ocr_line' id='line_1_3' title="bbox 547 897 1960 996; baseline -0.001 -22"><span class='ocrx_word' id='word_1_13' title='bbox 547 911 581 974; x_wconf 90' lang='lat' dir='ltr'><strong>te</strong></span> <span class='ocrx_word' id='word_1_14' title='bbox 601 897 833 996; x_wconf 78' lang='lat' dir='ltr'><strong>principaliter</strong></span> <span class='ocrx_word' id='word_1_15' title='bbox 854 897 995 994; x_wconf 89' lang='lat' dir='ltr'><strong>respicit</strong></span> <span class='ocrx_word' id='word_1_16' title='bbox 1015 919 1219 972; x_wconf 90' lang='lat' dir='ltr'><strong>succursum</strong></span> <span class='ocrx_word' id='word_1_17' title='bbox 1241 905 1451 992; x_wconf 88' lang='lat' dir='ltr'><strong>oportunum</strong></span> <span class='ocrx_word' id='word_1_18' title='bbox 1473 905 1592 970; x_wconf 78' lang='lat' dir='ltr'><strong>conus</strong></span> <span class='ocrx_word' id='word_1_19' title='bbox 1615 897 1780 972; x_wconf 79' lang='lat' dir='ltr'><strong>harbmas</strong></span> <span class='ocrx_word' id='word_1_20' title='bbox 1804 899 1960 972; x_wconf 77' lang='lat' dir='ltr'><strong>nadcnes</strong></span> 
     </span>
     <span class='ocr_line' id='line_1_4' title="bbox 547 1019 1959 1120; baseline -0.003 -22"><span class='ocrx_word' id='word_1_21' title='bbox 547 1024 690 1098; x_wconf 88' lang='lat' dir='ltr'><strong>sollicite</strong></span> <span class='ocrx_word' id='word_1_22' title='bbox 704 1043 944 1120; x_wconf 82' lang='lat' dir='ltr'>procuramus,</span> <span class='ocrx_word' id='word_1_23' title='bbox 958 1021 1135 1120; x_wconf 88' lang='lat' dir='ltr'><strong>proposita</strong></span> <span class='ocrx_word' id='word_1_24' title='bbox 1150 1021 1186 1094; x_wconf 92' lang='lat' dir='ltr'><strong>in</strong></span> <span class='ocrx_word' id='word_1_25' title='bbox 1199 1021 1346 1094; x_wconf 88' lang='lat' dir='ltr'><strong>Domino</strong></span> <span class='ocrx_word' id='word_1_26' title='bbox 1364 1019 1493 1095; x_wconf 85' lang='lat' dir='ltr'><strong>fiducia</strong></span> <span class='ocrx_word' id='word_1_27' title='bbox 1509 1021 1583 1118; x_wconf 90' lang='lat' dir='ltr'><strong>spei</strong></span> <span class='ocrx_word' id='word_1_28' title='bbox 1600 1030 1715 1095; x_wconf 79' lang='lat' dir='ltr'><strong>nosue</strong></span> <span class='ocrx_word' id='word_1_29' title='bbox 1731 1021 1828 1116; x_wconf 91' lang='lat' dir='ltr'><strong>qood</strong></span> <span class='ocrx_word' id='word_1_30' title='bbox 1843 1023 1959 1096; x_wconf 91' lang='lat' dir='ltr'><strong>multi·</strong></span> 
     </span>
     <span class='ocr_line' id='line_1_5' title="bbox 546 1143 1958 1246; baseline 0 -26"><span class='ocrx_word' id='word_1_31' title='bbox 546 1149 682 1246; x_wconf 91' lang='lat' dir='ltr'><strong>plicatis</strong></span> <span class='ocrx_word' id='word_1_32' title='bbox 698 1167 804 1242; x_wconf 89' lang='lat' dir='ltr'><strong>super</strong></span> <span class='ocrx_word' id='word_1_33' title='bbox 815 1169 1000 1220; x_wconf 91' lang='lat' dir='ltr'><strong>numerum</strong></span> <span class='ocrx_word' id='word_1_34' title='bbox 1019 1146 1172 1220; x_wconf 83' lang='lat' dir='ltr'><strong>Ecclesia</strong></span> <span class='ocrx_word' id='word_1_35' title='bbox 1189 1144 1338 1218; x_wconf 91' lang='lat' dir='ltr'><strong>inimicis</strong></span> <span class='ocrx_word' id='word_1_36' title='bbox 1351 1143 1587 1238; x_wconf 86' lang='lat' dir='ltr'><strong>magnificabit</strong></span> <span class='ocrx_word' id='word_1_37' title='bbox 1599 1152 1635 1218; x_wconf 91' lang='lat' dir='ltr'><strong>et</strong></span> <span class='ocrx_word' id='word_1_38' title='bbox 1651 1143 1848 1218; x_wconf 85' lang='lat' dir='ltr'><strong>mirificabit</strong></span> <span class='ocrx_word' id='word_1_39' title='bbox 1859 1167 1958 1220; x_wconf 91' lang='lat' dir='ltr'><strong>suam</strong></span> 
     </span>
     <span class='ocr_line' id='line_1_6' title="bbox 545 1267 2000 1365; baseline -0.001 -20"><span class='ocrx_word' id='word_1_40' title='bbox 545 1269 815 1345; x_wconf 88' lang='lat' dir='ltr'><strong>misericordiam</strong></span> <span class='ocrx_word' id='word_1_41' title='bbox 840 1293 920 1344; x_wconf 90' lang='lat' dir='ltr'><strong>oum</strong></span> <span class='ocrx_word' id='word_1_42' title='bbox 942 1269 1085 1363; x_wconf 90' lang='lat' dir='ltr'><strong>eadem,</strong></span> <span class='ocrx_word' id='word_1_43' title='bbox 1112 1271 1189 1342; x_wconf 90' lang='lat' dir='ltr'><strong>illos</strong></span> <span class='ocrx_word' id='word_1_44' title='bbox 1205 1289 1267 1365; x_wconf 90' lang='lat' dir='ltr'><strong>per</strong></span> <span class='ocrx_word' id='word_1_45' title='bbox 1288 1267 1516 1341; x_wconf 84' lang='lat' dir='ltr'><strong>ministerium</strong></span> <span class='ocrx_word' id='word_1_46' title='bbox 1533 1289 1676 1340; x_wconf 90' lang='lat' dir='ltr'><strong>suorum</strong></span> <span class='ocrx_word' id='word_1_47' title='bbox 1694 1267 1849 1343; x_wconf 84' lang='lat' dir='ltr'><strong>fidelium</strong></span> <span class='ocrx_word' id='word_1_48' title='bbox 1869 1269 1959 1345; x_wconf 87' lang='lat' dir='ltr'><strong>sicut</strong></span> <span class='ocrx_word' id='word_1_49' title='bbox 1998 1342 2000 1344; x_wconf 77' lang='grc'>,</span> 
     </span>
     <span class='ocr_line' id='line_1_7' title="bbox 543 1391 1958 1492; baseline 0.001 -24"><span class='ocrx_word' id='word_1_50' title='bbox 543 1397 723 1492; x_wconf 87' lang='lat' dir='ltr'><strong>pulverem</strong></span> <span class='ocrx_word' id='word_1_51' title='bbox 740 1403 820 1468; x_wconf 89' lang='lat' dir='ltr'><strong>ante</strong></span> <span class='ocrx_word' id='word_1_52' title='bbox 846 1395 968 1468; x_wconf 80' lang='lat' dir='ltr'><strong>faciem</strong></span> <span class='ocrx_word' id='word_1_53' title='bbox 996 1393 1092 1468; x_wconf 86' lang='lat' dir='ltr'><strong>venti</strong></span> <span class='ocrx_word' id='word_1_54' title='bbox 1110 1391 1347 1466; x_wconf 82' lang='lat' dir='ltr'><strong>comminuens</strong></span> <span class='ocrx_word' id='word_1_55' title='bbox 1367 1401 1403 1463; x_wconf 89' lang='lat' dir='ltr'><strong>et</strong></span> <span class='ocrx_word' id='word_1_56' title='bbox 1419 1393 1517 1465; x_wconf 90' lang='lat' dir='ltr'><strong>velut</strong></span> <span class='ocrx_word' id='word_1_57' title='bbox 1539 1393 1649 1464; x_wconf 93' lang='lat' dir='ltr'><strong>lutum</strong></span> <span class='ocrx_word' id='word_1_58' title='bbox 1675 1393 1859 1490; x_wconf 85' lang='lat' dir='ltr'><strong>projiciens</strong></span> <span class='ocrx_word' id='word_1_59' title='bbox 1882 1395 1958 1492; x_wconf 90' lang='lat' dir='ltr'><strong>pla·</strong></span> 
     </span>
     <span class='ocr_line' id='line_1_8' title="bbox 543 1517 1956 1614; baseline 0.001 -22"><span class='ocrx_word' id='word_1_60' title='bbox 543 1531 690 1610; x_wconf 89' lang='lat' dir='ltr'><strong>tearum,</strong></span> <span class='ocrx_word' id='word_1_61' title='bbox 708 1529 747 1592; x_wconf 92' lang='lat' dir='ltr'><strong>ut</strong></span> <span class='ocrx_word' id='word_1_62' title='bbox 762 1519 989 1614; x_wconf 80' lang='lat' dir='ltr'><strong>diligentibus</strong></span> <span class='ocrx_word' id='word_1_63' title='bbox 1004 1541 1084 1592; x_wconf 90' lang='lat' dir='ltr'><strong>eum</strong></span> <span class='ocrx_word' id='word_1_64' title='bbox 1098 1517 1214 1592; x_wconf 92' lang='lat' dir='ltr'><strong>omnia</strong></span> <span class='ocrx_word' id='word_1_65' title='bbox 1230 1527 1455 1614; x_wconf 77' lang='lat' dir='ltr'><strong>cooperentur</strong></span> <span class='ocrx_word' id='word_1_66' title='bbox 1468 1518 1505 1589; x_wconf 93' lang='lat' dir='ltr'><strong>in</strong></span> <span class='ocrx_word' id='word_1_67' title='bbox 1520 1517 1650 1592; x_wconf 89' lang='lat' dir='ltr'><strong>honum</strong></span> <span class='ocrx_word' id='word_1_68' title='bbox 1664 1519 1726 1614; x_wconf 94' lang='lat' dir='ltr'><strong>qui</strong></span> <span class='ocrx_word' id='word_1_69' title='bbox 1739 1529 1871 1614; x_wconf 87' lang='lat' dir='ltr'><strong>quanto</strong></span> <span class='ocrx_word' id='word_1_70' title='bbox 1885 1520 1956 1594; x_wconf 60' lang='lat' dir='ltr'><strong>du*</strong></span> 
     </span>
     <span class='ocr_line' id='line_1_9' title="bbox 543 1642 1956 1738; baseline 0.001 -22"><span class='ocrx_word' id='word_1_71' title='bbox 543 1643 693 1717; x_wconf 90' lang='lat' dir='ltr'><strong>rioribus</strong></span> <span class='ocrx_word' id='word_1_72' title='bbox 706 1653 923 1730; x_wconf 84' lang='lat' dir='ltr'><strong>exercentur,</strong></span> <span class='ocrx_word' id='word_1_73' title='bbox 939 1644 1065 1716; x_wconf 91' lang='lat' dir='ltr'><strong>clarius</strong></span> <span class='ocrx_word' id='word_1_74' title='bbox 1081 1644 1282 1716; x_wconf 88' lang='lat' dir='ltr'><strong>elucescunt</strong></span> <span class='ocrx_word' id='word_1_75' title='bbox 1296 1651 1332 1716; x_wconf 93' lang='lat' dir='ltr'><strong>et</strong></span> <span class='ocrx_word' id='word_1_76' title='bbox 1344 1642 1478 1716; x_wconf 80' lang='lat' dir='ltr'><strong>felicius</strong></span> <span class='ocrx_word' id='word_1_77' title='bbox 1491 1651 1711 1716; x_wconf 90' lang='lat' dir='ltr'><strong>comnautur.</strong></span> <span class='ocrx_word' id='word_1_78' title='bbox 1729 1643 1859 1716; x_wconf 83' lang='lat' dir='ltr'><strong>Verum</strong></span> <span class='ocrx_word' id='word_1_79' title='bbox 1873 1645 1956 1738; x_wconf 88' lang='lat' dir='ltr'><strong>quia</strong></span> 
     </span>
     <span class='ocr_line' id='line_1_10' title="bbox 541 1766 1955 1865; baseline 0.001 -25"><span class='ocrx_word' id='word_1_80' title='bbox 541 1767 670 1862; x_wconf 88' lang='lat' dir='ltr'><strong>negotii</strong></span> <span class='ocrx_word' id='word_1_81' title='bbox 686 1767 836 1863; x_wconf 82' lang='lat' dir='ltr'><strong>qualitas</strong></span> <span class='ocrx_word' id='word_1_82' title='bbox 850 1767 983 1840; x_wconf 87' lang='lat' dir='ltr'><strong>auxilio</strong></span> <span class='ocrx_word' id='word_1_83' title='bbox 1002 1767 1138 1860; x_wconf 77' lang='lat' dir='ltr'><strong>indiget</strong></span> <span class='ocrx_word' id='word_1_84' title='bbox 1155 1766 1326 1860; x_wconf 89' lang='lat' dir='ltr'><strong>generali,</strong></span> <span class='ocrx_word' id='word_1_85' title='bbox 1343 1787 1425 1838; x_wconf 91' lang='lat' dir='ltr'><strong>ecce</strong></span> <span class='ocrx_word' id='word_1_86' title='bbox 1441 1766 1613 1840; x_wconf 89' lang='lat' dir='ltr'><strong>universis</strong></span> <span class='ocrx_word' id='word_1_87' title='bbox 1634 1766 1856 1840; x_wconf 88' lang='lat' dir='ltr'><strong>ecclesiarum</strong></span> <span class='ocrx_word' id='word_1_88' title='bbox 1871 1789 1955 1865; x_wconf 85' lang='lat' dir='ltr'><strong>pra-</strong></span> 
     </span>
     <span class='ocr_line' id='line_1_11' title="bbox 541 1889 1954 1988; baseline 0.001 -24"><span class='ocrx_word' id='word_1_89' title='bbox 541 1893 632 1982; x_wconf 91' lang='lat' dir='ltr'><strong>latis,</strong></span> <span class='ocrx_word' id='word_1_90' title='bbox 648 1893 791 1988; x_wconf 83' lang='lat' dir='ltr'><strong>regibus</strong></span> <span class='ocrx_word' id='word_1_91' title='bbox 801 1901 835 1964; x_wconf 92' lang='lat' dir='ltr'><strong>et</strong></span> <span class='ocrx_word' id='word_1_92' title='bbox 852 1891 1068 1988; x_wconf 88' lang='lat' dir='ltr'><strong>principibus</strong></span> <span class='ocrx_word' id='word_1_93' title='bbox 1083 1899 1119 1964; x_wconf 91' lang='lat' dir='ltr'><strong>et</strong></span> <span class='ocrx_word' id='word_1_94' title='bbox 1131 1889 1342 1986; x_wconf 90' lang='lat' dir='ltr'><strong>quibusdam</strong></span> <span class='ocrx_word' id='word_1_95' title='bbox 1362 1889 1610 1985; x_wconf 89' lang='lat' dir='ltr'><strong>crucesignatis</strong></span> <span class='ocrx_word' id='word_1_96' title='bbox 1626 1889 1809 1985; x_wconf 80' lang='lat' dir='ltr'><strong>dirigimus</strong></span> <span class='ocrx_word' id='word_1_97' title='bbox 1826 1893 1954 1988; x_wconf 86' lang='lat' dir='ltr'><strong>scripta</strong></span> 
     </span>
     <span class='ocr_line' id='line_1_12' title="bbox 541 2013 1953 2112; baseline 0.001 -24"><span class='ocrx_word' id='word_1_98' title='bbox 541 2025 658 2089; x_wconf 89' lang='lat' dir='ltr'><strong>nostra</strong></span> <span class='ocrx_word' id='word_1_99' title='bbox 674 2015 791 2110; x_wconf 87' lang='lat' dir='ltr'><strong>qualia</strong></span> <span class='ocrx_word' id='word_1_100' title='bbox 809 2013 925 2088; x_wconf 91' lang='lat' dir='ltr'><strong>eidem</strong></span> <span class='ocrx_word' id='word_1_101' title='bbox 941 2015 1078 2112; x_wconf 88' lang='lat' dir='ltr'><strong>negotio</strong></span> <span class='ocrx_word' id='word_1_102' title='bbox 1095 2015 1378 2111; x_wconf 84' lang='lat' dir='ltr'><strong>conspexerimus</strong></span> <span class='ocrx_word' id='word_1_103' title='bbox 1401 2013 1586 2110; x_wconf 84' lang='lat' dir='ltr'><strong>expedire,</strong></span> <span class='ocrx_word' id='word_1_104' title='bbox 1612 2015 1843 2088; x_wconf 90' lang='lat' dir='ltr'><strong>continuaturi</strong></span> <span class='ocrx_word' id='word_1_105' title='bbox 1868 2017 1953 2090; x_wconf 88' lang='lat' dir='ltr'><strong>alias</strong></span> 
     </span>
     <span class='ocr_line' id='line_1_13' title="bbox 542 2137 1953 2234; baseline 0 -22"><span class='ocrx_word' id='word_1_106' title='bbox 542 2139 809 2212; x_wconf 87' lang='lat' dir='ltr'><strong>sollicitudinem</strong></span> <span class='ocrx_word' id='word_1_107' title='bbox 826 2139 1027 2234; x_wconf 88' lang='lat' dir='ltr'><strong>diligentem</strong></span> <span class='ocrx_word' id='word_1_108' title='bbox 1040 2148 1075 2212; x_wconf 90' lang='lat' dir='ltr'><strong>et</strong></span> <span class='ocrx_word' id='word_1_109' title='bbox 1097 2137 1287 2234; x_wconf 88' lang='lat' dir='ltr'><strong>impensuri</strong></span> <span class='ocrx_word' id='word_1_110' title='bbox 1307 2138 1479 2234; x_wconf 87' lang='lat' dir='ltr'><strong>nosipsos</strong></span> <span class='ocrx_word' id='word_1_111' title='bbox 1500 2138 1536 2210; x_wconf 93' lang='lat' dir='ltr'><strong>iu</strong></span> <span class='ocrx_word' id='word_1_112' title='bbox 1555 2139 1835 2234; x_wconf 88' lang='lat' dir='ltr'><strong>quibuscumque</strong></span> <span class='ocrx_word' id='word_1_113' title='bbox 1850 2140 1953 2214; x_wconf 84' lang='lat' dir='ltr'><strong>luerit</strong></span> 
     </span>
     <span class='ocr_line' id='line_1_14' title="bbox 541 2261 1948 2358; baseline 0 -22"><span class='ocrx_word' id='word_1_114' title='bbox 541 2270 764 2358; x_wconf 89' lang='lat' dir='ltr'><strong>oportunum.</strong></span> <span class='ocrx_word' id='word_1_115' title='bbox 778 2261 935 2334; x_wconf 87' lang='lat' dir='ltr'><strong>Ceterum</strong></span> <span class='ocrx_word' id='word_1_116' title='bbox 950 2262 1046 2356; x_wconf 88' lang='lat' dir='ltr'><strong>qnia,</strong></span> <span class='ocrx_word' id='word_1_117' title='bbox 1064 2261 1094 2334; x_wconf 88' lang='lat' dir='ltr'><strong>si</strong></span> <span class='ocrx_word' id='word_1_118' title='bbox 1111 2271 1145 2334; x_wconf 88' lang='lat' dir='ltr'><strong>te</strong></span> <span class='ocrx_word' id='word_1_119' title='bbox 1161 2261 1197 2334; x_wconf 92' lang='lat' dir='ltr'><strong>in</strong></span> <span class='ocrx_word' id='word_1_120' title='bbox 1213 2261 1280 2336; x_wconf 92' lang='lat' dir='ltr'><strong>hoc</strong></span> <span class='ocrx_word' id='word_1_121' title='bbox 1291 2261 1493 2336; x_wconf 88' lang='lat' dir='ltr'><strong>exhibueris</strong></span> <span class='ocrx_word' id='word_1_122' title='bbox 1509 2271 1549 2334; x_wconf 89' lang='lat' dir='ltr'><strong>ut</strong></span> <span class='ocrx_word' id='word_1_123' title='bbox 1566 2262 1728 2337; x_wconf 87' lang='lat' dir='ltr'><strong>convenit</strong></span> <span class='ocrx_word' id='word_1_124' title='bbox 1740 2263 1948 2355; x_wconf 84' lang='lat' dir='ltr'><strong>animosum,</strong></span> 
     </span>
     <span class='ocr_line' id='line_1_15' title="bbox 540 2385 1952 2478; baseline 0.001 -20"><span class='ocrx_word' id='word_1_125' title='bbox 540 2386 723 2460; x_wconf 91' lang='lat' dir='ltr'><strong>multosad</strong></span> <span class='ocrx_word' id='word_1_126' title='bbox 738 2385 776 2460; x_wconf 92' lang='lat' dir='ltr'><strong>id</strong></span> <span class='ocrx_word' id='word_1_127' title='bbox 790 2385 1008 2458; x_wconf 89' lang='lat' dir='ltr'><strong>laudabiliter</strong></span> <span class='ocrx_word' id='word_1_128' title='bbox 1018 2386 1202 2478; x_wconf 88' lang='lat' dir='ltr'><strong>animabis,</strong></span> <span class='ocrx_word' id='word_1_129' title='bbox 1217 2385 1457 2459; x_wconf 84' lang='lat' dir='ltr'><strong>celsitudinem</strong></span> <span class='ocrx_word' id='word_1_130' title='bbox 1473 2395 1569 2458; x_wconf 89' lang='lat' dir='ltr'><strong>tuam</strong></span> <span class='ocrx_word' id='word_1_131' title='bbox 1583 2407 1758 2478; x_wconf 81' lang='lat' dir='ltr'><strong>rogamm,</strong></span> <span class='ocrx_word' id='word_1_132' title='bbox 1768 2407 1952 2460; x_wconf 89' lang='lat' dir='ltr'><strong>monemus</strong></span> 
     </span>
     <span class='ocr_line' id='line_1_16' title="bbox 540 2509 1951 2608; baseline 0.002 -24"><span class='ocrx_word' id='word_1_133' title='bbox 540 2520 575 2584; x_wconf 88' lang='lat' dir='ltr'><strong>et</strong></span> <span class='ocrx_word' id='word_1_134' title='bbox 590 2511 767 2584; x_wconf 89' lang='lat' dir='ltr'><strong>hortamur</strong></span> <span class='ocrx_word' id='word_1_135' title='bbox 786 2511 820 2583; x_wconf 94' lang='lat' dir='ltr'><strong>in</strong></span> <span class='ocrx_word' id='word_1_136' title='bbox 837 2511 985 2584; x_wconf 89' lang='lat' dir='ltr'><strong>Domino</strong></span> <span class='ocrx_word' id='word_1_137' title='bbox 1006 2511 1204 2605; x_wconf 89' lang='lat' dir='ltr'><strong>adjurantes</strong></span> <span class='ocrx_word' id='word_1_138' title='bbox 1218 2533 1280 2608; x_wconf 91' lang='lat' dir='ltr'><strong>per</strong></span> <span class='ocrx_word' id='word_1_139' title='bbox 1292 2513 1498 2606; x_wconf 88' lang='lat' dir='ltr'><strong>sanguinem</strong></span> <span class='ocrx_word' id='word_1_140' title='bbox 1515 2509 1674 2584; x_wconf 84' lang='lat' dir='ltr'><strong>crucifixi</strong></span> <span class='ocrx_word' id='word_1_141' title='bbox 1690 2521 1864 2607; x_wconf 81' lang='lat' dir='ltr'><strong>quatonm</strong></span> <span class='ocrx_word' id='word_1_142' title='bbox 1880 2514 1951 2587; x_wconf 84' lang='lat' dir='ltr'><strong>ior·</strong></span> 
     </span>
     <span class='ocr_line' id='line_1_17' title="bbox 540 2633 1950 2732; baseline 0.005 -26"><span class='ocrx_word' id='word_1_143' title='bbox 540 2633 688 2708; x_wconf 87' lang='lat' dir='ltr'><strong>titudine</strong></span> <span class='ocrx_word' id='word_1_144' title='bbox 713 2635 856 2732; x_wconf 91' lang='lat' dir='ltr'><strong>spiritus</strong></span> <span class='ocrx_word' id='word_1_145' title='bbox 877 2636 1059 2710; x_wconf 91' lang='lat' dir='ltr'><strong>roboratus</strong></span> <span class='ocrx_word' id='word_1_146' title='bbox 1084 2657 1130 2710; x_wconf 84' lang='lat' dir='ltr'><strong>ex</strong></span> <span class='ocrx_word' id='word_1_147' title='bbox 1149 2637 1237 2725; x_wconf 90' lang='lat' dir='ltr'><strong>alto,</strong></span> <span class='ocrx_word' id='word_1_148' title='bbox 1259 2657 1391 2710; x_wconf 91' lang='lat' dir='ltr'><strong>memor</strong></span> <span class='ocrx_word' id='word_1_149' title='bbox 1410 2635 1506 2730; x_wconf 91' lang='lat' dir='ltr'><strong>quod</strong></span> <span class='ocrx_word' id='word_1_150' title='bbox 1526 2635 1563 2708; x_wconf 92' lang='lat' dir='ltr'><strong>iu</strong></span> <span class='ocrx_word' id='word_1_151' title='bbox 1586 2635 1712 2709; x_wconf 91' lang='lat' dir='ltr'><strong>talibus</strong></span> <span class='ocrx_word' id='word_1_152' title='bbox 1738 2637 1950 2713; x_wconf 84' lang='lat' dir='ltr'><strong>immensitas</strong></span> 
     </span>
     <span class='ocr_line' id='line_1_18' title="bbox 538 2755 1950 2858; baseline 0.005 -28"><span class='ocrx_word' id='word_1_153' title='bbox 538 2755 667 2854; x_wconf 90' lang='lat' dir='ltr'><strong>optima</strong></span> <span class='ocrx_word' id='word_1_154' title='bbox 684 2769 737 2831; x_wconf 90' lang='lat' dir='ltr'><strong>est</strong></span> <span class='ocrx_word' id='word_1_155' title='bbox 755 2779 936 2852; x_wconf 87' lang='lat' dir='ltr'><strong>mensura,</strong></span> <span class='ocrx_word' id='word_1_156' title='bbox 957 2779 1026 2832; x_wconf 93' lang='lat' dir='ltr'><strong>non</strong></span> <span class='ocrx_word' id='word_1_157' title='bbox 1043 2782 1188 2856; x_wconf 91' lang='lat' dir='ltr'><strong>parcens</strong></span> <span class='ocrx_word' id='word_1_158' title='bbox 1208 2761 1363 2858; x_wconf 88' lang='lat' dir='ltr'><strong>personis</strong></span> <span class='ocrx_word' id='word_1_159' title='bbox 1375 2761 1433 2834; x_wconf 88' lang='lat' dir='ltr'><strong>vel</strong></span> <span class='ocrx_word' id='word_1_160' title='bbox 1452 2759 1556 2833; x_wconf 83' lang='lat' dir='ltr'><strong>rebus</strong></span> <span class='ocrx_word' id='word_1_161' title='bbox 1569 2761 1653 2833; x_wconf 92' lang='lat' dir='ltr'><strong>illuc</strong></span> <span class='ocrx_word' id='word_1_162' title='bbox 1665 2763 1701 2834; x_wconf 91' lang='lat' dir='ltr'><strong>in</strong></span> <span class='ocrx_word' id='word_1_163' title='bbox 1716 2763 1950 2858; x_wconf 85' lang='lat' dir='ltr'><strong>utrisquales-</strong></span> 
     </span>
     <span class='ocr_line' id='line_1_19' title="bbox 540 2881 1947 2962; baseline 0.005 -9"><span class='ocrx_word' id='word_1_164' title='bbox 540 2883 685 2955; x_wconf 89' lang='lat' dir='ltr'><strong>tinatom</strong></span> <span class='ocrx_word' id='word_1_165' title='bbox 702 2881 898 2956; x_wconf 88' lang='lat' dir='ltr'><strong>subsidium</strong></span> <span class='ocrx_word' id='word_1_166' title='bbox 914 2883 1055 2956; x_wconf 89' lang='lat' dir='ltr'><strong>studeas</strong></span> <span class='ocrx_word' id='word_1_167' title='bbox 1071 2885 1246 2958; x_wconf 89' lang='lat' dir='ltr'><strong>destinare</strong></span> <span class='ocrx_word' id='word_1_168' title='bbox 1260 2883 1418 2958; x_wconf 83' lang='lat' dir='ltr'><strong>iaciendo</strong></span> <span class='ocrx_word' id='word_1_169' title='bbox 1431 2885 1506 2958; x_wconf 89' lang='lat' dir='ltr'><strong>loca</strong></span> <span class='ocrx_word' id='word_1_170' title='bbox 1518 2885 1645 2957; x_wconf 91' lang='lat' dir='ltr'><strong>muniri</strong></span> <span class='ocrx_word' id='word_1_171' title='bbox 1662 2908 1707 2958; x_wconf 92' lang='lat' dir='ltr'><strong>ne</strong></span> <span class='ocrx_word' id='word_1_172' title='bbox 1724 2886 1867 2962; x_wconf 88' lang='lat' dir='ltr'><strong>timeant</strong></span> <span class='ocrx_word' id='word_1_173' title='bbox 1882 2889 1947 2960; x_wconf 93' lang='lat' dir='ltr'><strong>im·</strong></span> 
     </span>
     <span class='ocr_line' id='line_1_20' title="bbox 538 3007 1947 3107; baseline 0.004 -29"><span class='ocrx_word' id='word_1_174' title='bbox 538 3016 657 3102; x_wconf 93' lang='lat' dir='ltr'><strong>petum</strong></span> <span class='ocrx_word' id='word_1_175' title='bbox 676 3027 937 3100; x_wconf 82' lang='lat' dir='ltr'><strong>aggressorum,</strong></span> <span class='ocrx_word' id='word_1_176' title='bbox 963 3008 1075 3081; x_wconf 90' lang='lat' dir='ltr'><strong>donec</strong></span> <span class='ocrx_word' id='word_1_177' title='bbox 1095 3009 1178 3080; x_wconf 91' lang='lat' dir='ltr'><strong>illuc</strong></span> <span class='ocrx_word' id='word_1_178' title='bbox 1196 3009 1357 3106; x_wconf 91' lang='lat' dir='ltr'><strong>copiosus</strong></span> <span class='ocrx_word' id='word_1_179' title='bbox 1376 3009 1485 3104; x_wconf 87' lang='lat' dir='ltr'><strong>pessit</strong></span> <span class='ocrx_word' id='word_1_180' title='bbox 1501 3007 1665 3082; x_wconf 83' lang='lat' dir='ltr'><strong>destinari</strong></span> <span class='ocrx_word' id='word_1_181' title='bbox 1683 3031 1868 3084; x_wconf 88' lang='lat' dir='ltr'><strong>succursus</strong></span> <span class='ocrx_word' id='word_1_182' title='bbox 1884 3013 1947 3107; x_wconf 88' lang='lat' dir='ltr'><strong>qui</strong></span> 
     </span>
     <span class='ocr_line' id='line_1_21' title="bbox 537 3129 1946 3230; baseline 0.004 -28"><span class='ocrx_word' id='word_1_183' title='bbox 537 3130 695 3224; x_wconf 84' lang='lat' dir='ltr'><strong>profliget</strong></span> <span class='ocrx_word' id='word_1_184' title='bbox 709 3141 851 3203; x_wconf 80' lang='lat' dir='ltr'><strong>auctme</strong></span> <span class='ocrx_word' id='word_1_185' title='bbox 871 3131 1018 3204; x_wconf 88' lang='lat' dir='ltr'><strong>Domino</strong></span> <span class='ocrx_word' id='word_1_186' title='bbox 1033 3129 1204 3218; x_wconf 84' lang='lat' dir='ltr'><strong>inimicos,</strong></span> <span class='ocrx_word' id='word_1_187' title='bbox 1225 3142 1532 3228; x_wconf 86' lang='lat' dir='ltr'><strong>supererogatores</strong></span> <span class='ocrx_word' id='word_1_188' title='bbox 1550 3133 1773 3207; x_wconf 90' lang='lat' dir='ltr'><strong>nihilomiuus</strong></span> <span class='ocrx_word' id='word_1_189' title='bbox 1786 3136 1946 3230; x_wconf 86' lang='lat' dir='ltr'><strong>quicum-</strong></span> 
     </span>
     <span class='ocr_line' id='line_1_22' title="bbox 536 3253 1944 3353; baseline 0.006 -29"><span class='ocrx_word' id='word_1_190' title='bbox 536 3275 605 3346; x_wconf 90' lang='lat' dir='ltr'><strong>que</strong></span> <span class='ocrx_word' id='word_1_191' title='bbox 623 3253 754 3326; x_wconf 84' lang='lat' dir='ltr'><strong>videris</strong></span> <span class='ocrx_word' id='word_1_192' title='bbox 776 3264 964 3350; x_wconf 90' lang='lat' dir='ltr'><strong>oportuna,</strong></span> <span class='ocrx_word' id='word_1_193' title='bbox 992 3263 1032 3325; x_wconf 88' lang='lat' dir='ltr'><strong>ut</strong></span> <span class='ocrx_word' id='word_1_194' title='bbox 1054 3255 1371 3348; x_wconf 85' lang='lat' dir='ltr'><strong>magnanimitatem</strong></span> <span class='ocrx_word' id='word_1_195' title='bbox 1391 3254 1610 3350; x_wconf 88' lang='lat' dir='ltr'><strong>magnificam</strong></span> <span class='ocrx_word' id='word_1_196' title='bbox 1633 3266 1670 3330; x_wconf 90' lang='lat' dir='ltr'><strong>et</strong></span> <span class='ocrx_word' id='word_1_197' title='bbox 1689 3258 1944 3353; x_wconf 86' lang='lat' dir='ltr'><strong>magnanimem</strong></span> 
     </span>
     <span class='ocr_line' id='line_1_23' title="bbox 535 3375 1946 3472; baseline 0.004 -22"><span class='ocrx_word' id='word_1_198' title='bbox 535 3375 825 3472; x_wconf 85' lang='lat' dir='ltr'><strong>magnificentiam</strong></span> <span class='ocrx_word' id='word_1_199' title='bbox 847 3388 942 3451; x_wconf 92' lang='lat' dir='ltr'><strong>tuam</strong></span> <span class='ocrx_word' id='word_1_200' title='bbox 956 3381 1028 3451; x_wconf 87' lang='lat' dir='ltr'><strong>Deo</strong></span> <span class='ocrx_word' id='word_1_201' title='bbox 1042 3378 1169 3452; x_wconf 89' lang='lat' dir='ltr'><strong>reddas</strong></span> <span class='ocrx_word' id='word_1_202' title='bbox 1189 3388 1224 3451; x_wconf 90' lang='lat' dir='ltr'><strong>et</strong></span> <span class='ocrx_word' id='word_1_203' title='bbox 1242 3377 1442 3452; x_wconf 88' lang='lat' dir='ltr'><strong>hominibus</strong></span> <span class='ocrx_word' id='word_1_204' title='bbox 1458 3379 1780 3454; x_wconf 86' lang='lat' dir='ltr'><strong>commendandam.</strong></span> <span class='ocrx_word' id='word_1_205' title='bbox 1802 3379 1858 3455; x_wconf 81' lang='lat' dir='ltr'><strong>Ad</strong></span> <span class='ocrx_word' id='word_1_206' title='bbox 1880 3381 1946 3456; x_wconf 90' lang='lat' dir='ltr'><strong>heo</strong></span> 
     </span>
     <span class='ocr_line' id='line_1_24' title="bbox 534 3501 1945 3602; baseline 0.004 -28"><span class='ocrx_word' id='word_1_207' title='bbox 534 3525 633 3588; x_wconf 90' lang='lat' dir='ltr'><strong>cum,</strong></span> <span class='ocrx_word' id='word_1_208' title='bbox 658 3501 748 3574; x_wconf 90' lang='lat' dir='ltr'><strong>sicut</strong></span> <span class='ocrx_word' id='word_1_209' title='bbox 768 3502 876 3594; x_wconf 89' lang='lat' dir='ltr'><strong>nosti,</strong></span> <span class='ocrx_word' id='word_1_210' title='bbox 904 3501 1020 3576; x_wconf 89' lang='lat' dir='ltr'><strong>dilecti</strong></span> <span class='ocrx_word' id='word_1_211' title='bbox 1041 3501 1102 3574; x_wconf 88' lang='lat' dir='ltr'><strong>filii</strong></span> <span class='ocrx_word' id='word_1_212' title='bbox 1124 3503 1278 3598; x_wconf 87' lang='lat' dir='ltr'><strong>magistri</strong></span> <span class='ocrx_word' id='word_1_213' title='bbox 1298 3513 1333 3576; x_wconf 88' lang='lat' dir='ltr'><strong>et</strong></span> <span class='ocrx_word' id='word_1_214' title='bbox 1353 3505 1475 3577; x_wconf 81' lang='lat' dir='ltr'><strong>fratres</strong></span> <span class='ocrx_word' id='word_1_215' title='bbox 1497 3503 1680 3578; x_wconf 89' lang='lat' dir='ltr'><strong>domorum</strong></span> <span class='ocrx_word' id='word_1_216' title='bbox 1703 3505 1887 3602; x_wconf 85' lang='lat' dir='ltr'><strong>Hospitalis</strong></span> <span class='ocrx_word' id='word_1_217' title='bbox 1909 3515 1945 3580; x_wconf 87' lang='lat' dir='ltr'><strong>et</strong></span> 
     </span>
     <span class='ocr_line' id='line_1_25' title="bbox 533 3625 1944 3725; baseline 0.004 -26"><span class='ocrx_word' id='word_1_218' title='bbox 533 3627 664 3723; x_wconf 88' lang='lat' dir='ltr'><strong>Templi</strong></span> <span class='ocrx_word' id='word_1_219' title='bbox 692 3627 981 3700; x_wconf 82' lang='lat' dir='ltr'><strong>hierosolimitani</strong></span> <span class='ocrx_word' id='word_1_220' title='bbox 1001 3625 1165 3722; x_wconf 88' lang='lat' dir='ltr'><strong>reliquias</strong></span> <span class='ocrx_word' id='word_1_221' title='bbox 1190 3638 1357 3702; x_wconf 91' lang='lat' dir='ltr'><strong>terrarum</strong></span> <span class='ocrx_word' id='word_1_222' title='bbox 1383 3629 1518 3703; x_wconf 94' lang='lat' dir='ltr'><strong>illarum</strong></span> <span class='ocrx_word' id='word_1_223' title='bbox 1543 3628 1606 3701; x_wconf 91' lang='lat' dir='ltr'><strong>diu</strong></span> <span class='ocrx_word' id='word_1_224' title='bbox 1625 3631 1662 3702; x_wconf 93' lang='lat' dir='ltr'><strong>in</strong></span> <span class='ocrx_word' id='word_1_225' title='bbox 1684 3629 1855 3725; x_wconf 87' lang='lat' dir='ltr'><strong>sanguiue</strong></span> <span class='ocrx_word' id='word_1_226' title='bbox 1879 3651 1944 3704; x_wconf 95' lang='lat' dir='ltr'><strong>suo</strong></span> 
     </span>
     <span class='ocr_line' id='line_1_26' title="bbox 532 3750 1943 3851; baseline 0.003 -27"><span class='ocrx_word' id='word_1_227' title='bbox 532 3750 749 3824; x_wconf 82' lang='lat' dir='ltr'><strong>defenderint</strong></span> <span class='ocrx_word' id='word_1_228' title='bbox 762 3751 952 3824; x_wconf 90' lang='lat' dir='ltr'><strong>virilitarot</strong></span> <span class='ocrx_word' id='word_1_229' title='bbox 966 3761 1133 3846; x_wconf 88' lang='lat' dir='ltr'><strong>potenter,</strong></span> <span class='ocrx_word' id='word_1_230' title='bbox 1146 3774 1240 3826; x_wconf 91' lang='lat' dir='ltr'><strong>nuuc</strong></span> <span class='ocrx_word' id='word_1_231' title='bbox 1254 3755 1777 3848; x_wconf 87' lang='lat' dir='ltr'><strong>sicntllabiliterconquernutur</strong></span> <span class='ocrx_word' id='word_1_232' title='bbox 1789 3755 1943 3851; x_wconf 88' lang='lat' dir='ltr'><strong>iuregno</strong></span> 
     </span>
     <span class='ocr_line' id='line_1_27' title="bbox 532 3875 1942 3972; baseline 0.003 -26"><span class='ocrx_word' id='word_1_233' title='bbox 532 3875 647 3947; x_wconf 90' lang='lat' dir='ltr'><strong>Sicilie</strong></span> <span class='ocrx_word' id='word_1_234' title='bbox 662 3875 736 3948; x_wconf 92' lang='lat' dir='ltr'><strong>suis</strong></span> <span class='ocrx_word' id='word_1_235' title='bbox 759 3876 980 3948; x_wconf 89' lang='lat' dir='ltr'><strong>lacultatibus</strong></span> <span class='ocrx_word' id='word_1_236' title='bbox 994 3875 1156 3948; x_wconf 91' lang='lat' dir='ltr'><strong>diminuti</strong></span> <span class='ocrx_word' id='word_1_237' title='bbox 1175 3885 1210 3950; x_wconf 90' lang='lat' dir='ltr'><strong>et</strong></span> <span class='ocrx_word' id='word_1_238' title='bbox 1230 3877 1338 3949; x_wconf 88' lang='lat' dir='ltr'><strong>solitis</strong></span> <span class='ocrx_word' id='word_1_239' title='bbox 1356 3876 1510 3950; x_wconf 89' lang='lat' dir='ltr'><strong>destituti</strong></span> <span class='ocrx_word' id='word_1_240' title='bbox 1532 3877 1703 3972; x_wconf 65' lang='lat' dir='ltr'><strong>senagis</strong></span> <span class='ocrx_word' id='word_1_241' title='bbox 1726 3896 1795 3952; x_wconf 89' lang='lat' dir='ltr'><strong>nou</strong></span> <span class='ocrx_word' id='word_1_242' title='bbox 1813 3877 1942 3952; x_wconf 87' lang='lat' dir='ltr'><strong>habent</strong></span> 
     </span>
     <span class='ocr_line' id='line_1_28' title="bbox 532 3999 1941 4096; baseline 0.003 -26"><span class='ocrx_word' id='word_1_243' title='bbox 532 4006 730 4070; x_wconf 84' lang='lat' dir='ltr'><strong>consuetam</strong></span> <span class='ocrx_word' id='word_1_244' title='bbox 745 3999 933 4094; x_wconf 88' lang='lat' dir='ltr'><strong>potentiam</strong></span> <span class='ocrx_word' id='word_1_245' title='bbox 946 3999 1105 4072; x_wconf 91' lang='lat' dir='ltr'><strong>hostibus</strong></span> <span class='ocrx_word' id='word_1_246' title='bbox 1123 3999 1323 4092; x_wconf 88' lang='lat' dir='ltr'><strong>resistendi;</strong></span> <span class='ocrx_word' id='word_1_247' title='bbox 1342 3999 1482 4094; x_wconf 88' lang='lat' dir='ltr'><strong>quodsi</strong></span> <span class='ocrx_word' id='word_1_248' title='bbox 1499 3999 1641 4096; x_wconf 86' lang='lat' dir='ltr'><strong>quidem</strong></span> <span class='ocrx_word' id='word_1_249' title='bbox 1653 4001 1690 4073; x_wconf 90' lang='lat' dir='ltr'><strong>iu</strong></span> <span class='ocrx_word' id='word_1_250' title='bbox 1703 4021 1843 4076; x_wconf 89' lang='lat' dir='ltr'><strong>enorme</strong></span> <span class='ocrx_word' id='word_1_251' title='bbox 1861 4005 1941 4075; x_wconf 93' lang='lat' dir='ltr'><strong>uui-</strong></span> 
     </span>
     <span class='ocr_line' id='line_1_29' title="bbox 528 4121 1941 4222; baseline 0.007 -30"><span class='ocrx_word' id='word_1_252' title='bbox 528 4121 674 4194; x_wconf 83' lang='lat' dir='ltr'><strong>uersalis</strong></span> <span class='ocrx_word' id='word_1_253' title='bbox 691 4121 844 4196; x_wconf 82' lang='lat' dir='ltr'><strong>Ecclesia</strong></span> <span class='ocrx_word' id='word_1_254' title='bbox 863 4123 1108 4197; x_wconf 86' lang='lat' dir='ltr'><strong>detrimentum</strong></span> <span class='ocrx_word' id='word_1_255' title='bbox 1130 4132 1165 4196; x_wconf 88' lang='lat' dir='ltr'><strong>et</strong></span> <span class='ocrx_word' id='word_1_256' title='bbox 1185 4133 1279 4196; x_wconf 91' lang='lat' dir='ltr'><strong>tuam</strong></span> <span class='ocrx_word' id='word_1_257' title='bbox 1302 4125 1494 4220; x_wconf 90' lang='lat' dir='ltr'><strong>specialiter</strong></span> <span class='ocrx_word' id='word_1_258' title='bbox 1517 4135 1631 4222; x_wconf 89' lang='lat' dir='ltr'><strong>posset</strong></span> <span class='ocrx_word' id='word_1_259' title='bbox 1647 4126 1843 4202; x_wconf 90' lang='lat' dir='ltr'><strong>redundare</strong></span> <span class='ocrx_word' id='word_1_260' title='bbox 1858 4130 1941 4222; x_wconf 86' lang='lat' dir='ltr'><strong>jac-</strong></span> 
     </span>
     <span class='ocr_line' id='line_1_30' title="bbox 531 4243 1940 4348; baseline 0.007 -32"><span class='ocrx_word' id='word_1_261' title='bbox 531 4255 655 4317; x_wconf 88' lang='lat' dir='ltr'><strong>turam.</strong></span> <span class='ocrx_word' id='word_1_262' title='bbox 678 4243 894 4342; x_wconf 88' lang='lat' dir='ltr'><strong>Quapmpter</strong></span> <span class='ocrx_word' id='word_1_263' title='bbox 912 4245 1098 4320; x_wconf 82' lang='lat' dir='ltr'><strong>affectuoso</strong></span> <span class='ocrx_word' id='word_1_264' title='bbox 1120 4247 1339 4342; x_wconf 88' lang='lat' dir='ltr'><strong>deposcimus</strong></span> <span class='ocrx_word' id='word_1_265' title='bbox 1360 4257 1395 4322; x_wconf 90' lang='lat' dir='ltr'><strong>et</strong></span> <span class='ocrx_word' id='word_1_266' title='bbox 1415 4251 1628 4323; x_wconf 89' lang='lat' dir='ltr'><strong>consulimus</strong></span> <span class='ocrx_word' id='word_1_267' title='bbox 1646 4250 1831 4326; x_wconf 83' lang='lat' dir='ltr'><strong>bonafide</strong></span> <span class='ocrx_word' id='word_1_268' title='bbox 1852 4273 1940 4348; x_wconf 85' lang='lat' dir='ltr'><strong>qua-</strong></span> 
     </span>
     <span class='ocr_line' id='line_1_31' title="bbox 528 4367 1939 4472; baseline 0.007 -32"><span class='ocrx_word' id='word_1_269' title='bbox 528 4378 630 4440; x_wconf 90' lang='lat' dir='ltr'><strong>tenus</strong></span> <span class='ocrx_word' id='word_1_270' title='bbox 646 4367 697 4441; x_wconf 90' lang='lat' dir='ltr'><strong>eis</strong></span> <span class='ocrx_word' id='word_1_271' title='bbox 713 4369 827 4443; x_wconf 88' lang='lat' dir='ltr'><strong>ablata</strong></span> <span class='ocrx_word' id='word_1_272' title='bbox 850 4371 983 4444; x_wconf 87' lang='lat' dir='ltr'><strong>restitui</strong></span> <span class='ocrx_word' id='word_1_273' title='bbox 1005 4381 1040 4444; x_wconf 91' lang='lat' dir='ltr'><strong>et</strong></span> <span class='ocrx_word' id='word_1_274' title='bbox 1065 4372 1111 4446; x_wconf 91' lang='lat' dir='ltr'><strong>de</strong></span> <span class='ocrx_word' id='word_1_275' title='bbox 1130 4371 1264 4444; x_wconf 92' lang='lat' dir='ltr'><strong>damnis</strong></span> <span class='ocrx_word' id='word_1_276' title='bbox 1289 4371 1450 4446; x_wconf 82' lang='lat' dir='ltr'><strong>satisfieri</strong></span> <span class='ocrx_word' id='word_1_277' title='bbox 1477 4374 1605 4448; x_wconf 81' lang='lat' dir='ltr'><strong>iaciens</strong></span> <span class='ocrx_word' id='word_1_278' title='bbox 1625 4383 1858 4472; x_wconf 87' lang='lat' dir='ltr'><strong>competenter</strong></span> <span class='ocrx_word' id='word_1_279' title='bbox 1879 4397 1939 4450; x_wconf 88' lang='lat' dir='ltr'><strong>eos</strong></span> 
     </span>
     <span class='ocr_line' id='line_1_32' title="bbox 528 4491 1935 4596; baseline 0.006 -31"><span class='ocrx_word' id='word_1_280' title='bbox 528 4491 648 4566; x_wconf 81' lang='lat' dir='ltr'><strong>divine</strong></span> <span class='ocrx_word' id='word_1_281' title='bbox 663 4493 897 4568; x_wconf 89' lang='lat' dir='ltr'><strong>retributionis</strong></span> <span class='ocrx_word' id='word_1_282' title='bbox 916 4495 1059 4568; x_wconf 90' lang='lat' dir='ltr'><strong>obtentu</strong></span> <span class='ocrx_word' id='word_1_283' title='bbox 1078 4493 1304 4570; x_wconf 85' lang='lat' dir='ltr'><strong>beneficentia</strong></span> <span class='ocrx_word' id='word_1_284' title='bbox 1321 4497 1430 4592; x_wconf 88' lang='lat' dir='ltr'><strong>gratia</strong></span> <span class='ocrx_word' id='word_1_285' title='bbox 1450 4499 1682 4573; x_wconf 80' lang='lat' dir='ltr'><strong>favorabiliter</strong></span> <span class='ocrx_word' id='word_1_286' title='bbox 1696 4500 1935 4596; x_wconf 88' lang='lat' dir='ltr'><strong>prosequaris,</strong></span> 
     </span>
     <span class='ocr_line' id='line_1_33' title="bbox 528 4617 1938 4717; baseline 0.006 -29"><span class='ocrx_word' id='word_1_287' title='bbox 528 4639 621 4708; x_wconf 89' lang='lat' dir='ltr'><strong>cum,</strong></span> <span class='ocrx_word' id='word_1_288' title='bbox 640 4617 704 4690; x_wconf 90' lang='lat' dir='ltr'><strong>etsi</strong></span> <span class='ocrx_word' id='word_1_289' title='bbox 725 4627 831 4712; x_wconf 90' lang='lat' dir='ltr'><strong>agant</strong></span> <span class='ocrx_word' id='word_1_290' title='bbox 844 4619 881 4692; x_wconf 92' lang='lat' dir='ltr'><strong>iu</strong></span> <span class='ocrx_word' id='word_1_291' title='bbox 897 4619 1053 4715; x_wconf 88' lang='lat' dir='ltr'><strong>partibus</strong></span> <span class='ocrx_word' id='word_1_292' title='bbox 1070 4620 1139 4694; x_wconf 88' lang='lat' dir='ltr'><strong>illis</strong></span> <span class='ocrx_word' id='word_1_293' title='bbox 1154 4621 1388 4716; x_wconf 91' lang='lat' dir='ltr'><strong>principaliter</strong></span> <span class='ocrx_word' id='word_1_294' title='bbox 1401 4643 1540 4698; x_wconf 88' lang='lat' dir='ltr'><strong>causam</strong></span> <span class='ocrx_word' id='word_1_295' title='bbox 1555 4623 1692 4717; x_wconf 86' lang='lat' dir='ltr'><strong>Christi,</strong></span> <span class='ocrx_word' id='word_1_296' title='bbox 1713 4624 1938 4698; x_wconf 90' lang='lat' dir='ltr'><strong>nihilominus</strong></span> 
     </span>
     <span class='ocr_line' id='line_1_34' title="bbox 530 4729 1932 4846; baseline 0.004 -31"><span class='ocrx_word' id='word_1_297' title='bbox 530 4729 829 4818; x_wconf 80' lang='lat' dir='ltr'><strong>tameu&#39;interesse</strong></span> <span class='ocrx_word' id='word_1_298' title='bbox 853 4754 973 4836; x_wconf 90' lang='lat' dir='ltr'><strong>tuum,</strong></span> <span class='ocrx_word' id='word_1_299' title='bbox 997 4743 1161 4818; x_wconf 89' lang='lat' dir='ltr'><strong>videlicet</strong></span> <span class='ocrx_word' id='word_1_300' title='bbox 1185 4746 1469 4840; x_wconf 86' lang='lat' dir='ltr'><strong>gubernationem</strong></span> <span class='ocrx_word' id='word_1_301' title='bbox 1494 4748 1592 4844; x_wconf 79' lang='lat' dir='ltr'><strong>regni</strong></span> <span class='ocrx_word' id='word_1_302' title='bbox 1615 4747 1932 4846; x_wconf 76' lang='lat' dir='ltr'><strong>hierosolymitani,</strong></span> 
     </span>
    </p>
   </div>
   <div class='ocr_carea' id='block_1_3' title="bbox 0 0 2326 6106">
    <p class='ocr_par' dir='ltr' id='par_1_3' title="bbox 0 0 2326 6106">
     <span class='ocr_line' id='line_1_35' title="bbox 0 0 2326 6106; baseline 0 5"><span class='ocrx_word' id='word_1_303' title='bbox 0 0 2326 6106; x_wconf 95' lang='lat' dir='ltr'><strong> </strong></span> 
     </span>
    </p>
   </div>
  </div>
 </body>
</html>
