4642 6106
361 675 459 736 lvnrcr.
475 673 521 752 4.]
820 669 1018 730 lllS'l'Olllti
1045 666 1336 730 llll’LOllA'l'lCll.
1721 670 1783 731 2¹13

410 811 522 883 Tenor
536 830 620 881 vero
634 805 788 880 secunde
804 805 916 878 littere
935 804 1013 876 talis
1030 813 1127 876 erat:

409 933 611 1008 Fredericus
628 931 690 1004 Dei
707 929 817 1025 gratia
839 930 1071 1002 Romanorum
1089 928 1285 1024 imperator,
1311 949 1447 1023 semper
1467 937 1656 1024 angustus,
1676 931 1779 1003 leru-

362 1058 468 1132 salem
482 1067 516 1131 et
530 1057 738 1144 stelliones,
754 1053 915 1151 potestati
930 1062 965 1125 et
978 1052 1121 1125 oonsilio
1138 1051 1271 1146 totique
1286 1052 1425 1124 comuni
1440 1053 1599 1144 Senensi,
1617 1053 1778 1130 fidelibus

361 1181 452 1273 suis,
471 1182 616 1276 gratiam
631 1201 731 1252 suam
749 1187 783 1250 et
799 1179 927 1250 bonam
943 1178 1170 1251 voluntatem.
1196 1175 1322 1250 Sedato
1338 1199 1449 1274 nuper
1467 1200 1488 1252 a
1507 1179 1623 1252 oelesti
1639 1191 1778 1254 auctore

362 1305 536 1379 discordia
559 1327 629 1400 que
653 1305 814 1399 gencrale
837 1302 933 1398 pacis
962 1300 1183 1374 commodum
1208 1303 1452 1398 perturbabat,
1479 1325 1560 1376 ecce
1587 1305 1623 1375 in
1648 1305 1778 1378 virtuto

360 1430 497 1502 Domini
516 1431 573 1502 cui
589 1429 757 1503 debemus
769 1449 845 1501 esse
849 1481 923 1498 .....
941 1424 1005 1523 (a),
1032 1425 1245 1498 intendimus
1262 1447 1381 1500 curam
1398 1427 1576 1500 sollicitam
1595 1451 1778 1524 apponen-

361 1553 521 1650 dampno
537 1562 629 1627 statu
648 1553 745 1650 pacis
759 1562 794 1625 et
807 1551 946 1644 justicie
965 1551 1001 1622 in
1021 1550 1172 1623 subditis
1191 1551 1395 1646 generaliter
1409 1553 1644 1641 reformando,
1666 1555 1779 1650 primo

361 1679 504 1772 quidem
526 1690 566 1752 ut
587 1679 653 1752 sub
670 1678 733 1750 Dei
750 1677 893 1750 oonsilio
915 1674 1154 1770 tranquillitati
1172 1673 1418 1771 provideamus
1442 1676 1596 1772 imperii,
1623 1679 1779 1754 sedando

360 1804 554 1900 specialiter
570 1803 762 1877 discordias
782 1801 896 1873 Ytalia
913 1802 1014 1892 cujus
1035 1797 1278 1895 indempnitati
1296 1801 1530 1875 favorabiliter
1546 1803 1777 1900 prospicimus

360 1936 396 2000 et
413 1927 534 2022 quieti.
561 1927 647 1998 Cum
670 1927 776 2021 igitur
800 1945 861 2020 pro
884 1923 952 1996 hiis
971 1925 1134 1996 omnibus
1158 1923 1342 1997 efficaciter
1367 1923 1594 2021 disponendis
1612 1949 1778 2001 necessa-

360 2051 452 2123 rium
475 2052 520 2124 sit
543 2061 577 2124 et
602 2051 729 2126 decens
752 2059 791 2122 ut
814 2050 860 2122 de
878 2049 1034 2143 qualibet
1055 2049 1236 2122 civitatum
1261 2048 1383 2121 Tuscia
1402 2051 1609 2146 sollempnes
1632 2054 1778 2126 nuncios

360 2176 564 2268 habeamus,
581 2175 799 2250 universitati
823 2183 938 2246 vestre
953 2173 1020 2246 sub
1044 2173 1163 2248 debito
1181 2171 1355 2246 fidelitatis
1373 2197 1444 2268 qua
1463 2175 1564 2248 nobis
1581 2185 1616 2249 et
1633 2177 1777 2272 imperio

361 2301 526 2374 tenemini
545 2301 769 2397 precipiendo
791 2299 1000 2372 mandamus
1020 2297 1186 2391 quatinus
1209 2297 1336 2370 electos
1360 2298 1406 2372 de
1433 2301 1644 2376 comunitate
1663 2313 1778 2376 vestra

361 2423 455 2498 viros
471 2423 632 2521 probatos
653 2433 688 2496 et
710 2424 877 2498 discretos
895 2422 941 2494 ad
964 2430 1116 2493 nostram
1136 2421 1344 2516 presentiam
1366 2425 1618 2516 transmittatis,
1640 2427 1777 2521 plenam

360 2548 427 2620 sibi
442 2549 680 2622 auctoritatem
701 2546 944 2621 universaliter
962 2543 1187 2618 concedendo
1205 2555 1245 2616 nt
1257 2567 1299 2619 aa
1317 2567 1386 2640 qne
1405 2547 1451 2618 de
1466 2547 1610 2620 oonsilio
1624 2551 1778 2644 ipsorum

360 2680 396 2743 et
413 2671 561 2744 aliorum
576 2672 637 2766 qui
651 2673 801 2744 aderunt
815 2670 860 2745 de
874 2669 1038 2765 predictis
1051 2667 1214 2741 omnibus
1233 2668 1426 2740 viderimus
1442 2671 1645 2761 statuenda,
1664 2697 1728 2769 per
1741 2697 1779 2749 se

360 2795 500 2868 valeant
512 2805 692 2891 aceeptare
712 2805 747 2868 et
761 2794 857 2890 quod
875 2792 1012 2867 avobis
1032 2793 1203 2888 acceptari
1219 2801 1254 2865 et
1269 2794 1433 2890 compleri
1448 2795 1682 2892 debeantque
1698 2821 1778 2895 pro·

359 2919 517 3013 mittunt;
532 2921 711 2994 studentes
724 2919 788 3014 qui
804 2918 963 2994 venerint
976 2925 1016 2989 ut
1028 2916 1196 2990 vicesimo
1209 2915 1333 3012 quinto
1344 2917 1473 2991 mensis
1487 2919 1606 3014 aprilis
1619 2923 1778 3016 proxime

359 3043 517 3136 venturi,
542 3021 871 3118 anteuolans
896 3041 1005 3115 aneu
1028 3041 1158 3114 Maroni
1175 3041 1416 3136 evangelus,
1444 3043 1481 3114 u
1507 3045 1665 3140 patruus
1688 3057 1777 3122 terre

359 3167 500 3241 laboris
516 3169 572 3241 vel
591 3167 789 3264 Capitanate
804 3175 921 3242 nostru
938 3165 1138 3262 conspectui
1154 3187 1193 3238 se
1210 3173 1419 3262 presentant.
1435 3167 1479 3240 llt
1494 3167 1578 3262 quia
1594 3191 1657 3264 pro
1672 3191 1776 3266 gene-

359 3291 421 3364 ruli
440 3292 685 3386 tranquillitate
707 3292 863 3389 predicta
881 3292 998 3365 omnia
1019 3289 1266 3386 disponuntur,
1286 3291 1353 3364 snb
1374 3291 1497 3366 eodem
1519 3291 1694 3368 fidelitatis
1714 3297 1776 3370 da·

358 3415 431 3488 bito
448 3437 519 3509 qno
538 3417 638 3490 nobis
659 3429 694 3492 et
715 3417 860 3513 imperio
884 3417 1049 3492 tenemini
1073 3414 1214 3489 firmiter
1235 3415 1434 3489 inhibemus
1455 3427 1495 3488 ut
1517 3439 1629 3512 usque
1651 3419 1697 3494 ad
1721 3441 1775 3492 re·

360 3539 470 3612 ditum
486 3541 692 3614 nunciorum
709 3542 887 3614 incursum
902 3551 937 3614 et
948 3539 1171 3614 offensionem
1187 3539 1223 3610 in
1240 3539 1357 3634 aliquo
1369 3540 1563 3613 vicinorum
1579 3543 1775 3616 nullatenus

358 3665 567 3761 attemptatis
587 3666 725 3740 inlcrre.

407 3789 532 3860 Datum
548 3791 697 3880 Tarenti,
715 3793 762 3864 X·
779 3789 914 3881 mannii,
935 3787 1124 3862 indictione
1139 3799 1276 3884 quarta.

406 3913 481 4005 Ego
499 3913 599 3988 Oddo
618 3914 663 3988 de
678 3915 813 3988 Rivalta
826 3913 980 3987 notarius
997 3913 1085 3984 sacri
1100 3913 1237 4008 pallacii
1253 3913 1391 3985 interlui
1408 3914 1548 3986 athana
1563 3923 1691 3987 curtam
1712 3935 1773 3986 re-

358 4037 620 4130 presentationis
636 4039 771 4136 scripsi.

400 4267 440 4349 (a)
463 4269 530 4332 Vox
547 4271 625 4333 lectu
641 4271 829 4344 dllltctlllma,
844 4269 968 4331 forsitan
976 4267 1170 4347 promptum
1182 4275 1235 4328 aut
1247 4267 1431 4346 hujusmodl.
