4642 6106
408 685 506 746 lauret.
523 680 567 758 d]
863 675 1060 738 HISTORIA
1083 675 1377 740 DIPLOMATIGA.
1767 681 1824 744 187

409 819 574 910 libenter,
589 815 783 911 predictum
802 813 1023 908 privilegium
1036 812 1128 884 sicut
1139 811 1185 885 de
1199 812 1308 886 verbo
1321 812 1369 886 ad
1385 811 1529 886 vemnm
1543 816 1703 911 superius
1715 817 1824 916 scrip-

409 952 484 1016 tum
505 950 558 1016 est
569 940 738 1035 jussimus
755 937 914 1010 innovari
931 945 968 1008 et
983 957 1054 1030 qna
1076 935 1294 1009 continentur
1315 936 1352 1008 in
1368 957 1411 1010 eo
1429 938 1667 1034 prenominato
1684 939 1821 1033 abbati,

410 1065 666 1141 successoribus
690 1061 763 1134 suis
784 1070 820 1134 et
839 1060 1046 1134 monasterio
1062 1059 1239 1156 sepedicto
1255 1059 1301 1134 de
1326 1061 1444 1134 innata
1467 1062 1690 1156 benignitatis
1710 1073 1826 1140 nostre

410 1192 520 1294 gratia
535 1199 700 1286 perpetuo
721 1185 978 1258 confirmamus.
1001 1184 1045 1256 Ut
1060 1193 1176 1256 autem
1194 1183 1260 1258 hec
1278 1192 1393 1259 nostra
1414 1184 1628 1260 confirmatio
1641 1187 1748 1262 robur
1763 1190 1826 1264 oh·

413 1316 519 1388 tinent
532 1321 699 1410 perpetue
712 1298 882 1382 firmitatis
899 1329 1040 1405 presens
1060 1307 1280 1403 privilegium
1298 1307 1372 1381 fieri
1396 1317 1431 1382 et
1447 1307 1543 1382 bulla
1566 1331 1672 1384 aurea
1693 1313 1828 1408 typario

412 1449 526 1512 nostro
540 1435 726 1530 majestatis
739 1431 905 1529 impressa
916 1433 1084 1526 jussimus
1100 1433 1318 1504 communiri.

458 1563 570 1654 Hujus
594 1559 643 1633 rei
671 1567 774 1632 testes
800 1565 882 1629 sunt
896 1553 1105 1629 BetthoIdus
1126 1555 1334 1629 venerabilis
1355 1556 1549 1652 patriarcha
1563 1557 1822 1654 dquiiegensis,

410 1685 633 1762 Eberhardos
652 1681 932 1776 Saizeburgensis
958 1681 1254 1778 archiepiscopus,
1282 1683 1321 1753 L.
1345 1682 1498 1776 Reginus
1522 1681 1824 1779 archiepiscopus,

412 1810 572 1908 Syiridus
587 1806 844 1902 Ratisponansia
856 1805 1057 1900 episcopus,
1071 1805 1217 1878 Karnine
1229 1805 1414 1902 episcopus
1431 1806 1713 1900 secoviensis,...
1735 1808 1826 1904 epis·

412 1955 521 2029 oopus
541 1935 587 2007 de
603 1933 774 2022 Triestan,
797 1930 980 2003 Heinricus
995 1929 1222 2002 Pettaviensis
1243 1930 1457 2026 prepositus,
1476 1930 1665 2025 Liopoldus
1688 1931 1828 2005 illustris

411 2057 550 2132 dustria
560 2067 595 2130 et
608 2056 709 2130 Stiria
724 2055 813 2144 dux,
832 2055 911 2128 Otto
926 2053 1003 2127 dux
1017 2055 1169 2127 Meranic
1182 2063 1217 2126 et
1235 2053 1410 2149 palatinos
1422 2053 1636 2149 Burgundio,
1653 2053 1828 2128 lismhar·

411 2181 480 2255 dns
497 2182 574 2256 dnn
596 2180 791 2270 Kerinthie,
809 2177 1009 2276 Ragnaidus
1031 2177 1108 2251 dux
1133 2178 1279 2274 Spoleti,
1300 2179 1433 2275 Rapoto
1456 2178 1632 2274 palatinus
1653 2199 1768 2252 comes
1793 2189 1828 2253 et

412 2307 515 2380 irater
533 2306 611 2397 ejus
628 2325 744 2378 eomes
758 2303 940 2376 Heinricus
958 2301 1004 2374 de
1019 2301 1226 2390 Ortenberc,
1244 2301 1379 2375 Utricus
1401 2301 1448 2376 de
1469 2301 1593 2394 Pauka,
1610 2300 1828 2376 Aldemarios

413 2429 459 2504 de
472 2429 664 2523 Chuoring,
679 2425 920 2522 Eugeihardns
933 2435 969 2498 et
982 2427 1085 2499 irater
1099 2447 1186 2498 suus
1196 2425 1391 2498 Fridaricus
1403 2425 1449 2498 de
1459 2424 1686 2517 Adelechow,
1699 2425 1827 2499 Conra-

413 2552 481 2626 dus
499 2551 545 2626 de
559 2552 712 2626 &cloch
727 2573 843 2624 comes
855 2549 1054 2624 Romanioie
1066 2548 1132 2646 (t),
1148 2551 1310 2624 Atbertus
1325 2549 1575 2640 Rimeasiudie,
1589 2548 1765 2624 Goiiridus
1781 2549 1827 2624 dc

411 2677 613 2750 Soiubnrch
626 2685 662 2749 et
678 2676 738 2748 aiii
750 2697 858 2770 qnam
872 2677 1002 2771 plnres.

460 2801 606 2894 Signum
627 2800 759 2874 domini
783 2799 947 2873 Friderioi
972 2799 1117 2872 secundi
1136 2799 1198 2872 Dei
1222 2799 1332 2894 gratia
1356 2797 1576 2871 illustrissimi
1598 2797 1828 2872 Romanomm

413 2925 645 3022 imperatoris,
662 2945 801 3020 semper
815 2924 971 3018 augusti,
990 2923 1179 2996 tarusatam
1191 2933 1226 2996 et
1237 2923 1353 2996 Sicilia
1369 2922 1474 3017 ragis.
1492 2919 1781 3020 (Monoprummo.)

461 3050 546 3122 Acta
563 3059 646 3123 suut
662 3049 728 3123 hec
746 3070 838 3122 anno
855 3048 1030 3122 dominica
1050 3047 1295 3121 incarnationis
1312 3047 1494 3122 millesimo
1514 3045 1750 3122 ducentesimo
1770 3046 1830 3120 tri-

413 3173 560 3266 cesimo,
582 3196 701 3248 mensa
718 3173 857 3269 apritis,
873 3172 970 3245 tertie
984 3171 1204 3260 indictionis,
1224 3172 1415 3268 imperante
1426 3170 1569 3246 domino
1581 3181 1698 3246 nostro
1713 3171 1831 3246 Fride-

413 3297 486 3371 rioo
500 3297 561 3370 Dei
578 3299 689 3393 gratia
706 3296 935 3369 invictissimo
947 3297 1180 3369 Romanorum
1193 3295 1416 3392 imperatore,
1434 3315 1570 3392 semper
1587 3305 1756 3391 augusto,
1774 3295 1830 3370 Jo-

412 3423 562 3494 ruaalem
573 3431 610 3494 ct
622 3421 738 3495 Sicilie
755 3443 849 3515 rege,
868 3440 960 3494 anno
976 3421 1113 3517 imperii
1124 3422 1201 3514 ejus
1213 3420 1363 3513 decimo,
1379 3419 1478 3514 regni
1492 3420 1680 3500 tonantem
1691 3421 1827 3516 quinto,

413 3546 512 3640 regni
527 3565 611 3619 veru
623 3545 740 3618 Sicilie
752 3545 924 3618 tricesimo
939 3543 1107 3636 secundo,
1125 3544 1281 3618 feliciter.
1297 3543 1422 3618 Amen

462 3669 586 3742 Datum
600 3669 698 3765 apud
715 3667 869 3762 Fogiam,
890 3689 995 3761 anno,
1014 3689 1153 3760 mensa,
1173 3667 1364 3742 indictione
1379 3669 1588 3766 prescriptis.

451 4029 487 4106 (t)
506 4031 538 4090 tn
551 4031 671 4092 tionum.
686 4033 772 4104 Boio,
787 4031 927 4092 worado
938 4030 972 4088 da
985 4030 1070 4090 Omto
1083 4031 1121 4090 Η.
1135 4047 1220 4090 comta
1240 4031 1412 4104 nomantoa,·
1425 4033 1473 4092 sed
1488 4032 1571 4102 maie,
1591 4045 1675 4106 quum
1690 4045 1832 4106 perparum

413 4127 501 4186 littera
513 4127 532 4184 i
543 4127 623 4186 inerit
635 4145 652 4186 a
665 4129 773 4187 nemim
787 4129 890 4188 oanni
905 4129 933 4186 in
948 4128 1155 4202 transcriptione
1169 4136 1302 4204 separata.
1315 4129 1373 4200 Qua
1390 4145 1471 4190 caasa
1489 4136 1536 4188 aut
1548 4130 1652 4188 ratione
1665 4127 1763 4186 nobilia
1781 4128 1834 4186 ista

414 4224 521 4282 titulum
530 4227 673 4283 comitatus
683 4225 780 4286 stetisti
792 4243 842 4302 pro
854 4225 931 4284 tituto
946 4225 1090 4284 comitatus
1105 4225 1276 4283 Romauioiaa
1288 4226 1441 4306 mutaverit,
1454 4241 1509 4286 non
1522 4226 1592 4284 bana
1604 4225 1698 4300 liquat.
1709 4221 1771 4284 Vid.
1786 4237 1832 4282 an-

417 4339 475 4397 pra,
489 4339 517 4398 p.
533 4327 593 4382 tno.
