4710 6076
451 669 631 748 saltata]
904 663 1100 728 maronia
1124 663 1418 727 urruouarrca.
1550 647 1554 654 '

505 1277 688 1361 Hemicus
717 1276 977 1360 Romanorum
1008 1299 1075 1357 nex
1101 1273 1341 1384 priuilegium
1370 1299 1394 1354 a
1419 1271 1608 1356 Friderioo
1639 1273 1865 1382 imperatore
1893 1277 2068 1388 ,ὧι

452 1421 559 1522 patre
583 1436 654 1494 suo
669 1408 860 1492 canonicis
876 1405 1177 1490 virdunensibus
1203 1405 1395 1488 indultum
1420 1405 1620 1489 inserendo
1642 1405 1862 1512 confirmat,

454 1545 635 1656 additque
658 1551 701 1626 ut
724 1541 890 1625 familiae
912 1540 1152 1651 singulorum
1174 1549 1212 1623 et
1233 1540 1498 1623 universorum
1515 1540 1785 1623 canonicorum
1803 1566 1864 1624 ec-

455 1677 656 1760 olesiamm
672 1674 968 1759 virdunensium
983 1673 1032 1756 ab
1045 1673 1150 1756 omni
1163 1674 1356 1756 exactione
1370 1673 1650 1782 praestationis,
1660 1674 1788 1758 talliae
1797 1701 1864 1758 seu

455 1809 645 1920 precariae
660 1809 737 1891 sint
748 1808 898 1918 penitus
913 1807 1117 1890 immunes.

1918 1387 2036 1432 mnudi.

538 2052 655 2128 (Edldlt
676 2051 875 2124 Suomnonr,
899 2047 1106 2138 Mahatrdipc
1130 2045 1287 2108 ostenden
1296 2046 1356 2128 sita
1374 2045 1420 2108 dic
1433 2048 1533 2110 Deua.
1550 2047 1658 2123 dorca,
1674 2057 1744 2112 erst.
1760 2051 1866 2130 shall,

576 2176 607 2237 p.
625 2167 675 2234 ab,
688 2157 850 2234 n⁶llLvIl,
861 2175 899 2219 ex
914 2157 1136 2220 conflrmatlone
1149 2157 1333 2232 lmpemtorls
1343 2153 1538 2217 nummulum
1551 2157 1592 2230 ll,
1606 2166 1642 2218 to
1652 2157 1751 2236 aprllls
1766 2156 1867 2238 tout.)

507 2373 674 2448 llenricus
686 2373 748 2445 Dei
760 2373 870 2466 gralia
885 2373 1117 2445 Romanorum
1137 2391 1201 2442 rea
1217 2377 1252 2442 et
1271 2391 1407 2466 semper
1424 2380 1611 2464 augustus,
1628 2370 1753 2445 dilecto
1769 2372 1870 2467 prin·
2009 2357 2017 2366 ⁸

459 2497 528 2595 cipi
548 2517 613 2571 suo
630 2497 671 2568 ll.
692 2493 744 2592 (l)
763 2495 952 2568 venerabili
970 2493 1181 2566 virdunensi
1205 2493 1313 2566 electo
1338 2515 1402 2566 nec
1427 2515 1497 2567 nou
1521 2495 1692 2568 universis
1713 2495 1869 2590 ejusdem
2009 2533 2012 2538 ·

459 2621 608 2697 civitatis
622 2620 760 2694 civibus
779 2619 924 2714 gratiam
944 2641 1044 2693 suam
1070 2629 1105 2692 et
1131 2639 1234 2692 omne
1257 2618 1401 2691 bonum.
1426 2615 1639 2694 decedentes
1661 2619 1708 2694 ad
1729 2643 1870 2718 presen-

459 2747 542 2820 tiam
567 2754 718 2819 nostram
740 2744 777 2816 in
798 2744 894 2816 ouria
916 2743 1060 2816 solemni
1083 2743 1179 2840 apud
1199 2741 1456 2837 aquisgranum
1478 2743 1594 2817 dilecti
1622 2743 1742 2818 fideles
1763 2745 1869 2818 nostri

460 2869 616 2944 canonici
635 2868 872 2942 virdunenses
889 2868 1124 2942 exbibuerunt
1145 2867 1247 2942 nobis
1263 2867 1484 2964 privilegium
1506 2867 1716 2942 serenissimi
1739 2867 1870 2942 domini

460 2994 677 3092 imperatoris
693 2993 800 3089 patris
815 2992 922 3065 nostri
935 2993 971 3064 in
986 2992 1080 3064 buno
1095 2991 1236 3064 modum
1251 3019 1260 3064 :

509 3116 684 3214 [Sequitur
698 3118 738 3190 de
752 3117 846 3190 uerbo
856 3117 902 3190 ad
911 3117 1046 3189 valum
1053 3116 1259 3210 privilepium
1275 3115 1437 3211 Ftiden'gi
1446 3115 1494 3202 11,
1505 3114 1625 3188 datum
1638 3117 1734 3212 apud
1749 3101 1873 3192 Franc-

461 3245 538 3334 l'orl,
556 3243 601 3314 ld
619 3241 738 3338 aprilis
755 3241 865 3331 ⁴220,
884 3240 975 3334 quod
991 3261 1095 3334 supro
1108 3239 1154 3311 ud
1165 3261 1265 3312 suum
1282 3239 1387 3334 ὶοςωη
1398 3240 1602 3334 retulimus]

508 3365 794 3460 Autboritateque
810 3363 906 3458 regia
923 3364 1131 3438 serenissimi
1146 3363 1278 3438 domini
1297 3364 1511 3461 imperatoris
1525 3365 1633 3461 patris
1646 3366 1752 3438 nostri
1765 3367 1875 3462 privi-

462 3491 592 3584 legium
606 3488 852 3584 antescriptum
868 3487 914 3562 de
932 3487 1149 3584 plenitudine
1169 3487 1304 3562 consilii
1326 3489 1433 3560 nostri
1458 3488 1751 3562 corroborandum
1768 3491 1874 3564 duxi·

462 3635 541 3688 mus
566 3623 601 3687 et
625 3622 791 3710 perpetuo
817 3611 1110 3704 confirmandum,
1135 3611 1337 3706 adjicientes
1360 3611 1408 3686 ad
1429 3612 1494 3686 beo
1517 3613 1563 3686 de
1590 3612 1874 3710 uben'origratia

463 3747 578 3812 nostra
602 3747 638 3810 et
662 3738 818 3811 consultu
850 3735 1096 3810 deliberatione
1119 3745 1158 3808 ut
1181 3735 1309 3808 familie
1332 3737 1547 3832 singulorum
1573 3747 1608 3810 et
1634 3737 1873 3816 universorum

464 3861 707 3936 canonicomm
728 3861 951 3934 ecclesiarum
966 3860 1237 3934 virdunensium
1254 3862 1299 3942 ab
1317 3861 1412 3934 omui
1434 3883 1573 3957 prorsus
1591 3863 1772 3937 exactione
1791 3887 1874 3960 pre·

463 3987 631 4075 stationis,
656 3986 749 4059 tallia
770 4007 832 4058 seu
850 3985 1003 4082 precarie
1016 3987 1124 4060 libere
1140 3987 1210 4059 siut
1224 3985 1362 4082 penitus
1374 3996 1409 4058 et
1422 3987 1605 4092 immunes3
1622 3987 1875 4084 statuimusque

463 4123 499 4186 at
511 4111 577 4184 sub
592 4110 867 4184 interminatione
880 4111 989 4204 gratie
1006 4121 1121 4184 nostre
1134 4110 1288 4184 districte
1301 4111 1510 4208 precipimus
1525 4112 1740 4185 universitati
1759 4123 1872 4188 vestre

463 4245 504 4308 ut
517 4235 633 4307 nullus
650 4234 694 4306 sit
710 4233 772 4328 qui
786 4255 875 4306 ausu
895 4235 1075 4306 temerario
1089 4243 1207 4307 mutua
1221 4235 1344 4308 seriem
1362 4235 1535 4332 privilegii
1556 4236 1713 4332 prelibati
1727 4246 1762 4310 et
1782 4237 1872 4312 bauo

464 4368 615 4433 nostram
634 4357 823 4430 libertatem
846 4355 1125 4430 virdunensibus
1147 4358 1324 4431 canonicis
1341 4359 1511 4432 indultam
1531 4361 1651 4434 venire
1672 4361 1799 4434 audeat
1815 4362 1871 4434 vel

463 4505 583 4558 eorum
601 4481 764 4556 familiam
789 4481 894 4554 alicui
917 4481 1092 4554 exactioni
1112 4481 1169 4555 vel
1188 4481 1280 4555 tallie
1299 4495 1454 4558 coerceat
1473 4485 1664 4579 subjacere.
1686 4486 1789 4571 Quod
1808 4485 1870 4582 qui

502 4785 536 4859 p)
553 4785 662 4844 eruca
679 4785 827 4862 umato.
