<?xml version="1.0" encoding="UTF-8"?>
<!DOCTYPE html PUBLIC "-//W3C//DTD XHTML 1.0 Transitional//EN"
    "http://www.w3.org/TR/xhtml1/DTD/xhtml1-transitional.dtd">
<html xmlns="http://www.w3.org/1999/xhtml" xml:lang="en" lang="en">
 <head>
  <title>
</title>
<meta http-equiv="Content-Type" content="text/html;charset=utf-8" />
  <meta name='ocr-system' content='tesseract 3.04.00' />
  <meta name='ocr-capabilities' content='ocr_page ocr_carea ocr_par ocr_line ocrx_word'/>
</head>
<body>
  <div class='ocr_page' id='page_1' title='image "./historiadiploma03fredgoog/historiadiploma03fredgoog_0053.png"; bbox 0 0 4602 6084; ppageno 0'>
   <div class='ocr_carea' id='block_1_1' title="bbox 611 603 2010 682">
    <p class='ocr_par' dir='ltr' id='par_1_1' title="bbox 611 603 2010 682">
     <span class='ocr_line' id='line_1_1' title="bbox 611 603 2010 682; baseline -0.001 -16"><span class='ocrx_word' id='word_1_1' title='bbox 611 605 652 666; x_wconf 76' lang='grc'>40</span> <span class='ocrx_word' id='word_1_2' title='bbox 1109 603 1323 664; x_wconf 70' lang='lat' dir='ltr'>tutotuto!</span> <span class='ocrx_word' id='word_1_3' title='bbox 1350 603 1525 665; x_wconf 75' lang='lat' dir='ltr'>secutor</span> <span class='ocrx_word' id='word_1_4' title='bbox 1830 603 1909 682; x_wconf 75' lang='lat' dir='ltr'>[lien</span> <span class='ocrx_word' id='word_1_5' title='bbox 1928 603 2010 666; x_wconf 75' lang='lat'><strong>1227.</strong></span> 
     </span>
    </p>
   </div>
   <div class='ocr_carea' id='block_1_2' title="bbox 612 737 2032 4394">
    <p class='ocr_par' dir='ltr' id='par_1_2' title="bbox 612 737 2032 4394">
     <span class='ocr_line' id='line_1_2' title="bbox 613 737 2014 832; baseline -0.001 -20"><span class='ocrx_word' id='word_1_6' title='bbox 613 739 801 812; x_wconf 86' lang='lat' dir='ltr'>tulavimns</span> <span class='ocrx_word' id='word_1_7' title='bbox 822 747 893 810; x_wconf 88' lang='lat' dir='ltr'>tam</span> <span class='ocrx_word' id='word_1_8' title='bbox 910 737 1011 810; x_wconf 92' lang='lat' dir='ltr'>nobis</span> <span class='ocrx_word' id='word_1_9' title='bbox 1029 759 1136 832; x_wconf 85' lang='lat' dir='ltr'>quam</span> <span class='ocrx_word' id='word_1_10' title='bbox 1158 739 1320 811; x_wconf 91' lang='lat' dir='ltr'>omnibus</span> <span class='ocrx_word' id='word_1_11' title='bbox 1341 740 1417 812; x_wconf 85' lang='lat' dir='ltr'>aliis</span> <span class='ocrx_word' id='word_1_12' title='bbox 1439 750 1569 812; x_wconf 88' lang='lat' dir='ltr'>certum</span> <span class='ocrx_word' id='word_1_13' title='bbox 1589 739 1655 810; x_wconf 91' lang='lat' dir='ltr'>sub</span> <span class='ocrx_word' id='word_1_14' title='bbox 1677 760 1821 812; x_wconf 85' lang='lat' dir='ltr'>censura</span> <span class='ocrx_word' id='word_1_15' title='bbox 1840 739 2014 812; x_wconf 86' lang='lat' dir='ltr'>ecclesias·</span> 
     </span>
     <span class='ocr_line' id='line_1_3' title="bbox 613 859 2015 957; baseline 0 -23"><span class='ocrx_word' id='word_1_16' title='bbox 613 863 681 934; x_wconf 91' lang='lat' dir='ltr'>tica</span> <span class='ocrx_word' id='word_1_17' title='bbox 710 859 832 956; x_wconf 89' lang='lat' dir='ltr'>preligi</span> <span class='ocrx_word' id='word_1_18' title='bbox 856 861 1042 934; x_wconf 88' lang='lat' dir='ltr'>terminum</span> <span class='ocrx_word' id='word_1_19' title='bbox 1067 861 1251 953; x_wconf 89' lang='lat' dir='ltr'>veniendi,</span> <span class='ocrx_word' id='word_1_20' title='bbox 1280 862 1376 957; x_wconf 89' lang='lat' dir='ltr'>qnod</span> <span class='ocrx_word' id='word_1_21' title='bbox 1401 863 1626 936; x_wconf 88' lang='lat' dir='ltr'>libentissime</span> <span class='ocrx_word' id='word_1_22' title='bbox 1649 863 1848 936; x_wconf 77' lang='lat' dir='ltr'>fecissemus</span> <span class='ocrx_word' id='word_1_23' title='bbox 1869 863 1934 934; x_wconf 90' lang='lat' dir='ltr'>nisi</span> <span class='ocrx_word' id='word_1_24' title='bbox 1955 883 2015 934; x_wconf 80' lang='lat' dir='ltr'>vo</span> 
     </span>
     <span class='ocr_line' id='line_1_4' title="bbox 614 984 2015 1080; baseline -0.001 -21"><span class='ocrx_word' id='word_1_25' title='bbox 614 988 729 1059; x_wconf 69' lang='lat' dir='ltr'>lanus</span> <span class='ocrx_word' id='word_1_26' title='bbox 760 984 957 1079; x_wconf 84' lang='lat' dir='ltr'>principum</span> <span class='ocrx_word' id='word_1_27' title='bbox 990 995 1025 1056; x_wconf 90' lang='lat' dir='ltr'>et</span> <span class='ocrx_word' id='word_1_28' title='bbox 1051 984 1198 1058; x_wconf 90' lang='lat' dir='ltr'>evidens</span> <span class='ocrx_word' id='word_1_29' title='bbox 1227 985 1434 1076; x_wconf 87' lang='lat' dir='ltr'>necessitas,</span> <span class='ocrx_word' id='word_1_30' title='bbox 1469 986 1552 1080; x_wconf 90' lang='lat' dir='ltr'>quia</span> <span class='ocrx_word' id='word_1_31' title='bbox 1583 986 1740 1060; x_wconf 87' lang='lat' dir='ltr'>nondum</span> <span class='ocrx_word' id='word_1_32' title='bbox 1771 987 1885 1058; x_wconf 82' lang='lat' dir='ltr'>luerat</span> <span class='ocrx_word' id='word_1_33' title='bbox 1916 987 2015 1080; x_wconf 88' lang='lat' dir='ltr'>plene</span> 
     </span>
     <span class='ocr_line' id='line_1_5' title="bbox 612 1107 2016 1204; baseline 0 -23"><span class='ocrx_word' id='word_1_34' title='bbox 612 1108 747 1204; x_wconf 91' lang='lat' dir='ltr'>imperii</span> <span class='ocrx_word' id='word_1_35' title='bbox 773 1119 892 1202; x_wconf 85' lang='lat' dir='ltr'>pacata</span> <span class='ocrx_word' id='word_1_36' title='bbox 914 1108 1080 1198; x_wconf 77' lang='lat' dir='ltr'><strong>turbatio,</strong></span> <span class='ocrx_word' id='word_1_37' title='bbox 1101 1115 1216 1180; x_wconf 91' lang='lat' dir='ltr'>nostra</span> <span class='ocrx_word' id='word_1_38' title='bbox 1240 1107 1414 1182; x_wconf 81' lang='lat' dir='ltr'>desideria</span> <span class='ocrx_word' id='word_1_39' title='bbox 1432 1109 1688 1204; x_wconf 78' lang='lat' dir='ltr'>pmpedissenr,</span> <span class='ocrx_word' id='word_1_40' title='bbox 1710 1109 1790 1182; x_wconf 89' lang='lat' dir='ltr'>licet</span> <span class='ocrx_word' id='word_1_41' title='bbox 1809 1109 1904 1181; x_wconf 82' lang='lat' dir='ltr'>unni</span> <span class='ocrx_word' id='word_1_42' title='bbox 1920 1129 2016 1181; x_wconf 89' lang='lat' dir='ltr'>occa·</span> 
     </span>
     <span class='ocr_line' id='line_1_6' title="bbox 613 1227 2016 1322; baseline 0 -18"><span class='ocrx_word' id='word_1_43' title='bbox 613 1231 711 1304; x_wconf 90' lang='lat' dir='ltr'>sione</span> <span class='ocrx_word' id='word_1_44' title='bbox 730 1251 824 1302; x_wconf 92' lang='lat' dir='ltr'>more</span> <span class='ocrx_word' id='word_1_45' title='bbox 844 1227 927 1304; x_wconf 88' lang='lat' dir='ltr'>indo</span> <span class='ocrx_word' id='word_1_46' title='bbox 947 1239 1061 1302; x_wconf 88' lang='lat' dir='ltr'>nostra</span> <span class='ocrx_word' id='word_1_47' title='bbox 1084 1232 1174 1302; x_wconf 90' lang='lat' dir='ltr'>bona</span> <span class='ocrx_word' id='word_1_48' title='bbox 1201 1231 1236 1302; x_wconf 94' lang='lat' dir='ltr'>in</span> <span class='ocrx_word' id='word_1_49' title='bbox 1262 1232 1392 1304; x_wconf 89' lang='lat' dir='ltr'>malam</span> <span class='ocrx_word' id='word_1_50' title='bbox 1417 1241 1554 1304; x_wconf 78' lang='lat' dir='ltr'>notetur</span> <span class='ocrx_word' id='word_1_51' title='bbox 1576 1233 1737 1322; x_wconf 87' lang='lat' dir='ltr'>intentio,</span> <span class='ocrx_word' id='word_1_52' title='bbox 1765 1231 1858 1305; x_wconf 91' lang='lat' dir='ltr'>nude</span> <span class='ocrx_word' id='word_1_53' title='bbox 1881 1231 2016 1306; x_wconf 89' lang='lat' dir='ltr'>landem</span> 
     </span>
     <span class='ocr_line' id='line_1_7' title="bbox 615 1354 2017 1450; baseline -0.002 -22"><span class='ocrx_word' id='word_1_54' title='bbox 615 1355 741 1428; x_wconf 89' lang='lat' dir='ltr'>meruit</span> <span class='ocrx_word' id='word_1_55' title='bbox 763 1363 799 1428; x_wconf 93' lang='lat' dir='ltr'>et</span> <span class='ocrx_word' id='word_1_56' title='bbox 824 1355 989 1427; x_wconf 83' lang='lat' dir='ltr'>favorem.</span> <span class='ocrx_word' id='word_1_57' title='bbox 1019 1355 1165 1426; x_wconf 88' lang='lat' dir='ltr'>Demum</span> <span class='ocrx_word' id='word_1_58' title='bbox 1191 1355 1236 1428; x_wconf 91' lang='lat' dir='ltr'>ad</span> <span class='ocrx_word' id='word_1_59' title='bbox 1262 1355 1478 1428; x_wconf 85' lang='lat' dir='ltr'>vocationem</span> <span class='ocrx_word' id='word_1_60' title='bbox 1507 1355 1729 1450; x_wconf 88' lang='lat' dir='ltr'>apostolicam</span> <span class='ocrx_word' id='word_1_61' title='bbox 1755 1355 1860 1426; x_wconf 93' lang='lat' dir='ltr'>rebus</span> <span class='ocrx_word' id='word_1_62' title='bbox 1885 1354 2017 1449; x_wconf 89' lang='lat' dir='ltr'>imperii</span> 
     </span>
     <span class='ocr_line' id='line_1_8' title="bbox 617 1476 2017 1573; baseline -0.003 -21"><span class='ocrx_word' id='word_1_63' title='bbox 617 1478 799 1572; x_wconf 91' lang='lat' dir='ltr'>tranquille</span> <span class='ocrx_word' id='word_1_64' title='bbox 823 1477 953 1572; x_wconf 90' lang='lat' dir='ltr'>pacatis</span> <span class='ocrx_word' id='word_1_65' title='bbox 979 1476 1139 1549; x_wconf 88' lang='lat' dir='ltr'>venimus</span> <span class='ocrx_word' id='word_1_66' title='bbox 1160 1487 1195 1548; x_wconf 92' lang='lat' dir='ltr'>et</span> <span class='ocrx_word' id='word_1_67' title='bbox 1215 1477 1435 1572; x_wconf 81' lang='lat' dir='ltr'><strong>solempniter</strong></span> <span class='ocrx_word' id='word_1_68' title='bbox 1457 1476 1618 1551; x_wconf 87' lang='lat' dir='ltr'>diadema</span> <span class='ocrx_word' id='word_1_69' title='bbox 1644 1477 1876 1573; x_wconf 75' lang='lat' dir='ltr'>suscepimus,</span> <span class='ocrx_word' id='word_1_70' title='bbox 1897 1489 2017 1548; x_wconf 89' lang='lat' dir='ltr'>utnon</span> 
     </span>
     <span class='ocr_line' id='line_1_9' title="bbox 616 1599 2020 1696; baseline -0.001 -22"><span class='ocrx_word' id='word_1_71' title='bbox 616 1602 734 1674; x_wconf 87' lang='lat' dir='ltr'>moltis</span> <span class='ocrx_word' id='word_1_72' title='bbox 757 1600 927 1674; x_wconf 80' lang='lat' dir='ltr'>extitisset</span> <span class='ocrx_word' id='word_1_73' title='bbox 958 1601 1145 1696; x_wconf 90' lang='lat' dir='ltr'>apostolice</span> <span class='ocrx_word' id='word_1_74' title='bbox 1178 1600 1279 1674; x_wconf 89' lang='lat' dir='ltr'>Sedis</span> <span class='ocrx_word' id='word_1_75' title='bbox 1307 1609 1421 1673; x_wconf 88' lang='lat' dir='ltr'>nostra</span> <span class='ocrx_word' id='word_1_76' title='bbox 1447 1601 1581 1673; x_wconf 57' lang='lat' dir='ltr'>avocatio</span> <span class='ocrx_word' id='word_1_77' title='bbox 1607 1621 1677 1694; x_wconf 88' lang='lat' dir='ltr'>que</span> <span class='ocrx_word' id='word_1_78' title='bbox 1703 1601 1749 1674; x_wconf 90' lang='lat' dir='ltr'>de</span> <span class='ocrx_word' id='word_1_79' title='bbox 1775 1599 1961 1692; x_wconf 88' lang='lat' dir='ltr'>majoribus</span> <span class='ocrx_word' id='word_1_80' title='bbox 1986 1611 2020 1672; x_wconf 87' lang='lat' dir='ltr'>et</span> 
     </span>
     <span class='ocr_line' id='line_1_10' title="bbox 615 1721 2019 1818; baseline -0.004 -20"><span class='ocrx_word' id='word_1_81' title='bbox 615 1725 815 1800; x_wconf 89' lang='lat' dir='ltr'>melioribus</span> <span class='ocrx_word' id='word_1_82' title='bbox 836 1723 1024 1818; x_wconf 90' lang='lat' dir='ltr'>provinciis</span> <span class='ocrx_word' id='word_1_83' title='bbox 1052 1723 1149 1796; x_wconf 88' lang='lat' dir='ltr'>italie</span> <span class='ocrx_word' id='word_1_84' title='bbox 1174 1722 1376 1796; x_wconf 80' lang='lat' dir='ltr'>florentibus</span> <span class='ocrx_word' id='word_1_85' title='bbox 1398 1723 1531 1796; x_wconf 88' lang='lat' dir='ltr'>divitiis</span> <span class='ocrx_word' id='word_1_86' title='bbox 1547 1732 1582 1797; x_wconf 89' lang='lat' dir='ltr'>et</span> <span class='ocrx_word' id='word_1_87' title='bbox 1602 1723 1802 1796; x_wconf 82' lang='lat' dir='ltr'>strenuitate</span> <span class='ocrx_word' id='word_1_88' title='bbox 1822 1721 1975 1794; x_wconf 88' lang='lat' dir='ltr'>virorum</span> <span class='ocrx_word' id='word_1_89' title='bbox 1998 1743 2019 1793; x_wconf 86' lang='lat' dir='ltr'>a</span> 
     </span>
     <span class='ocr_line' id='line_1_11' title="bbox 617 1845 2021 1940; baseline -0.003 -20"><span class='ocrx_word' id='word_1_90' title='bbox 617 1849 718 1920; x_wconf 90' lang='lat' dir='ltr'>nobis</span> <span class='ocrx_word' id='word_1_91' title='bbox 746 1847 860 1918; x_wconf 84' lang='lat' dir='ltr'>extitit</span> <span class='ocrx_word' id='word_1_92' title='bbox 884 1855 1051 1918; x_wconf 89' lang='lat' dir='ltr'>assecuta.</span> <span class='ocrx_word' id='word_1_93' title='bbox 1081 1847 1161 1920; x_wconf 90' lang='lat' dir='ltr'>Post</span> <span class='ocrx_word' id='word_1_94' title='bbox 1186 1845 1440 1940; x_wconf 88' lang='lat' dir='ltr'>susceptionem</span> <span class='ocrx_word' id='word_1_95' title='bbox 1468 1865 1550 1918; x_wconf 89' lang='lat' dir='ltr'>vero</span> <span class='ocrx_word' id='word_1_96' title='bbox 1578 1845 1764 1940; x_wconf 87' lang='lat' dir='ltr'>imperialis</span> <span class='ocrx_word' id='word_1_97' title='bbox 1791 1865 1931 1935; x_wconf 89' lang='lat' dir='ltr'>corone,</span> <span class='ocrx_word' id='word_1_98' title='bbox 1960 1864 2021 1938; x_wconf 90' lang='lat' dir='ltr'>per</span> 
     </span>
     <span class='ocr_line' id='line_1_12' title="bbox 618 1965 2020 2064; baseline -0.005 -21"><span class='ocrx_word' id='word_1_99' title='bbox 618 1993 742 2044; x_wconf 86' lang='lat' dir='ltr'>manus</span> <span class='ocrx_word' id='word_1_100' title='bbox 767 1969 948 2042; x_wconf 89' lang='lat' dir='ltr'>reverendi</span> <span class='ocrx_word' id='word_1_101' title='bbox 968 1971 1076 2040; x_wconf 86' lang='lat' dir='ltr'>Patris</span> <span class='ocrx_word' id='word_1_102' title='bbox 1093 1968 1227 2040; x_wconf 87' lang='lat' dir='ltr'>Domini</span> <span class='ocrx_word' id='word_1_103' title='bbox 1251 1968 1404 2064; x_wconf 76' lang='lat' dir='ltr'>Gregorii</span> <span class='ocrx_word' id='word_1_104' title='bbox 1432 1991 1525 2041; x_wconf 91' lang='lat' dir='ltr'>nunc</span> <span class='ocrx_word' id='word_1_105' title='bbox 1547 1968 1740 2064; x_wconf 89' lang='lat' dir='ltr'>apostolici,</span> <span class='ocrx_word' id='word_1_106' title='bbox 1767 1977 1850 2040; x_wconf 91' lang='lat' dir='ltr'>tunc</span> <span class='ocrx_word' id='word_1_107' title='bbox 1868 1965 2020 2064; x_wconf 86' lang='lat' dir='ltr'>episcopi</span> 
     </span>
     <span class='ocr_line' id='line_1_13' title="bbox 619 2067 2023 2186; baseline -0.004 -20"><span class='ocrx_word' id='word_1_108' title='bbox 619 2094 802 2184; x_wconf 88' lang='lat' dir='ltr'>Ostiensis,</span> <span class='ocrx_word' id='word_1_109' title='bbox 826 2092 951 2164; x_wconf 84' lang='lat' dir='ltr'>iterum</span> <span class='ocrx_word' id='word_1_110' title='bbox 973 2092 1085 2164; x_wconf 88' lang='lat' dir='ltr'>crucis</span> <span class='ocrx_word' id='word_1_111' title='bbox 1101 2091 1319 2186; x_wconf 80' lang='lat' dir='ltr'>signaculum</span> <span class='ocrx_word' id='word_1_112' title='bbox 1341 2100 1537 2164; x_wconf 89' lang='lat' dir='ltr'>reverenter</span> <span class='ocrx_word' id='word_1_113' title='bbox 1556 2092 1753 2186; x_wconf 89' lang='lat' dir='ltr'>accepimus</span> <span class='ocrx_word' id='word_1_114' title='bbox 1776 2067 1855 2163; x_wconf 89' lang='lat' dir='ltr'>vota</span> <span class='ocrx_word' id='word_1_115' title='bbox 1877 2091 1967 2162; x_wconf 88' lang='lat' dir='ltr'>votis</span> <span class='ocrx_word' id='word_1_116' title='bbox 1988 2099 2023 2161; x_wconf 90' lang='lat' dir='ltr'>et</span> 
     </span>
     <span class='ocr_line' id='line_1_14' title="bbox 621 2213 2023 2310; baseline -0.005 -19"><span class='ocrx_word' id='word_1_117' title='bbox 621 2215 790 2291; x_wconf 84' lang='lat' dir='ltr'>desideria</span> <span class='ocrx_word' id='word_1_118' title='bbox 823 2213 1003 2286; x_wconf 88' lang='lat' dir='ltr'>desideriis</span> <span class='ocrx_word' id='word_1_119' title='bbox 1035 2225 1274 2310; x_wconf 78' lang='lat' dir='ltr'>aggregantes.</span> <span class='ocrx_word' id='word_1_120' title='bbox 1312 2215 1459 2310; x_wconf 84' lang='lat' dir='ltr'>lngrcssi</span> <span class='ocrx_word' id='word_1_121' title='bbox 1490 2214 1631 2288; x_wconf 90' lang='lat' dir='ltr'>demum</span> <span class='ocrx_word' id='word_1_122' title='bbox 1661 2215 1832 2310; x_wconf 82' lang='lat' dir='ltr'>prosperis</span> <span class='ocrx_word' id='word_1_123' title='bbox 1862 2214 2023 2309; x_wconf 87' lang='lat' dir='ltr'>auspiciis</span> 
     </span>
     <span class='ocr_line' id='line_1_15' title="bbox 620 2335 2024 2434; baseline -0.002 -25"><span class='ocrx_word' id='word_1_124' title='bbox 620 2361 766 2434; x_wconf 87' lang='lat' dir='ltr'>rognum</span> <span class='ocrx_word' id='word_1_125' title='bbox 794 2348 950 2410; x_wconf 87' lang='lat' dir='ltr'>nostrum</span> <span class='ocrx_word' id='word_1_126' title='bbox 976 2337 1072 2431; x_wconf 90' lang='lat' dir='ltr'>quod</span> <span class='ocrx_word' id='word_1_127' title='bbox 1103 2359 1167 2433; x_wconf 93' lang='lat' dir='ltr'>pro</span> <span class='ocrx_word' id='word_1_128' title='bbox 1193 2335 1337 2410; x_wconf 88' lang='lat' dir='ltr'>diutinis</span> <span class='ocrx_word' id='word_1_129' title='bbox 1365 2338 1499 2431; x_wconf 86' lang='lat' dir='ltr'>guerris</span> <span class='ocrx_word' id='word_1_130' title='bbox 1527 2339 1627 2409; x_wconf 92' lang='lat' dir='ltr'>bonis</span> <span class='ocrx_word' id='word_1_131' title='bbox 1647 2337 1722 2410; x_wconf 89' lang='lat' dir='ltr'>suis</span> <span class='ocrx_word' id='word_1_132' title='bbox 1745 2347 1780 2410; x_wconf 90' lang='lat' dir='ltr'>et</span> <span class='ocrx_word' id='word_1_133' title='bbox 1802 2337 1929 2432; x_wconf 92' lang='lat' dir='ltr'>opibus</span> <span class='ocrx_word' id='word_1_134' title='bbox 1952 2344 2024 2410; x_wconf 90' lang='lat' dir='ltr'>erat</span> 
     </span>
     <span class='ocr_line' id='line_1_16' title="bbox 622 2459 2025 2556; baseline -0.006 -18"><span class='ocrx_word' id='word_1_135' title='bbox 622 2464 851 2550; x_wconf 84' lang='lat' dir='ltr'>exhaustum,</span> <span class='ocrx_word' id='word_1_136' title='bbox 883 2459 1130 2532; x_wconf 90' lang='lat' dir='ltr'>munitissimas</span> <span class='ocrx_word' id='word_1_137' title='bbox 1156 2482 1253 2533; x_wconf 88' lang='lat' dir='ltr'>arces</span> <span class='ocrx_word' id='word_1_138' title='bbox 1281 2469 1316 2532; x_wconf 91' lang='lat' dir='ltr'>et</span> <span class='ocrx_word' id='word_1_139' title='bbox 1346 2461 1633 2556; x_wconf 83' lang='lat' dir='ltr'>inexpugnabiles</span> <span class='ocrx_word' id='word_1_140' title='bbox 1656 2462 1865 2533; x_wconf 87' lang='lat' dir='ltr'>munitiones</span> <span class='ocrx_word' id='word_1_141' title='bbox 1894 2461 2025 2533; x_wconf 90' lang='lat' dir='ltr'>inveni·</span> 
     </span>
     <span class='ocr_line' id='line_1_17' title="bbox 623 2583 2025 2678; baseline -0.003 -20"><span class='ocrx_word' id='word_1_142' title='bbox 623 2609 701 2658; x_wconf 88' lang='lat' dir='ltr'>mus</span> <span class='ocrx_word' id='word_1_143' title='bbox 724 2596 793 2658; x_wconf 74' lang='lat' dir='ltr'>mm</span> <span class='ocrx_word' id='word_1_144' title='bbox 813 2607 833 2657; x_wconf 92' lang='lat' dir='ltr'>a</span> <span class='ocrx_word' id='word_1_145' title='bbox 857 2583 1050 2656; x_wconf 90' lang='lat' dir='ltr'>christianis</span> <span class='ocrx_word' id='word_1_146' title='bbox 1070 2605 1214 2678; x_wconf 91' lang='lat' dir='ltr'>quama</span> <span class='ocrx_word' id='word_1_147' title='bbox 1235 2583 1430 2656; x_wconf 90' lang='lat' dir='ltr'>Sarracenis</span> <span class='ocrx_word' id='word_1_148' title='bbox 1452 2583 1637 2656; x_wconf 83' lang='lat' dir='ltr'>rebellibus</span> <span class='ocrx_word' id='word_1_149' title='bbox 1658 2584 1782 2655; x_wconf 87' lang='lat' dir='ltr'>nostris</span> <span class='ocrx_word' id='word_1_150' title='bbox 1805 2583 1968 2670; x_wconf 89' lang='lat' dir='ltr'>detineri,</span> <span class='ocrx_word' id='word_1_151' title='bbox 1990 2593 2025 2654; x_wconf 89' lang='lat' dir='ltr'>et</span> 
     </span>
     <span class='ocr_line' id='line_1_18' title="bbox 622 2706 2026 2805; baseline -0.004 -22"><span class='ocrx_word' id='word_1_152' title='bbox 622 2733 701 2783; x_wconf 93' lang='lat' dir='ltr'>cum</span> <span class='ocrx_word' id='word_1_153' title='bbox 723 2709 911 2805; x_wconf 88' lang='lat' dir='ltr'>oportuerit</span> <span class='ocrx_word' id='word_1_154' title='bbox 928 2729 987 2780; x_wconf 88' lang='lat' dir='ltr'>cas</span> <span class='ocrx_word' id='word_1_155' title='bbox 1004 2709 1103 2802; x_wconf 85' lang='lat' dir='ltr'>quasi</span> <span class='ocrx_word' id='word_1_156' title='bbox 1125 2706 1241 2780; x_wconf 92' lang='lat' dir='ltr'>denuo</span> <span class='ocrx_word' id='word_1_157' title='bbox 1258 2728 1320 2802; x_wconf 93' lang='lat' dir='ltr'>per</span> <span class='ocrx_word' id='word_1_158' title='bbox 1337 2707 1493 2778; x_wconf 89' lang='lat' dir='ltr'>bellicam</span> <span class='ocrx_word' id='word_1_159' title='bbox 1511 2707 1703 2802; x_wconf 87' lang='lat' dir='ltr'>potenciam</span> <span class='ocrx_word' id='word_1_160' title='bbox 1722 2715 1835 2778; x_wconf 79' lang='lat' dir='ltr'>nosue</span> <span class='ocrx_word' id='word_1_161' title='bbox 1858 2706 2026 2800; x_wconf 85' lang='lat' dir='ltr'>subjicere</span> 
     </span>
     <span class='ocr_line' id='line_1_19' title="bbox 625 2829 2026 2924; baseline -0.006 -16"><span class='ocrx_word' id='word_1_162' title='bbox 625 2834 763 2923; x_wconf 89' lang='lat' dir='ltr'>ditioni,</span> <span class='ocrx_word' id='word_1_163' title='bbox 795 2831 1038 2903; x_wconf 82' lang='lat' dir='ltr'>nichilominus</span> <span class='ocrx_word' id='word_1_164' title='bbox 1057 2840 1171 2902; x_wconf 75' lang='lat' dir='ltr'>umen</span> <span class='ocrx_word' id='word_1_165' title='bbox 1193 2830 1282 2902; x_wconf 88' lang='lat' dir='ltr'>inter</span> <span class='ocrx_word' id='word_1_166' title='bbox 1302 2829 1395 2924; x_wconf 86' lang='lat' dir='ltr'>ipsos</span> <span class='ocrx_word' id='word_1_167' title='bbox 1417 2829 1553 2902; x_wconf 89' lang='lat' dir='ltr'>labores</span> <span class='ocrx_word' id='word_1_168' title='bbox 1575 2839 1609 2902; x_wconf 91' lang='lat' dir='ltr'>et</span> <span class='ocrx_word' id='word_1_169' title='bbox 1630 2829 1785 2902; x_wconf 90' lang='lat' dir='ltr'>nondum</span> <span class='ocrx_word' id='word_1_170' title='bbox 1808 2838 1928 2924; x_wconf 87' lang='lat' dir='ltr'>pacate</span> <span class='ocrx_word' id='word_1_171' title='bbox 1953 2838 2026 2900; x_wconf 88' lang='lat' dir='ltr'>tur-</span> 
     </span>
     <span class='ocr_line' id='line_1_20' title="bbox 625 2951 2028 3050; baseline -0.005 -20"><span class='ocrx_word' id='word_1_172' title='bbox 625 2957 772 3030; x_wconf 88' lang='lat' dir='ltr'>bationis</span> <span class='ocrx_word' id='word_1_173' title='bbox 794 2965 947 3050; x_wconf 89' lang='lat' dir='ltr'>tempore</span> <span class='ocrx_word' id='word_1_174' title='bbox 970 2953 1190 3026; x_wconf 88' lang='lat' dir='ltr'>subventioni</span> <span class='ocrx_word' id='word_1_175' title='bbox 1208 2973 1281 3036; x_wconf 35' lang='lat' dir='ltr'>,oon</span> <span class='ocrx_word' id='word_1_176' title='bbox 1306 2951 1483 3024; x_wconf 89' lang='lat' dir='ltr'>deluimus</span> <span class='ocrx_word' id='word_1_177' title='bbox 1505 2963 1594 3024; x_wconf 82' lang='lat' dir='ltr'>tenc</span> <span class='ocrx_word' id='word_1_178' title='bbox 1623 2962 1758 3042; x_wconf 88' lang='lat' dir='ltr'>sancte,</span> <span class='ocrx_word' id='word_1_179' title='bbox 1794 2951 2028 3046; x_wconf 87' lang='lat' dir='ltr'>premittentes</span> 
     </span>
     <span class='ocr_line' id='line_1_21' title="bbox 626 3073 2027 3175; baseline -0.006 -21"><span class='ocrx_word' id='word_1_180' title='bbox 626 3081 768 3154; x_wconf 87' lang='lat' dir='ltr'>dilectos</span> <span class='ocrx_word' id='word_1_181' title='bbox 785 3078 956 3175; x_wconf 87' lang='lat' dir='ltr'>principes</span> <span class='ocrx_word' id='word_1_182' title='bbox 975 3087 1152 3150; x_wconf 88' lang='lat' dir='ltr'>nostroe...</span> <span class='ocrx_word' id='word_1_183' title='bbox 1174 3074 1301 3148; x_wconf 89' lang='lat' dir='ltr'>ducem</span> <span class='ocrx_word' id='word_1_184' title='bbox 1321 3075 1465 3147; x_wconf 84' lang='lat' dir='ltr'>Bovario</span> <span class='ocrx_word' id='word_1_185' title='bbox 1485 3085 1519 3146; x_wconf 90' lang='lat' dir='ltr'>et</span> <span class='ocrx_word' id='word_1_186' title='bbox 1542 3075 1743 3169; x_wconf 89' lang='lat' dir='ltr'>episcopum</span> <span class='ocrx_word' id='word_1_187' title='bbox 1765 3073 1942 3168; x_wconf 86' lang='lat' dir='ltr'>qnondam</span> <span class='ocrx_word' id='word_1_188' title='bbox 1959 3075 2027 3146; x_wconf 87' lang='lat' dir='ltr'>Pa-</span> 
     </span>
     <span class='ocr_line' id='line_1_22' title="bbox 627 3197 2028 3294; baseline -0.006 -18"><span class='ocrx_word' id='word_1_189' title='bbox 627 3203 816 3276; x_wconf 88' lang='lat' dir='ltr'>tavieneem</span> <span class='ocrx_word' id='word_1_190' title='bbox 842 3223 883 3273; x_wconf 95' lang='lat' dir='ltr'>ac</span> <span class='ocrx_word' id='word_1_191' title='bbox 909 3200 1025 3294; x_wconf 85' lang='lat' dir='ltr'>plures</span> <span class='ocrx_word' id='word_1_192' title='bbox 1053 3199 1139 3271; x_wconf 90' lang='lat' dir='ltr'>alios</span> <span class='ocrx_word' id='word_1_193' title='bbox 1165 3199 1201 3270; x_wconf 93' lang='lat' dir='ltr'>in</span> <span class='ocrx_word' id='word_1_194' title='bbox 1231 3197 1403 3270; x_wconf 87' lang='lat' dir='ltr'>auxilium</span> <span class='ocrx_word' id='word_1_195' title='bbox 1427 3197 1592 3270; x_wconf 86' lang='lat' dir='ltr'>Damiate.</span> <span class='ocrx_word' id='word_1_196' title='bbox 1619 3197 1765 3270; x_wconf 87' lang='lat' dir='ltr'>Nuntios</span> <span class='ocrx_word' id='word_1_197' title='bbox 1787 3217 1871 3270; x_wconf 91' lang='lat' dir='ltr'>vero</span> <span class='ocrx_word' id='word_1_198' title='bbox 1899 3197 2028 3268; x_wconf 89' lang='lat' dir='ltr'>nuntiis</span> 
     </span>
     <span class='ocr_line' id='line_1_23' title="bbox 628 3319 2029 3418; baseline -0.004 -22"><span class='ocrx_word' id='word_1_199' title='bbox 628 3326 822 3418; x_wconf 81' lang='lat' dir='ltr'>frequenter</span> <span class='ocrx_word' id='word_1_200' title='bbox 846 3331 881 3395; x_wconf 90' lang='lat' dir='ltr'>et</span> <span class='ocrx_word' id='word_1_201' title='bbox 902 3323 1030 3394; x_wconf 88' lang='lat' dir='ltr'>litteras</span> <span class='ocrx_word' id='word_1_202' title='bbox 1052 3322 1173 3393; x_wconf 89' lang='lat' dir='ltr'>litteris</span> <span class='ocrx_word' id='word_1_203' title='bbox 1191 3321 1308 3416; x_wconf 88' lang='lat' dir='ltr'>sepius</span> <span class='ocrx_word' id='word_1_204' title='bbox 1333 3319 1601 3410; x_wconf 87' lang='lat' dir='ltr'>inculcavimus,</span> <span class='ocrx_word' id='word_1_205' title='bbox 1623 3328 1781 3412; x_wconf 88' lang='lat' dir='ltr'>rogantes</span> <span class='ocrx_word' id='word_1_206' title='bbox 1800 3329 1835 3390; x_wconf 88' lang='lat' dir='ltr'>et</span> <span class='ocrx_word' id='word_1_207' title='bbox 1853 3327 2029 3391; x_wconf 89' lang='lat' dir='ltr'>monentes</span> 
     </span>
     <span class='ocr_line' id='line_1_24' title="bbox 629 3440 2028 3520; baseline -0.006 -2"><span class='ocrx_word' id='word_1_208' title='bbox 629 3455 737 3520; x_wconf 92' lang='lat' dir='ltr'>totum</span> <span class='ocrx_word' id='word_1_209' title='bbox 760 3445 950 3518; x_wconf 81' lang='lat' dir='ltr'>exercitum</span> <span class='ocrx_word' id='word_1_210' title='bbox 975 3443 1199 3516; x_wconf 89' lang='lat' dir='ltr'>christianum</span> <span class='ocrx_word' id='word_1_211' title='bbox 1223 3453 1262 3514; x_wconf 90' lang='lat' dir='ltr'>ut</span> <span class='ocrx_word' id='word_1_212' title='bbox 1282 3443 1440 3514; x_wconf 90' lang='lat' dir='ltr'>navalem</span> <span class='ocrx_word' id='word_1_213' title='bbox 1458 3443 1602 3515; x_wconf 86' lang='lat' dir='ltr'>classem</span> <span class='ocrx_word' id='word_1_214' title='bbox 1624 3451 1775 3514; x_wconf 79' lang='lat' dir='ltr'>nosuam</span> <span class='ocrx_word' id='word_1_215' title='bbox 1795 3451 1829 3513; x_wconf 92' lang='lat' dir='ltr'>et</span> <span class='ocrx_word' id='word_1_216' title='bbox 1845 3440 2028 3513; x_wconf 79' lang='lat' dir='ltr'>exfortium</span> 
     </span>
     <span class='ocr_line' id='line_1_25' title="bbox 629 3565 2029 3664; baseline -0.006 -21"><span class='ocrx_word' id='word_1_217' title='bbox 629 3579 851 3664; x_wconf 83' lang='lat' dir='ltr'>expectantes</span> <span class='ocrx_word' id='word_1_218' title='bbox 868 3586 1087 3660; x_wconf 85' lang='lat' dir='ltr'>nequaquam</span> <span class='ocrx_word' id='word_1_219' title='bbox 1105 3587 1144 3638; x_wconf 90' lang='lat' dir='ltr'>se</span> <span class='ocrx_word' id='word_1_220' title='bbox 1161 3565 1289 3661; x_wconf 91' lang='lat' dir='ltr'>ipsosa</span> <span class='ocrx_word' id='word_1_221' title='bbox 1309 3565 1464 3638; x_wconf 87' lang='lat' dir='ltr'>Damiate</span> <span class='ocrx_word' id='word_1_222' title='bbox 1479 3575 1680 3654; x_wconf 82' lang='lat' dir='ltr'>moverent,</span> <span class='ocrx_word' id='word_1_223' title='bbox 1695 3585 1757 3659; x_wconf 94' lang='lat' dir='ltr'>pro</span> <span class='ocrx_word' id='word_1_224' title='bbox 1775 3575 1867 3636; x_wconf 89' lang='lat' dir='ltr'>certo</span> <span class='ocrx_word' id='word_1_225' title='bbox 1882 3572 2029 3635; x_wconf 85' lang='lat' dir='ltr'>nosuam</span> 
     </span>
     <span class='ocr_line' id='line_1_26' title="bbox 629 3686 2031 3792; baseline -0.007 -26"><span class='ocrx_word' id='word_1_226' title='bbox 629 3695 836 3792; x_wconf 88' lang='lat' dir='ltr'>presentiam</span> <span class='ocrx_word' id='word_1_227' title='bbox 858 3711 897 3764; x_wconf 89' lang='lat' dir='ltr'>se</span> <span class='ocrx_word' id='word_1_228' title='bbox 918 3691 1075 3762; x_wconf 92' lang='lat' dir='ltr'>cominus</span> <span class='ocrx_word' id='word_1_229' title='bbox 1098 3688 1296 3780; x_wconf 85' lang='lat' dir='ltr'>babituroe;</span> <span class='ocrx_word' id='word_1_230' title='bbox 1324 3687 1387 3761; x_wconf 87' lang='lat' dir='ltr'>sed</span> <span class='ocrx_word' id='word_1_231' title='bbox 1409 3689 1533 3760; x_wconf 85' lang='lat' dir='ltr'>nostris</span> <span class='ocrx_word' id='word_1_232' title='bbox 1557 3689 1716 3784; x_wconf 87' lang='lat' dir='ltr'>precibus</span> <span class='ocrx_word' id='word_1_233' title='bbox 1737 3696 1772 3759; x_wconf 91' lang='lat' dir='ltr'>et</span> <span class='ocrx_word' id='word_1_234' title='bbox 1796 3686 1934 3759; x_wconf 89' lang='lat' dir='ltr'>monitis</span> <span class='ocrx_word' id='word_1_235' title='bbox 1959 3706 2031 3780; x_wconf 85' lang='lat' dir='ltr'>pra-</span> 
     </span>
     <span class='ocr_line' id='line_1_27' title="bbox 630 3811 2030 3907; baseline -0.007 -17"><span class='ocrx_word' id='word_1_236' title='bbox 630 3817 813 3906; x_wconf 89' lang='lat' dir='ltr'>termissis,</span> <span class='ocrx_word' id='word_1_237' title='bbox 835 3814 968 3907; x_wconf 88' lang='lat' dir='ltr'>absque</span> <span class='ocrx_word' id='word_1_238' title='bbox 988 3811 1130 3884; x_wconf 89' lang='lat' dir='ltr'>consilio</span> <span class='ocrx_word' id='word_1_239' title='bbox 1147 3811 1300 3884; x_wconf 89' lang='lat' dir='ltr'>virorum</span> <span class='ocrx_word' id='word_1_240' title='bbox 1318 3813 1485 3884; x_wconf 90' lang='lat' dir='ltr'>nobilium</span> <span class='ocrx_word' id='word_1_241' title='bbox 1503 3820 1538 3884; x_wconf 90' lang='lat' dir='ltr'>ct</span> <span class='ocrx_word' id='word_1_242' title='bbox 1553 3811 1793 3906; x_wconf 76' lang='lat' dir='ltr'>prurientium,</span> <span class='ocrx_word' id='word_1_243' title='bbox 1813 3831 1883 3882; x_wconf 93' lang='lat' dir='ltr'>non</span> <span class='ocrx_word' id='word_1_244' title='bbox 1906 3829 2030 3904; x_wconf 81' lang='lat' dir='ltr'>expcc</span> 
     </span>
     <span class='ocr_line' id='line_1_28' title="bbox 629 3931 2030 4029; baseline -0.01 -15"><span class='ocrx_word' id='word_1_245' title='bbox 629 3953 698 4014; x_wconf 89' lang='lat' dir='ltr'>tato</span> <span class='ocrx_word' id='word_1_246' title='bbox 712 3938 896 4014; x_wconf 88' lang='lat' dir='ltr'>laudabilis</span> <span class='ocrx_word' id='word_1_247' title='bbox 913 3945 1028 4009; x_wconf 88' lang='lat' dir='ltr'>nostre</span> <span class='ocrx_word' id='word_1_248' title='bbox 1046 3935 1166 4008; x_wconf 88' lang='lat' dir='ltr'>classis</span> <span class='ocrx_word' id='word_1_249' title='bbox 1181 3932 1359 4024; x_wconf 87' lang='lat' dir='ltr'>subsidio,</span> <span class='ocrx_word' id='word_1_250' title='bbox 1385 3935 1523 4006; x_wconf 86' lang='lat' dir='ltr'>incante</span> <span class='ocrx_word' id='word_1_251' title='bbox 1542 3932 1668 4006; x_wconf 90' lang='lat' dir='ltr'>ductus</span> <span class='ocrx_word' id='word_1_252' title='bbox 1688 3935 1838 4029; x_wconf 92' lang='lat' dir='ltr'>populus</span> <span class='ocrx_word' id='word_1_253' title='bbox 1856 3931 1978 4004; x_wconf 87' lang='lat' dir='ltr'>incidit</span> <span class='ocrx_word' id='word_1_254' title='bbox 1995 3931 2030 4001; x_wconf 89' lang='lat' dir='ltr'>in</span> 
     </span>
     <span class='ocr_line' id='line_1_29' title="bbox 630 4053 2031 4154; baseline -0.009 -18"><span class='ocrx_word' id='word_1_255' title='bbox 630 4067 762 4154; x_wconf 90' lang='lat' dir='ltr'>lacum,</span> <span class='ocrx_word' id='word_1_256' title='bbox 802 4065 907 4134; x_wconf 92' lang='lat' dir='ltr'>immo</span> <span class='ocrx_word' id='word_1_257' title='bbox 944 4062 1127 4154; x_wconf 89' lang='lat' dir='ltr'>laqueum,</span> <span class='ocrx_word' id='word_1_258' title='bbox 1161 4059 1406 4154; x_wconf 71' lang='lat' dir='ltr'>improvisum</span> <span class='ocrx_word' id='word_1_259' title='bbox 1449 4059 1550 4148; x_wconf 86' lang='lat' dir='ltr'>cujus</span> <span class='ocrx_word' id='word_1_260' title='bbox 1584 4056 1750 4151; x_wconf 90' lang='lat' dir='ltr'>inopinati</span> <span class='ocrx_word' id='word_1_261' title='bbox 1780 4077 1883 4127; x_wconf 87' lang='lat' dir='ltr'>casus</span> <span class='ocrx_word' id='word_1_262' title='bbox 1914 4053 2031 4126; x_wconf 90' lang='lat' dir='ltr'>incerti</span> 
     </span>
     <span class='ocr_line' id='line_1_30' title="bbox 632 4175 2032 4278; baseline -0.008 -20"><span class='ocrx_word' id='word_1_263' title='bbox 632 4189 830 4260; x_wconf 85' lang='lat' dir='ltr'>Anselmum</span> <span class='ocrx_word' id='word_1_264' title='bbox 850 4185 894 4258; x_wconf 89' lang='lat' dir='ltr'>de</span> <span class='ocrx_word' id='word_1_265' title='bbox 914 4185 1092 4277; x_wconf 78' lang='lat' dir='ltr'>Jusuugen</span> <span class='ocrx_word' id='word_1_266' title='bbox 1114 4182 1181 4278; x_wconf 76' lang='lat' dir='ltr'>(a),</span> <span class='ocrx_word' id='word_1_267' title='bbox 1206 4189 1289 4252; x_wconf 92' lang='lat' dir='ltr'>tunc</span> <span class='ocrx_word' id='word_1_268' title='bbox 1305 4179 1466 4274; x_wconf 88' lang='lat' dir='ltr'>temporis</span> <span class='ocrx_word' id='word_1_269' title='bbox 1489 4179 1753 4269; x_wconf 84' lang='lat' dir='ltr'>marescalcum,</span> <span class='ocrx_word' id='word_1_270' title='bbox 1777 4198 1857 4249; x_wconf 92' lang='lat' dir='ltr'>com</span> <span class='ocrx_word' id='word_1_271' title='bbox 1877 4175 2032 4249; x_wconf 86' lang='lat' dir='ltr'>subsidio</span> 
     </span>
     <span class='ocr_line' id='line_1_31' title="bbox 632 4298 2032 4394; baseline -0.008 -12"><span class='ocrx_word' id='word_1_272' title='bbox 632 4310 778 4382; x_wconf 91' lang='lat' dir='ltr'>militum</span> <span class='ocrx_word' id='word_1_273' title='bbox 808 4319 843 4380; x_wconf 86' lang='lat' dir='ltr'>et</span> <span class='ocrx_word' id='word_1_274' title='bbox 870 4306 1070 4379; x_wconf 85' lang='lat' dir='ltr'>victualium</span> <span class='ocrx_word' id='word_1_275' title='bbox 1100 4301 1330 4378; x_wconf 88' lang='lat' dir='ltr'>subventione</span> <span class='ocrx_word' id='word_1_276' title='bbox 1356 4301 1627 4391; x_wconf 83' lang='lat' dir='ltr'>transmisimus,</span> <span class='ocrx_word' id='word_1_277' title='bbox 1654 4322 1675 4374; x_wconf 91' lang='lat' dir='ltr'>e</span> <span class='ocrx_word' id='word_1_278' title='bbox 1703 4299 1848 4394; x_wconf 86' lang='lat' dir='ltr'>vestigio</span> <span class='ocrx_word' id='word_1_279' title='bbox 1875 4298 2032 4371; x_wconf 86' lang='lat' dir='ltr'>comitem</span> 
     </span>
    </p>
   </div>
   <div class='ocr_carea' id='block_1_3' title="bbox 637 4568 2032 4762">
    <p class='ocr_par' dir='ltr' id='par_1_3' title="bbox 637 4568 2032 4762">
     <span class='ocr_line' id='line_1_32' title="bbox 674 4568 2032 4659; baseline -0.007 -20"><span class='ocrx_word' id='word_1_280' title='bbox 674 4576 712 4659; x_wconf 85' lang='lat' dir='ltr'>(a)</span> <span class='ocrx_word' id='word_1_281' title='bbox 728 4579 776 4640; x_wconf 87' lang='lat' dir='ltr'>Sic</span> <span class='ocrx_word' id='word_1_282' title='bbox 791 4579 898 4656; x_wconf 86' lang='lat' dir='ltr'>corrigi</span> <span class='ocrx_word' id='word_1_283' title='bbox 915 4576 1019 4650; x_wconf 83' lang='lat' dir='ltr'>debet,</span> <span class='ocrx_word' id='word_1_284' title='bbox 1034 4592 1103 4638; x_wconf 92' lang='lat' dir='ltr'>cum</span> <span class='ocrx_word' id='word_1_285' title='bbox 1121 4577 1235 4654; x_wconf 86' lang='lat' dir='ltr'>legatur</span> <span class='ocrx_word' id='word_1_286' title='bbox 1252 4575 1283 4636; x_wconf 93' lang='lat' dir='ltr'>ln</span> <span class='ocrx_word' id='word_1_287' title='bbox 1302 4573 1451 4646; x_wconf 75' lang='lat' dir='ltr'>Mar-tane,</span> <span class='ocrx_word' id='word_1_288' title='bbox 1471 4570 1652 4634; x_wconf 79' lang='lat' dir='ltr'>Arucllinurn</span> <span class='ocrx_word' id='word_1_289' title='bbox 1667 4569 1702 4632; x_wconf 79' lang='lat' dir='ltr'>da</span> <span class='ocrx_word' id='word_1_290' title='bbox 1720 4571 1852 4644; x_wconf 72' lang='lat' dir='ltr'>Vitiatio,</span> <span class='ocrx_word' id='word_1_291' title='bbox 1867 4576 1898 4630; x_wconf 88' lang='lat' dir='ltr'>ct</span> <span class='ocrx_word' id='word_1_292' title='bbox 1912 4572 1943 4630; x_wconf 92' lang='lat' dir='ltr'>ln</span> <span class='ocrx_word' id='word_1_293' title='bbox 1961 4568 2032 4632; x_wconf 69' lang='lat' dir='ltr'>sod.</span> 
     </span>
     <span class='ocr_line' id='line_1_33' title="bbox 637 4675 2032 4762; baseline -0.006 -15"><span class='ocrx_word' id='word_1_294' title='bbox 637 4679 941 4759; x_wconf 52' lang='lat' dir='ltr'>etmalarclr‘nurndc</span> <span class='ocrx_word' id='word_1_295' title='bbox 960 4683 1162 4762; x_wconf 63' lang='lat' dir='ltr'>varunnam</span> <span class='ocrx_word' id='word_1_296' title='bbox 1177 4681 1438 4742; x_wconf 84' lang='lat' dir='ltr'>Tommaslautcm</span> <span class='ocrx_word' id='word_1_297' title='bbox 1451 4675 1804 4758; x_wconf 65' lang='lat' dir='ltr'>enumeretur.</span> <span class='ocrx_word' id='word_1_298' title='bbox 2025 4677 2032 4690; x_wconf 87' lang='grc'><em>“</em></span> 
     </span>
    </p>
   </div>
   <div class='ocr_carea' id='block_1_4' title="bbox 0 0 2338 6084">
    <p class='ocr_par' dir='ltr' id='par_1_4' title="bbox 0 0 2338 6084">
     <span class='ocr_line' id='line_1_34' title="bbox 0 0 2338 6084; baseline 0 0"><span class='ocrx_word' id='word_1_299' title='bbox 0 0 2338 6084; x_wconf 95' lang='lat' dir='ltr'> </span> 
     </span>
    </p>
   </div>
  </div>
 </body>
</html>
