4658 6132
662 633 724 696 m
1163 633 1375 696 Flllllsslllcl
1399 633 1573 696 SECUNDI
1882 637 1965 720 [tn.
1984 639 2069 701 lm

662 777 783 866 spectu
800 767 862 842 Dei
879 775 914 842 et
928 767 1108 842 hominum
1123 771 1277 866 prelatus
1294 771 1403 846 abbas
1416 779 1451 843 et
1463 771 1585 854 ‚iratres
1600 771 1655 844 sui
1675 771 1711 843 in
1726 770 1881 868 predicto
1898 785 2068 850 monuse-

661 892 715 966 rio
736 890 878 968 domino
902 893 1086 966 militantes
1105 915 1145 966 se
1170 893 1316 970 reddero
1336 903 1498 990 satagunt
1518 915 1588 968 non
1612 895 1780 992 ingratos,
1803 898 2069 996 supplicationes

661 1037 745 1090 snas
762 1017 945 1090 clementer
962 1016 1176 1092 admittimus
1195 1027 1235 1092 ut
1249 1027 1365 1092 nostm
1382 1017 1491 1114 gratie
1493 1071 1866 1094 ..........
1893 1021 2065 1114 videatur,

660 1149 696 1214 et
717 1141 763 1214 ob
788 1141 1015 1214 reverentiam
1030 1142 1228 1216 beatissime
1246 1142 1399 1238 Virginis
1415 1141 1534 1214 mauis
1551 1141 1675 1214 Christi
1691 1141 1729 1214 in
1746 1143 1847 1237 cnjus
1867 1144 2001 1219 honore
2019 1145 2070 1240 ip-

661 1287 739 1338 sum
765 1265 1010 1338 monasterinm
1035 1275 1087 1339 est
1109 1265 1311 1360 tundalum,
1335 1287 1400 1362 pro
1421 1267 1533 1340 salute
1556 1287 1697 1362 qnoque
1720 1275 1836 1342 nostra
1858 1277 1894 1340 ot
1916 1268 2069 1344 remedio

661 1389 855 1462 animamm
874 1387 1156 1485 predecessorum
1187 1390 1349 1466 divorum
1370 1397 1562 1464 nostmrum
1586 1399 1768 1488 parentum
1788 1392 1954 1466 memorie
1976 1413 2068 1466 reeo-

659 1513 776 1604 lsnde,
788 1513 1023 1610 supradictam
1035 1515 1215 1588 ecclesiam
1230 1515 1344 1588 Sancti
1358 1513 1522 1588 lobannis
1536 1513 1582 1588 de
1593 1513 1746 1610 Aquaria
1763 1513 1944 1588 aedictum
1960 1515 2069 1588 casale

655 1639 757 1732 juxta
786 1637 965 1710 ecclesiam
988 1637 1098 1732 ipsam
1125 1639 1278 1712 existens
1303 1661 1383 1712 cum
1408 1638 1571 1712 omnibus
1601 1637 1800 1711 bominibus
1823 1637 2067 1734 undecumque

659 1761 875 1856 congregatis
886 1770 920 1834 et
933 1762 1187 1856 congregandis
1199 1761 1330 1836 ibidem
1345 1763 1596 1857 cujuscumque
1607 1760 1813 1836 conditionis
1817 1815 2063 1837 .......

662 1937 835 1957 .....
862 1893 897 1957 et
911 1885 1092 1958 universas
1110 1886 1360 1982 possessiones,
1377 1885 1593 1978 molendina,
1616 1885 1821 1978 valeatoria,
1834 1885 1932 1979 jura,
1953 1883 2067 1960 raddi-

659 2019 736 2098 tus,
757 2007 975 2100 lranchisias,
995 2009 1170 2082 libertates
1184 2019 1219 2082 et
1232 2011 1456 2107 pertinentias
1472 2011 1643 2096 dictorum
1659 2009 1819 2102 ecclesie,
1838 2009 2020 2082 hominum
2036 2017 2067 2081 et

661 2133 801 2224 casalis,
823 2140 924 2226 prout
947 2132 983 2204 in
1004 2132 1238 2208 instrumentis
1252 2135 1400 2231 publicis
1417 2134 1531 2209 cidem
1555 2133 1761 2207 monasterio
1778 2155 1799 2205 a
1817 2133 1984 2230 predictis
1995 2133 2067 2206 Ric-

663 2256 782 2348 cardo,
796 2256 938 2328 Sebaste
952 2255 1028 2348 ejus
1038 2277 1161 2348 uxore,
1172 2259 1317 2354 Rogerio
1328 2267 1362 2332 et
1371 2259 1517 2332 lloberto
1526 2279 1646 2332 eornm
1656 2255 1736 2329 liliis
1749 2257 1914 2330 conlectis
1924 2255 2064 2348 exinde,

662 2401 733 2476 qne
748 2388 828 2452 ante
844 2389 1066 2475 conspectum
1080 2381 1186 2454 nostri
1199 2383 1359 2455 culminis
1377 2390 1616 2479 presentarunt
1630 2390 1665 2454 et
1681 2401 1722 2454 ea
1736 2380 1888 2454 seriatim
1904 2381 1974 2478 legi
1990 2381 2067 2454 leci·

662 2528 742 2580 mus
757 2526 871 2578 coram
889 2504 1007 2596 nobis,
1027 2505 1179 2602 apertius
1201 2503 1406 2598 declaratur,
1428 2505 1473 2579 de
1487 2515 1603 2578 nostra
1625 2503 1765 2602 speciali
1787 2505 1897 2600 gratia
1915 2504 1962 2580 de
1980 2525 2065 2578 novo

663 2629 729 2726 ipsi
739 2628 946 2702 monasterio
949 2681 1322 2702 ..........
1349 2627 2065 2722 libereetabsolnteabsqneomniservilio

663 2762 699 2826 el
710 2751 882 2845 adjutorio
899 2751 1070 2848 personali
1086 2752 1168 2846 [vel]
1184 2752 1268 2826 reali
1284 2774 1330 2826 ex
1351 2754 1456 2826 rebus
1472 2751 1705 2850 predictarum
1729 2773 1954 2848 personarum
1975 2751 2066 2825 curie

663 2885 778 2948 nostre
800 2875 856 2948 vel
881 2873 1055 2969 aliquibus
1076 2873 1238 2948 fidelibus
1256 2877 1382 2950 nostris
1401 2877 1535 2970 debito,
1560 2899 1630 2951 non
1653 2875 1809 2950 obstante
1828 2877 2065 2948 constitutione

662 3001 795 3095 aliqna;
816 3009 851 3071 et
870 2999 1038 3094 imperiali
1057 2999 1268 3091 benignitate
1271 3053 1643 3074 ..........
1673 3009 1711 3072 nt
1729 3001 1842 3073 casale
1862 2999 1960 3094 qnod
1981 2998 2063 3074 dici·

662 3135 719 3198 tur
733 3123 931 3198 Fontanelle
954 3144 1017 3196 sen
1036 3133 1153 3196 sancta
1170 3124 1275 3198 illaria
1291 3122 1336 3197 de
1349 3124 1524 3220 Proposito
1544 3123 1777 3220 propinquum
1798 3123 1959 3220 hospitali
1977 3124 2064 3217 ejus-

663 3249 743 3324 dem
758 3247 952 3320 monasterii
970 3248 1007 3320 in
1021 3248 1111 3344 pede
1126 3249 1251 3321 montis
1268 3249 1373 3321 sitnm
1394 3249 1430 3321 in
1444 3249 1582 3344 proprio
1599 3249 1784 3322 tenimento
1798 3247 1908 3344 ipsius
1922 3269 2063 3320 mones-

662 3373 758 3470 terii,
772 3371 854 3443 olim
866 3371 1066 3444 translatum
1080 3371 1210 3444 ibidem
1230 3393 1250 3444 a
1267 3361 1342 3444 loco
1346 3423 1716 3446 ..........
1744 3371 1850 3444 libere
1863 3371 1918 3443 vel
1932 3369 2062 3443 servilis

662 3496 908 3590 undecumque
927 3495 1143 3590 congregatis
1162 3495 1219 3567 vel
1237 3495 1489 3590 congregandis
1503 3493 1653 3588 ibidem,
1672 3494 1966 3592 possessionibus,
1978 3493 2063 3589 juri·

661 3621 748 3711 bns,
768 3617 984 3690 libertatibus
1000 3626 1035 3690 et
1049 3618 1261 3712 pertinentiis
1278 3619 1363 3713 suis,
1381 3641 1570 3716 omnesque
1585 3619 1672 3692 alias
1687 3617 1939 3706 concessiones,
1953 3618 2063 3692 datio-

660 3765 735 3833 nes,
750 3721 940 3814 oblationes
951 3750 986 3814 el
1000 3740 1215 3814 donationes.
1246 3796 1255 3814 .
1287 3797 1295 3814 .
1326 3723 1360 3812 .’
1365 3795 1577 3816 ......
1605 3743 1859 3838 possessionum
1876 3739 2062 3814 feudalium

658 3875 694 3940 et
715 3864 973 3960 burgeusalinm
991 3885 1033 3937 ac
1055 3864 1256 3938 reddituum
1278 3863 1433 3958 ejusdem
1459 3865 1581 3938 casalis
1603 3866 1709 3938 lactas
1730 3865 1797 3962 ipsi
1821 3865 2062 3956 monasterias

612 3976 614 3987 ἱ
659 3989 836 4088 quondam
860 3989 1049 4062 baronibus
1063 3990 1165 4062 castri
1186 3990 1384 4063 Submontis
1403 3989 1549 4086 aliisque
1552 4041 1925 4064 ..........
1953 3989 2063 4062 eccle-

659 4115 746 4190 siam
765 4113 874 4188 sancti
890 4113 1043 4186 Honolrii
1063 4121 1098 4186 el
1118 4113 1232 4186 casale
1251 4113 1348 4208 quod
1368 4113 1494 4186 dicitnr
1510 4113 1556 4188 de
1576 4114 1689 4186 Massa
1707 4112 1915 4210 inpartibus
1937 4111 2062 4185 Princi-

659 4247 761 4336 pntus
774 4259 878 4333 qnam
893 4245 929 4309 et
942 4235 1039 4330 quod
1053 4235 1220 4330 Rogerius
1234 4233 1315 4308 olim
1330 4255 1446 4307 eomes
1459 4235 1601 4309 Lariani
1618 4235 1743 4310 obtulit
1758 4235 1824 4332 ipsi
1841 4235 2058 4322 monasterio,

658 4361 813 4453 donavit,
826 4359 1010 4433 tradiditet
1022 4357 1189 4432 concessit
1202 4380 1282 4431 cum
1296 4352 1458 4431 omnibus
1471 4357 1682 4450 hominibus,
1693 4359 1980 4454 possessionibus.
2011 4411 2020 4430 .
2050 4409 2058 4427 .

662 4536 874 4560 ......
901 4503 966 4557 neo
983 4503 1053 4555 non
1071 4491 1106 4555 et
1122 4491 1231 4556 totum
1243 4482 1468 4556 tenimentum
1481 4481 1578 4578 quod
1593 4483 1731 4556 Galatea
1744 4461 1789 4558 de
1803 4481 1941 4574 castello
1953 4477 2059 4554 sancti

658 4609 775 4703 Magni
794 4606 865 4680 filia
883 4605 1060 4702 qnondam
1080 4606 1234 4701 Jaqninti
1252 4629 1332 4678 cnm
1345 4607 1500 4679 Durante
1515 4605 1591 4680 vim
1607 4627 1671 4680 sno
1692 4605 1760 4702 ipsi
1777 4603 1983 4678 monasterio
1999 4601 2059 4676 ob

660 4731 739 4805 tulit
752 4741 787 4806 et
802 4729 964 4822 donavit3
985 4719 1140 4803 similiter
1156 4729 1393 4804 molendinum
1406 4751 1515 4803 unum
1532 4729 1750 4804 intentato
1764 4728 1886 4802 casalis
1888 4777 2057 4804 .....
