4602 6084
587 633 630 694 30
1089 637 1299 701 Fuibtnici
1323 641 1496 702 securint
1803 640 1881 725 [Anu.
1900 644 1986 706 1227.

587 767 743 862 exegerit
764 769 906 862 gravius
935 771 1140 864 processuri.
1170 772 1380 846 Confidimus
1405 784 1518 847 tamen
1536 773 1653 847 adhuc
1676 775 1712 846 in
1737 777 1914 850 clementia
1938 779 1986 874 pii

588 891 696 964 Patris
718 891 778 984 qui
802 893 973 966 neminem
1001 895 1077 966 vult
1100 896 1211 990 perire
1234 897 1328 990 quod
1350 901 1425 992 eius
1450 899 1573 970 mentis
1597 900 1689 970 oculi
1713 900 1897 994 caligantes
1920 902 1987 974 hoc

585 1015 817 1088 ecclesiastico
832 1016 976 1090 delibuti
994 1018 1152 1114 collyrio,
1173 1021 1286 1092 sinon
1303 1021 1404 1094 luent
1418 1021 1558 1094 omnino
1574 1021 1727 1110 rebellis,
1744 1022 1875 1096 lumine
1890 1035 1986 1119 pote-

585 1149 667 1210 runt
681 1139 854 1230 illustrari,
872 1149 911 1212 ut
926 1163 1025 1212 suam
1043 1143 1211 1237 aspiciant
1228 1143 1418 1216 nuditatem
1432 1153 1467 1216 et
1483 1144 1707 1238 ignominiam
1721 1167 1824 1239 quam
1844 1146 1989 1218 incurrit

584 1261 783 1353 advertani;
809 1263 928 1356 sicque
953 1274 1103 1336 recurrat
1120 1265 1166 1338 ad
1185 1266 1359 1338 medicum
1384 1275 1418 1338 et
1437 1266 1484 1340 ad
1501 1275 1642 1340 matrem
1659 1267 1848 1340 Ecclesiam
1866 1290 1986 1341 rever-

584 1394 675 1456 tatur
709 1407 772 1480 por
804 1386 1030 1460 humilitatem
1064 1387 1216 1460 debitam
1253 1397 1288 1460 et
1321 1389 1585 1462 satisfactionem
1616 1411 1822 1482 congruam,
1864 1392 1984 1462 salutis

583 1508 736 1580 remedia
759 1519 970 1603 recepturus.
983 1511 1067 1582 ·Ncs
1097 1510 1189 1582 onim
1210 1513 1286 1604 ejus
1303 1513 1448 1584 salutern
1470 1513 1506 1584 in
1525 1513 1688 1604 Domino,
1715 1533 1784 1584 non
1809 1513 1982 1586 interitum

581 1631 782 1704 affectamus
810 1654 914 1726 quem
943 1633 989 1704 ab
1015 1634 1096 1705 olim
1125 1633 1258 1706 sincere
1281 1633 1484 1726 dileximus,
1517 1635 1552 1705 in
1579 1635 1702 1708 minori
1734 1628 1837 1707 etiam
1871 1636 1983 1709 cilicio

580 1755 768 1827 constituti.
2002 1843 2005 1848 ¹

632 1881 756 1950 Datum
769 1877 943 1972 Anagnis,
958 1887 1057 1952 sexto
1067 1879 1147 1952 idus
1157 1879 1323 1970 octobris,
1338 1879 1556 1975 pontificatus
1570 1879 1674 1952 nostri
1689 1901 1780 1952 anno
1791 1879 1902 1975 primo
1915 1879 1979 1975 (i).

442 2452 516 2504 ψ’»
635 2439 864 2544 fridericuS,
882 2438 1140 2522 Romanorum
1153 2437 1375 2544 imperator,
1400 2436 1573 2546 potestati
1591 2445 1629 2518 et
1646 2436 1838 2518 communi
1856 2435 1982 2517 Pisto-

585 2573 699 2656 riensi
726 2574 884 2655 mandat
910 2582 954 2652 ut
980 2595 1069 2652 cum
1092 2570 1130 2650 in
1153 2569 1251 2651 valle
1280 2569 1429 2650 hmanas
1456 2579 1494 2649 ct
1519 2569 1559 2648 in
1587 2567 1685 2649 valle
1713 2567 1805 2648 Arni
1833 2565 1981 2650 violen—

582 2708 655 2788 tias
675 2715 713 2788 et
731 2704 951 2816 gravamina
974 2701 1187 2806 intulerint,
1209 2701 1258 2782 ad
1279 2699 1560 2809 inquisitionem
1579 2697 1757 2780 Everardi
1777 2697 1978 2780 Castellani

582 2839 710 2922 Sancti
731 2837 914 2941 lliniatis,
944 2836 1035 2917 dent
1062 2833 1353 2916 satisfactionem
1385 2833 1434 2914 de
1455 2830 1605 2912 damnis
1633 2840 1671 2912 et
1696 2829 1862 2938 captivos
1890 2853 1978 2909 res-

580 2972 731 3054 tituant.

662 3185 794 3260 (Edlder.
816 3199 885 3244 cum
902 3184 979 3243 notis
995 3181 1206 3259 chronologicis
1222 3179 1347 3240 dlvemls
1363 3177 1538 3249 Zaoninu,
1553 3171 1688 3235 Accedet.
1708 3169 1797 3232 audit
1815 3171 1881 3230 aeci
1897 3165 1974 3234 coll..

698 3311 729 3371 p.
748 3301 802 3366 ta,
817 3291 856 3353 nri
867 3307 937 3352 aun.
955 3298 1048 3362 1²²8,
1064 3305 1102 3349 cx
1115 3287 1182 3348 libr.
1196 3285 1360 3356 Ccnsuum,
1378 3299 1408 3359 p.
1426 3289 1482 3342 tot
1494 3280 1769 3360 tergo.-Cmucr‚
1783 3277 1882 3338 Notis.
1897 3275 1976 3334 tator.

696 3395 792 3478 suppl.
808 3395 842 3456 da
855 3397 941 3463 cicer.
960 3396 1079 3476 imper..
1100 3399 1174 3453 tom.
1191 3391 1236 3464 x,
1250 3407 1282 3468 p.
1299 3397 1354 3464 74,
1374 3405 1411 3449 ex
1429 3387 1547 3461 collem
1569 3391 1604 3446 ut
1621 3385 1740 3457 mserlt,
1763 3381 1858 3456 fonte,
1877 3379 1977 3440 addito

698 3505 804 3564 notarii
817 3502 987 3564 eumenum
1000 3499 1081 3579 quod
1094 3493 1296 3574 exhibemus.)

629 3689 847 3778 Fredericus‚
864 3687 926 3759 Dei
942 3685 1052 3780 gratia
1067 3685 1298 3755 Romanorum
1313 3677 1506 3771 imperator,
1523 3695 1658 3770 semper
1673 3679 1855 3763 augustus,
1874 3669 1976 3740 Jeru-

577 3817 685 3890 salem
705 3823 740 3887 et
761 3811 874 3886 Sicilie
888 3831 971 3898 rex,
990 3805 1148 3904 potestati
1169 3813 1203 3877 et
1221 3801 1394 3875 communi
1414 3797 1608 3871 Pistoriensi
1629 3793 1790 3867 fidelihus
1805 3791 1879 3864 suis
1896 3810 1975 3882 gra-

580 3941 662 4013 tiam
689 3960 788 4012 suam
812 3944 847 4007 et
871 3935 998 4006 bonam
1021 3930 1245 4004 voluntatem.
1271 3923 1442 3997 Intellexit
1466 3921 1630 3994 serenitas
1652 3924 1767 3989 nostra
1793 3911 1896 4009 quod-
1912 3931 1975 3983 vos

579 4085 640 4158 per
663 4059 852 4134 absentiam
876 4055 1042 4130 Everardi
1068 4049 1246 4126 Castellani
1271 4047 1387 4122 Sancti
1409 4044 1559 4116 illinistis
1589 4041 1642 4136 (2)
1668 4039 1713 4112 ad
1735 4059 1798 4110 nos
1819 4033 1973 4109 fidelium

581 4219 1974 4266 *affl-

616 4367 649 4442 (t)
667 4366 776 4440 legitur
788 4379 852 4424 raro
866 4379 910 4437 ap.
925 4362 1001 4420 linit.
1016 4357 1111 4428 Paris,
1130 4355 1179 4414 sed
1192 4353 1320 4413 mendose
1336 4368 1344 4406 a
1366 4351 1438 4410 lton
1452 4347 1597 4415 boemi,
1614 4341 1787 4418 pontificatis
1802 4338 1891 4394 nostri
1903 4349 1975 4392 omo

578 4463 705 4534 muido,
722 4461 864 4520 deliciante
877 4457 977 4515 mensis
992 4461 1065 4512 nota.
1080 4451 1218 4511 Difficilius
1234 4450 1306 4506 enim
1325 4445 1487 4506 cedendum
1503 4449 1546 4500 cst
1562 4455 1647 4514 usque
1661 4439 1689 4494 in
1705 4451 1804 4494 annum
1816 4437 1973 4506 sementem

579 4561 739 4634 Gregorium
750 4556 909 4616 abstimime
922 4553 987 4626 quin
999 4565 1057 4608 rem
1068 4548 1134 4606 tanti
1146 4546 1275 4604 momenti
1286 4545 1319 4602 ad
1333 4542 1479 4616 Anglorum
1492 4538 1614 4598 oolibam
1627 4534 1754 4594 delerrct

616 4659 652 4734 (ἰ)
671 4659 711 4715 bc
725 4656 777 4712 boo
791 4650 938 4710 &statano
955 4647 1011 4706 vid.
1026 4647 1133 4703 docum.
1153 4645 1187 4703 at
1202 4640 1363 4717 septembris
1375 4641 1457 4708 ⁴226,
1470 4666 1506 4680 -
1519 4639 1554 4694 it
1565 4632 1629 4690 maii
1644 4637 1672 4687 at
1687 4633 1720 4686 lc
1730 4626 1798 4700 junii
1814 4628 1882 4682 ⁴229
1896 4627 1976 4676 -at

576 4763 594 4812 a
605 4753 674 4828 junii
687 4755 766 4810 asso.
