4702 6110
380 601 478 664 lsurcr.
494 601 538 680 4.]
828 596 1023 662 HISTORIA
1048 592 1339 660 sustollentes.
1730 589 1792 652 tlt

379 732 512 828 mitem
525 731 574 814 de
589 729 738 822 Nasssu
751 755 866 840 super
878 729 1019 814 foresta
1033 725 1224 814 Richolses
1235 724 1347 834 juxta
1363 721 1621 808 Bleidenstadt
1637 722 1729 827 sita,
1746 749 1793 806 aa

379 863 597 950 conditione
614 871 658 946 ut
672 863 856 946 medietas
871 871 1125 972 proventuum
1140 861 1180 942 in
1193 859 1320 970 ligno,
1340 855 1545 968 glandibus
1562 863 1600 938 et
1615 854 1699 936 aliis
1721 881 1791 938 re-

379 995 454 1082 bus
472 997 523 1079 ad
537 995 716 1082 comitem
731 995 957 1103 llsnricum,
973 995 1184 1105 proprietas
1201 1001 1329 1076 autem
1349 991 1399 1073 ad
1411 988 1648 1100 praedictum
1663 990 1792 1073 eomi-

379 1137 458 1212 tam
471 1126 593 1212 Rheni
606 1136 645 1210 et
657 1128 707 1211 ad
719 1127 900 1212 haeredes
914 1126 999 1238 ejus
1011 1127 1198 1236 pertinere
1215 1123 1363 1208 debeat.

463 1340 638 1424 (Memorat.
661 1358 681 1405 a
701 1343 860 1418 Remu,
874 1343 984 1426 Repert.
1000 1342 1118 1424 aaa„
1129 1357 1162 1420 p.
1177 1347 1252 1414 aas,
1274 1347 1307 1400 n⁰
1321 1345 1392 1412 2²6,
1407 1354 1446 1400 ex
1458 1337 1543 1416 copta
1559 1352 1651 1416 quam
1663 1352 1744 1398 nune
1760 1339 1793 1400 ln

500 1453 640 1528 promptu
652 1447 769 1530 babet.)

428 1632 546 1706 Testes
567 1633 673 1726 hujus
699 1633 750 1706 rei
776 1641 858 1705 sunt
882 1629 1031 1704 Sitridus
1054 1629 1333 1726 archiepiscopus
1355 1629 1598 1722 blaguntinus,
1624 1630 1793 1704 Hauricus

381 1757 642 1830 wormatiensis
671 1757 877 1852 episcopus,
907 1756 1056 1830 Sitridus
1090 1754 1347 1852 Rutisponensis
1381 1755 1582 1850 episcopus,
1616 1754 1793 1829 Corradus

381 1899 497 1954 comes
515 1882 702 1978 sylvester,
722 1882 902 1954 Heinricua
917 1903 1033 1955 eomes
1047 1879 1092 1954 de
1105 1879 1218 1969 Diem,
1236 1879 1447 1951 Wernherua
1461 1878 1506 1952 de
1525 1879 1716 1953 Bolanden.

432 2007 558 2082 Datum
570 2005 665 2102 apud
683 2006 922 2095 Wormatiam‚
939 2026 1031 2079 anno
1047 2004 1184 2078 Domini
1198 2003 1245 2077 Μ.
1260 2001 1322 2076 CC.
1336 2003 1462 2096 XXXI,
1479 2003 1614 2078 decimo
1629 2002 1793 2078 kalendas

382 2129 565 2218 februarii,
582 2129 770 2203 indictione
787 2137 922 2224 quarta.

433 2753 618 2840 Henricus
640 2755 900 2840 Romanorum
923 2779 990 2838 rex
1011 2755 1202 2838 canonicis
1224 2755 1264 2836 in
1284 2753 1533 2842 Denkendorf
1554 2759 1672 2843 donat
1699 2786 1795 2870 per·

380 2899 494 3001 petuo
509 2888 738 2998 possidenda
756 2888 955 2998 praedium
978 2887 1175 2998 quoddam
1198 2887 1314 2972 situm
1335 2889 1375 2971 in
1396 2891 1576 2999 parochia
1593 2893 1796 2979 Rerkbeim

379 3031 417 3106 et
431 3023 618 3132 piscinam
636 3021 676 3102 in
703 3021 911 3129 Neptuno,
935 3046 1034 3132 quae
1056 3022 1322 3106 ministeriales
1350 3025 1410 3108 sui
1437 3024 1581 3109 ibidem
1607 3028 1794 3140 designati

380 3155 452 3240 sibi
466 3155 769 3268 resignaverunt.

459 3315 557 3444 tumn
571 3371 715 3446 Basaro„
729 3371 849 3433 mmm.
863 3366 954 3432 nea.
969 3376 1127 3432 maculer.
1148 3367 1322 3445 wartona,
1336 3377 1361 3434 t.
1374 3372 1406 3447 1,
1421 3389 1452 3451 p.
1469 3373 1553 3452 2⁸5.)

428 3561 609 3636 Heinricus
628 3564 691 3638 Dei
715 3564 826 3660 gratia
848 3565 1081 3638 Romanorum
1107 3585 1171 3637 rex
1191 3572 1227 3639 et
1248 3585 1384 3660 semper
1406 3576 1595 3662 augustus,
1621 3570 1795 3646 universis

380 3685 515 3782 imperii
534 3685 698 3760 fidelibus
720 3688 854 3782 quibus
874 3709 1017 3784 presens
1040 3688 1151 3760 littera
1174 3687 1278 3760 fauerit
1307 3697 1445 3764 ostensa
1466 3692 1613 3786 matiam
1638 3707 1795 3772 suamet

380 3810 646 3884 omnebonum.
665 3811 772 3885 Utad
791 3821 927 3886 nostros
946 3822 1099 3908 posteros
1120 3819 1156 3884 et
1176 3833 1392 3886 successores
1415 3817 1620 3910 perveniant
1643 3817 1795 3896 firmiora

380 3953 422 4008 ea
443 3956 515 4029 que
533 3955 648 4008 coram
668 3935 771 4010 nobis
791 3944 960 4031 aguntur,
980 3935 1154 4010 literarum
1177 3935 1374 4010 testimonio
1400 3939 1696 4016 commendamus.
1720 3945 1793 4018 lle·

380 4056 543 4131 minerint
568 4058 675 4152 igitur
702 4067 876 4156 presentes
905 4068 940 4134 et
966 4060 1075 4134 laturi
1100 4059 1198 4156 quod
1222 4059 1399 4134 constituti
1426 4083 1541 4136 eoram
1568 4065 1670 4138 nobis
1697 4067 1793 4163 apud

378 4181 570 4278 llhelingen
596 4183 835 4258 ministeriales
862 4183 987 4278 nostri,
1012 4181 1175 4258 videlicet
1200 4183 1378 4257 Ortliebus
1402 4187 1607 4280 cognomine
1628 4191 1791 4280 Iuvenis,

379 4302 604 4380 Gotteboldus
617 4315 651 4380 et
665 4307 839 4382 Ortliebas
854 4307 900 4382 de
909 4307 1113 4402 Ebelingan,
1126 4308 1392 4402 resignaverunt
1403 4310 1503 4384 nobis
1512 4313 1671 4406 predium
1680 4313 1793 4409 quod·

382 4427 464 4504 dam
483 4430 588 4503 situm
602 4432 639 4503 in
660 4431 823 4528 parocbia
842 4431 1007 4506 Berckam
1026 4439 1061 4504 et
1075 4431 1242 4528 piscinam
1257 4433 1293 4504 in
1309 4431 1465 4507 becario.
1485 4437 1555 4509 Nos
1574 4459 1659 4512 vero
1672 4439 1793 4516 divino

382 4551 547 4627 instinctu
572 4557 768 4652 compuncti
789 4555 995 4653 premissum
1015 4557 1176 4654 predium
1198 4565 1232 4630 et
1254 4555 1423 4654 piscinam
1438 4558 1645 4636 donavimus
1659 4563 1793 4640 dilectis

382 4677 507 4752 nostris
533 4679 707 4754 canonicis
732 4679 769 4754 in
790 4676 1015 4754 Denkendorl
1035 4680 1071 4752 in
1090 4679 1289 4756 subsidium
1309 4683 1463 4779 ipsorum
1488 4697 1657 4784 perpetuo
1675 4689 1793 4786 possi-

1835 2781 1971 2882 ddab'ut
