4658 6132
1083 625 1296 694 rtlnsslcl
1322 625 1495 690 sectant
1801 629 1881 711 [dn.
1900 631 1987 698 lm

381 1277 559 1392 affl,
638 1270 841 1382 Gregorius
857 1295 957 1380 papa
973 1215 1182 1355 rectoribus
1203 1281 1244 1356 et
1262 1271 1404 1381 populo
1423 1272 1603 1360 Gaietano
1624 1273 1774 1362 diversa
1794 1275 1991 1389 privilegia

582 1403 693 1514 quasi
714 1404 893 1486 dominus
911 1412 1035 1487 terrae
1055 1403 1246 1510 concedit,
1268 1403 1366 1488 inter
1386 1429 1487 1514 quae
1498 1403 1564 1515 jus
1576 1403 1740 1516 eligendi
1761 1417 1987 1520 potestates,

577 1536 643 1648 jus
656 1536 868 1648 galearum,
885 1535 951 1648 jus
966 1545 1155 1646 monetae,
1171 1535 1321 1646 aliaque
1332 1535 1474 1620 ibidem
1492 1561 1683 1647 expressa.

632 1987 836 2082 Gregorius,
859 1996 943 2076 ete,
961 1988 1151 2062 rectoribus
1166 1999 1201 2061 et
1214 1988 1343 2084 populo
1365 1988 1548 2082 Gajetuno,
1571 1997 1637 2061 etc.
1655 1985 1838 2062 Venientes
1857 1991 1905 2066 ad
1926 2011 1989 2068 nos

583 2113 728 2188 dilectos
754 2111 842 2184 lilios
866 2109 1057 2185 Iohannem
1083 2111 1215 2185 dictum
1235 2111 1399 2187 Cabotnm
1418 2121 1453 2185 et
1473 2111 1611 2185 Petrum
1629 2111 1871 2208 Bnlgaminnm
1894 2117 1989 2192 cives

582 2245 618 2310 et
636 2235 777 2308 nuntios
790 2243 923 2307 vestros
940 2233 1035 2308 viros
1048 2233 1212 2330 providos
1227 2245 1262 2308 et
1277 2235 1441 2309 discretos
1458 2233 1610 2330 benigne
1629 2237 1821 2336 recepimus
1837 2249 1872 2312 et
1885 2239 1989 2314 intel-

583 2361 734 2433 leximus
754 2359 948 2453 diligenter.
965 2339 1050 2430 Cum
1073 2369 1189 2432 autern
1205 2359 1251 2432 ad
1266 2379 1329 2433 vos
1350 2359 1440 2432 deut
1453 2369 1551 2456 pater
1568 2359 1614 2434 ad
1629 2359 1720 2434 lilios
1736 2361 1868 2436 sincere
1882 2361 1990 2438 dilec-

583 2483 688 2556 tionis
702 2481 893 2556 habeamus
910 2483 1070 2556 affectum
1087 2501 1129 2556 ac
1143 2505 1204 2580 per
1219 2483 1286 2556 boo
1304 2483 1512 2556 utilitatibus
1525 2483 1649 2557 vestis
1665 2483 1809 2558 libenter
1824 2493 1988 2581 tanquam

583 2607 731 2705 propriis
756 2605 997 2698 intendamus,
1019 2605 1200 2702 petitiones
1214 2615 1346 2683 vestras
1364 2607 1401 2678 in
1420 2607 1698 2703 quibuscumque
1716 2629 1796 2684 eom
1813 2609 1990 2686 benenate

584 2731 761 2828 potuimus
786 2730 985 2804 studuimus
1006 2731 1187 2804 exaudire.
1203 2731 1332 2806 Verum
1354 2731 1599 2824 bajulationem
1616 2740 1651 2804 et
1664 2732 1884 2827 plateaticum
1901 2735 1988 2808 civi·

584 2855 664 2926 tutis
672 2863 835 2926 vestreae
849 2853 951 2946 burgi
964 2853 1132 2926 blolarum
1146 2875 1227 2926 curn
1239 2853 1401 2926 omnibns
1409 2853 1553 2946 justitiis
1564 2861 1599 2928 et
1611 2853 1806 2931 redditibus
1821 2856 1915 2932 curio
1925 2857 1988 2932 de·

665 1775 1662 1858 (nonenconeeannrrmann.111,epna2e‚aanor

582 2977 665 3050 bitis
682 2977 730 3050 ad
745 2999 869 3050 manus
887 2986 1021 3050 nostras
1038 2976 1206 3051 duximus
1223 2977 1421 3070 retinenda,
1446 2987 1604 3074 gerentes
1624 2978 1661 3052 in
1687 2980 1862 3076 proposito
1883 3003 1988 3078 super

582 3102 659 3176 aliis
683 3109 852 3196 oportuno
880 3111 1032 3196 tempore
1055 3101 1261 3198 providere,
1287 3111 1388 3198 prnut
1414 3101 1552 3174 utilitati
1577 3111 1709 3196 vestre,
1737 3104 1836 3178 salvo
1859 3105 1988 3183 bonore

582 3225 746 3316 Ecclesia,
760 3223 960 3298 videbimus
968 3225 1147 3319 expedire.
1168 3225 1348 3298 blonemus
1365 3224 1471 3319 igitur
1485 3225 1745 3300 universitatem
1761 3235 1910 3300 vestram
1925 3249 1988 3326 per

581 3348 769 3444 apostolica
795 3348 921 3442 scripta
946 3347 1150 3420 mandantes
1174 3357 1344 3442 quatenus
1367 3349 1403 3420 in
1428 3347 1593 3422 fidelitate
1617 3371 1659 3422 ac
1684 3349 1870 3424 devotione
1893 3351 1986 3426 sedis

581 3471 766 3566 apostolius
789 3469 834 3542 de
848 3469 940 3542 bono
962 3491 1097 3564 semper
1113 3470 1149 3542 in
1166 3457 1291 3544 melius
1309 3467 1474 3567 prolicere
1496 3471 1676 3562 studeatis,
1695 3472 1743 3546 ila
1759 3474 1856 3568 quod
1876 3475 1986 3572 ipsius

582 3594 800 3668 dilectionem
815 3601 849 3664 et
862 3593 1007 3686 gratiam
1022 3593 1133 3688 magis
1148 3615 1189 3666 ao
1204 3593 1315 3688 magis
1332 3595 1518 3694 promereri
1532 3594 1670 3690 possitis
1686 3603 1721 3668 et
1733 3615 1797 3669 nos
1809 3596 1846 3670 in
1861 3617 1986 3694 oppor-

582 3717 786 3792 tunitatibus
804 3715 928 3788 vestris
945 3715 1046 3789 vobis
1062 3717 1295 3790 favorabiliter
1309 3716 1467 3790 assistere
1484 3717 1687 3790 debeamus.

629 3845 754 3914 Datum
782 3839 930 3931 Perusii,
957 3841 1034 3912 Xlll
1063 3839 1229 3913 kalendas
1250 3839 1349 3934 julii,
1378 3837 1596 3935 pontificatus
1624 3839 1730 3912 nostri
1753 3859 1845 3913 anno
1870 3841 1980 3916 tertio.

631 3963 846 4064 [Sequuntur
863 3963 994 4036 litterae
1019 3963 1109 4036 aliae
1130 3961 1263 4036 eisdem
1285 3961 1436 4036 directae
1461 3963 1591 4058 quibus
1617 3961 1728 4059 ipsos,
1753 3961 1928 4036 civitatem
1950 3973 1985 4038 et

581 4091 672 4163 bona
684 4109 802 4160 eorum
818 4087 885 4158 sub
897 4085 1108 4182 protectione
1121 4107 1185 4158 sna
1198 4085 1339 4188 recipit,
1359 4093 1395 4157 et
1411 4084 1446 4156 in
1461 4104 1525 4157 sno
1543 4083 1703 4160 demanio
1722 4094 1888 4181 perpetuo
1902 4087 1984 4159 reti·

581 4212 716 4288 nendos
734 4211 896 4284 declarat.
916 4211 999 4282 Item
1016 4209 1104 4282 aliae
1127 4209 1258 4304 quibus
1278 4207 1411 4281 eisdem
1429 4208 1678 4282 immunitatem
1696 4229 1758 4304 per
1775 4217 1887 4282 toturn
1906 4231 1984 4306 rag-

581 4359 667 4408 num
694 4356 716 4407 a
746 4331 954 4428 prestatione
982 4329 1146 4426 pedagii,
1167 4330 1339 4426 passagii,
1367 4331 1561 4425 lalangatici
1585 4340 1620 4404 et
1641 4330 1790 4406 dationis
1811 4331 1981 4408 concedit.

581 4461 707 4533 Datum
724 4457 875 4547 Perusii,
893 4437 955 4528 llll
971 4455 1039 4528 kal.
1056 4453 1153 4547 julii,
1170 4449 1388 4550 pontificatus
1400 4454 1506 4527 nostri
1518 4475 1608 4527 anno
1627 4449 1755 4552 tertio].
1886 4555 1889 4562 γ
1953 4535 1956 4543 ,

631 4579 828 4675 Gregorius,
841 4592 924 4672 etc,
935 4579 1072 4652 civibus
1082 4571 1256 4652 Gaietania
1269 4571 1431 4652 fidelibus
1441 4579 1584 4672 nosuis,
1600 4589 1666 4653 eto.
1676 4578 1785 4662 Sedes
1797 4579 1983 4676 apostolica

583 4705 691 4780 veluti
706 4704 764 4800 pia
779 4713 974 4800 materque
989 4701 1138 4778 filiorum
1154 4702 1243 4776 uteri
1259 4703 1314 4776 sni
1329 4702 1488 4778 obliuisci
1510 4723 1580 4776 non
1595 4711 1718 4799 potest,
1738 4702 1887 4779 intrante
1899 4723 1983 4802 sepe
