4652 6092
900 659 1211 724 ABMTAMENTA
1701 667 1758 728 501

403 829 422 874 n
439 803 525 876 Aeta
538 809 619 874 suut
633 798 698 872 hec
713 797 809 895 apud
820 797 996 894 among,
1014 817 1106 871 auno
1118 797 1255 870 Domini
1266 793 1505 888 dccxxvm,
1522 797 1633 894 prime
1649 800 1760 876 indic·

457 979 465 998 .
487 951 505 994 1

350 937 452 1124 ‘¹⁰3⁸
463 1059 502 1123 ut
522 1048 578 1122 his
597 1048 700 1144 plena
717 1043 805 1120 tides
827 1043 1034 1118 adhibeatur
1051 1053 1245 1140 presentem
1266 1046 1429 1142 peginam
1447 1047 1639 1122 munimine
1659 1046 1762 1142 sigilli

350 1174 458 1249 nostri
477 1173 690 1248 roboramus.

405 1745 510 1828 Idem
536 1745 614 1828 dux
642 1753 777 1829 notum
799 1743 889 1826 facit
906 1743 1010 1854 quod
1037 1743 1139 1828 idem
1165 1744 1364 1854 episeopus
1391 1744 1558 1854 seipsum
1585 1755 1622 1827 et
1639 1741 1761 1826 filium

352 1903 467 1964 suum
482 1879 661 1964 Ottonem
674 1878 862 1962 investivit
875 1877 923 1960 de
932 1875 1045 1962 feudo
1059 1879 1254 1988 quondam
1265 1877 1411 1962 Alberti
1420 1879 1568 1962 comitis
1576 1879 1624 1962 de
1632 1879 1760 1992 Bogen

353 2035 377 2092 a
402 2009 555 2094 Patauio
580 2035 713 2094 versus
738 2011 983 2120 Ratisponam
1009 2011 1156 2120 posito,
1175 2011 1407 2122 quibusdam
1432 2021 1560 2096 mmen
1586 2011 1687 2094 villis
1712 2013 1762 2097 ab

353 2143 511 2230 endesia
527 2143 834 2256 babenbergensi
851 2145 1079 2230 retinendis:
1100 2146 1162 2230 cui
1179 2145 1340 2258 paginae
1361 2146 1544 2231 Hemicus
1565 2147 1762 2230 Romano-

352 2303 441 2362 rum
454 2303 522 2362 rex
534 2304 613 2362 una
625 2305 714 2362 num
726 2279 920 2390 Leupoldo
935 2280 1110 2364 Austriae
1126 2281 1223 2362 duce
1240 2289 1278 2362 et
1293 2279 1378 2362 aliis
1396 2279 1538 2364 ibidem
1555 2281 1759 2364 nominatis

352 2410 523 2522 sigillum
545 2437 659 2496 suum
675 2413 845 2524 apponit.

433 2625 525 2704 (Edit.
539 2643 589 2704 sp.
604 2627 708 2702 Hunn,
723 2623 888 2706 irenopot,
903 2634 924 2688 t
942 2627 998 2700 111,
1012 2635 1046 2686 n·
1059 2625 1186 2700 xxxu,
1202 2629 1232 2686 ct
1244 2627 1276 2687 in
1291 2625 1421 2688 Menum.
1438 2629 1528 2702 Boin,
1539 2635 1562 2690 t.
1574 2629 1631 2703 XI,
1644 2646 1675 2707 p.
1689 2637 1756 2704 ree,

474 2731 627 2794 n0LX11L
652 2735 804 2795 Memorat.
828 2740 927 2794 summ
949 2751 998 2811 up.
1012 2733 1115 2807 uma,
1139 2733 1203 2795 loeo
1225 2751 1315 2812 supra
1336 2737 1435 2796 citato.
1452 2735 1519 2796 th.
1535 2737 1624 2796 ettam
1638 2753 1670 2814 p.
1687 2745 1757 2810 tet,

469 2841 591 2912 nott.)

397 3027 597 3102 Ludovious
613 3027 675 3100 Dei
692 3028 802 3121 gratia
820 3050 936 3102 comes
954 3029 1129 3104 Palatinus
1145 3029 1273 3116 Rheni,
1290 3027 1366 3102 dux
1385 3028 1529 3102 Bavarie
1545 3029 1706 3104 omnibus
1723 3032 1759 3103 in

352 3164 569 3250 perpetuum.
586 3153 756 3238 Quoniam
771 3153 884 3226 labilis
899 3165 951 3227 eet
963 3155 1128 3228 memoria
1141 3154 1333 3244 hominum,
1353 3163 1421 3226 etc.
1441 3151 1492 3246 (ut
1505 3155 1539 3224 in
1547 3155 1759 3248 praecedenti

352 3299 456 3372 utque
472 3277 530 3373 ud)
551 3275 623 3376 [de]
642 3279 746 3352 teudo
759 3277 856 3372 quod
871 3279 1030 3352 Albanus
1045 3301 1160 3351 comes
1175 3280 1339 3376 antiquus
1356 3277 1401 3351 de
1415 3279 1530 3370 Pogon
1544 3289 1641 3373 pater
1660 3280 1758 3352 istius

351 3401 485 3474 comitis
504 3402 565 3497 qui
582 3424 675 3474 nono
693 3411 866 3498 superstes
882 3413 935 3476 est
954 3404 1000 3476 ab
1020 3403 1163 3476 ecclesia
1180 3403 1457 3497 Bubanbargenei
1480 3402 1589 3475 tenuit
1606 3411 1641 3474 et
1663 3403 1759 3496 quod

349 3525 414 3600 ieta
433 3533 468 3598 et
485 3527 588 3599 irater
603 3548 689 3599 suus
709 3537 827 3600 oontra
842 3527 1010 3620 justitium
1028 3539 1063 3600 et
1080 3537 1193 3622 preter
1209 3527 1418 3601 voluntatem
1440 3527 1585 3623 predicti
1606 3527 1758 3622 episcopi

348 3649 514 3722 violenter
526 3657 711 3722 tenuerunt
724 3649 971 3724 rationabiliter
984 3649 1195 3741 intenderit,
1212 3651 1271 3722 ilio
1290 3649 1450 3723 videlicet
1463 3649 1559 3743 quod
1578 3671 1600 3722 a
1617 3651 1758 3725 Patavia

346 3795 394 3848 ex
410 3783 556 3868 utraque
574 3783 672 3870 parte
684 3775 834 3849 Danubii
848 3795 970 3848 verene
985 3773 1204 3869 Ratieponam
1222 3783 1258 3846 et
1270 3773 1359 3846 ultra
1376 3773 1602 3870 protenditur,
1616 3775 1681 3848 boo
1695 3775 1757 3848 in-

345 3899 509 3995 terposito
521 3908 621 3994 paeto
636 3899 733 3994 quod
747 3921 810 3973 nos
828 3898 873 3973 de
889 3899 1010 3974 eodem
1029 3898 1137 3972 raudo
1152 3897 1238 3970 nihil
1253 3895 1433 3972 infeudare
1445 3919 1510 3970 nec
1525 3898 1679 3993 obligare
1695 3923 1760 3974 nec

344 4021 496 4098 vendere
522 4045 586 4096 neo
611 4024 727 4118 aliquo
749 4023 854 4096 modo
879 4023 1027 4098 alienare
1054 4021 1244 4098 debeamus
1260 4023 1306 4096 ab
1325 4022 1469 4096 ecclesia
1490 4023 1544 4096 vel
1564 4023 1754 4119 possimus,

344 4147 412 4220 nisi
430 4147 477 4222 de
493 4149 634 4244 speciali
651 4169 821 4222 consensu
841 4149 962 4245 prefati
981 4149 1134 4245 epieoopi
1155 4149 1211 4220 vel
1230 4168 1465 4220 suceessorum
1486 4168 1628 4220 suorum
1644 4153 1677 4221 ei
1695 4171 1758 4222 ca-

344 4269 468 4344 nonice
491 4271 775 4364 substitutorum
801 4273 973 4368 adjectum
999 4273 1065 4345 fuit
1090 4282 1245 4368 preterea
1266 4271 1361 4366 quod
1384 4293 1446 4344 nos
1470 4280 1505 4344 at
1526 4279 1641 4345 noster
1665 4271 1758 4346 filius

343 4395 519 4491 nostrique
542 4396 687 4470 heredes
713 4397 863 4470 contenti
886 4397 1074 4470 debeamus
1096 4419 1172 4470 esee
1194 4396 1337 4491 antiquo
1354 4398 1432 4488 jure
1456 4395 1637 4470 advocatie
1660 4399 1756 4492 quod

342 4539 405 4614 per
413 4520 594 4616 privilegia
607 4523 661 4594 vei
674 4543 737 4619 per
748 4522 900 4595 seniores
913 4521 1005 4594 illius
1019 4530 1107 4594 terre
1120 4521 1244 4618 poterit
1257 4521 1603 4596 declarariPreterea
1615 4520 1756 4596 firmiter

342 4643 564 4738 promisimus
589 4643 687 4739 quod
712 4645 892 4720 ecclesium
909 4645 1229 4740 babenbergensem
1250 4645 1286 4716 in
1307 4644 1600 4740 possessionibus,
1614 4645 1756 4738 justitiis

343 4766 399 4838 vel
421 4767 620 4842 bominibm
642 4777 927 4842 manuteneamus
950 4779 984 4842 et
1009 4770 1256 4862 defendamus;
1274 4769 1356 4844 item
1377 4769 1494 4843 omnia
1510 4771 1590 4864 jura
1613 4769 1756 4844 ecclesie
