4702 6110
367 1191 517 1244 Womstlae.

378 1247 405 1288 ω
420 1247 503 1302 sprllls.

1079 615 1252 678 llultltlcl
1279 615 1449 680 surmus

608 1185 792 1270 Henricus
814 1187 1073 1272 Romanorum
1097 1215 1164 1272 rex
1184 1189 1389 1274 Heuricum
1411 1189 1549 1272 ducem
1569 1189 1618 1272 de
1637 1185 1821 1298 Limburg
1836 1191 1966 1268 monet

556 1344 604 1402 ne
622 1321 726 1428 apud
747 1321 851 1404 Rode
869 1319 1090 1405 theloneum
1107 1333 1330 1432 extorqueat
1346 1323 1394 1406 de
1410 1323 1500 1406 uino
1517 1323 1623 1432 quod
1634 1319 1845 1432 capitulum
1859 1315 1965 1401 Beati
2060 1323 2061 1326 ‘

557 1453 714 1534 Servetii
736 1453 784 1537 de
806 1454 977 1565 Trajecto
994 1457 1044 1540 ad
1059 1481 1174 1540 usum
1188 1455 1365 1540 ecclesiae
1381 1455 1634 1565 comparavit,
1652 1480 1742 1538 eum
1768 1454 1850 1564 ipse
1876 1476 1965 1562 pro-

556 1587 701 1670 miserit
714 1587 819 1698 qucd
837 1589 885 1672 de
909 1599 1057 1674 caetero
1071 1616 1095 1672 a
1107 1589 1284 1674 theloneo
1303 1589 1376 1673 isto
1394 1591 1569 1672 eamdem
1590 1587 1788 1672 ecclesiam
1810 1583 1965 1670 ahsolu-

554 1732 634 1803 tem
648 1723 866 1806 dimitteret.

635 1936 759 2017 (losdlt.
786 1955 824 1999 ex
852 1935 982 2000 Gdortcl
1006 1941 1037 2000 s.
1066 1938 1194 2001 Soractia·
1219 1939 1254 2000 in
1280 1939 1422 2022 ijccto,
1448 1937 1534 2002 MSS.
1559 1937 1677 2001 Blbllot.
1703 1953 1765 2018 reg.
1791 1935 1961 2006 meus,

674 2043 854 2124 tom.111,1
876 2045 1088 2107 ttversostt.
1106 2043 1277 2127 terream.)

601 2231 769 2306 lleuricus
783 2233 846 2306 Dei
866 2233 976 2328 gratia
994 2233 1224 2307 Romanorum
1237 2256 1302 2308 rex
1316 2255 1451 2330 semper
1467 2240 1650 2328 augustus,
1670 2229 1796 2305 dilecto
1811 2250 1854 2304 ac
1868 2227 1961 2302 fideli

552 2379 617 2431 suo
635 2359 677 2429 ll.
708 2357 789 2430 duci
813 2357 858 2431 de
881 2357 1074 2454 Lymbcrch
1097 2358 1241 2453 gratiam
1265 2353 1364 2432 suam
1388 2367 1423 2432 et
1447 2357 1716 2432 omnebonum.
1745 2354 1904 2428 Decanus
1928 2361 1963 2427 et

553 2483 741 2577 capitulum
759 2481 853 2554 Beati
872 2483 1019 2556 Servatii
1042 2483 1078 2555 in
1094 2484 1247 2576 Trajecto
1269 2483 1370 2556 uobis
1385 2482 1670 2578 significaverunt
1690 2479 1787 2575 quod
1809 2489 1847 2552 tu
1867 2479 1962 2576 apud

552 2607 647 2680 Rode
662 2607 859 2680 theloneum
877 2606 922 2680 de
939 2608 1021 2682 vinc
1035 2609 1131 2702 quod
1150 2609 1235 2704 ipsis
1250 2607 1409 2702 provenit
1425 2608 1471 2682 de
1488 2607 1589 2680 bonis
1605 2605 1749 2680 ecclesie
1764 2625 1827 2678 sue
1844 2611 1961 2677 contra

549 2730 718 2821 justitiam
737 2731 842 2802 lacios
857 2731 1068 2824 extorqueri,
1087 2753 1167 2803 cum
1181 2739 1217 2803 tu
1228 2731 1338 2826 Aquis
1351 2731 1386 2803 iu
1400 2731 1571 2828 presentia
1585 2738 1701 2804 nostra
1718 2732 1754 2802 et
1767 2727 1960 2824 principum

554 2863 745 2925 nostrorum
763 2854 823 2946 qui
837 2852 980 2927 aderaut
993 2854 1093 2927 nobis
1110 2855 1306 2949 promiseris
1318 2855 1415 2949 quod
1429 2864 1467 2926 tu
1487 2854 1532 2928 de
1546 2863 1659 2927 cetero
1677 2851 1835 2926 eamdem
1850 2851 1960 2924 eccle-

552 2978 639 3050 siam
664 2977 710 3050 ab
732 2978 827 3050 omni
855 2978 1013 3051 theloneo
1036 2977 1082 3051 de
1106 2979 1206 3052 bonis
1228 2979 1275 3052 ad
1299 3001 1402 3051 usum
1428 2979 1671 3052 canonicorum
1699 2977 1791 3051 dicte
1813 2973 1956 3048 ecclesie

552 3101 802 3196 pertinentibus
813 3101 1002 3174 absolutam
1021 3100 1166 3176 deberes
1182 3103 1365 3192 dimittere,
1378 3113 1412 3176 et
1426 3103 1579 3176 maxime
1590 3125 1670 3175 cum
1684 3121 1800 3174 coram
1815 3098 1956 3172 dominc

550 3235 584 3297 et
599 3237 696 3321 patre
714 3235 830 3300 nostro
853 3227 1071 3300 serenissimo
1087 3229 1316 3301 Romanorum
1337 3229 1542 3324 imperatore
1560 3249 1623 3324 per
1637 3227 1841 3299 senteutiam
1863 3223 1957 3318 prin·

549 3349 666 3444 cipum
686 3350 788 3424 luerit
807 3349 987 3422 delinitum
1006 3352 1167 3425 ecclesias
1190 3375 1259 3426 nou
1281 3353 1388 3426 teneri
1414 3352 1497 3425 dare
1517 3351 1715 3424 theloneum
1738 3348 1784 3423 de
1807 3367 1957 3444 proven-

550 3473 642 3545 tibus
655 3475 824 3546 bonorum
842 3495 984 3546 suorum
1000 3475 1045 3549 ad
1060 3497 1145 3548 usus
1158 3497 1277 3548 eorum
1295 3475 1539 3572 pertinentium
1559 3474 1620 3568 qui
1646 3473 1682 3544 ln
1704 3470 1790 3567 ipsis
1803 3469 1957 3542 ecclesiis

548 3599 774 3694 omnipotenti
800 3601 872 3672 Dec
896 3599 1108 3672 deserviunt.
1132 3599 1214 3674 ldeo
1237 3609 1272 3674 et
1296 3621 1359 3672 nos
1386 3599 1603 3673 dilectionem
1626 3607 1719 3670 tuam
1746 3593 1955 3668 mouendam

549 3723 716 3794 duximus
737 3733 772 3796 et
789 3725 979 3816 rogandam
1001 3733 1172 3818 quatenus
1195 3725 1241 3798 ob
1258 3724 1484 3797 reverentiam
1507 3719 1639 3795 domiui
1658 3729 1692 3793 ct
1714 3719 1819 3814 patris
1847 3717 1954 3790 nostri

546 3845 760 3940 imperatoris
772 3855 807 3916 et
821 3845 979 3939 gratiam,
998 3846 1154 3918 eamdem
1169 3847 1347 3918 ecclesiam
1362 3845 1408 3918 de
1426 3853 1538 3916 cetero
1550 3865 1571 3915 a
1585 3843 1743 3915 theloneo
1757 3840 1952 3914 absolutam

546 3969 697 4042 dimittas
714 3970 749 4040 in
767 3969 849 4041 vinc
863 3968 959 4062 quod
977 3969 1009 4042 ei
1024 3971 1183 4065 provenit
1199 3979 1233 4041 et
1246 3971 1350 4042 refert
1366 3969 1401 4040 in
1420 3969 1520 4040 bouis
1540 3967 1613 4039 suis
1626 3977 1662 4038 et
1674 3963 1771 4060 quod
1793 3961 1840 4036 ad
1857 3985 1953 4035 com·

544 4116 668 4167 munes
678 4117 763 4166 usus
778 4093 1020 4166 canonicorum
1032 4093 1186 4190 predicte
1197 4095 1340 4166 ecclesie
1354 4091 1545 4166 dinoscitur
1558 4091 1741 4187 pertinere,
1754 4109 1847 4179 cum,
1863 4087 1954 4159 sicut

542 4218 644 4290 nobis
665 4219 826 4309 innotuit,
848 4219 1106 4314 predecessores
1128 4218 1234 4290 nostrl
1256 4217 1348 4290 dicte
1366 4217 1510 4290 ecclesie
1526 4215 1564 4288 id
1582 4213 1718 4310 scriptis
1737 4212 1810 4284 suis
1825 4211 1953 4305 promi·

545 4353 665 4414 serunt
681 4343 880 4415 observare.

591 4469 715 4538 Datum
734 4467 933 4556 Wormatie,
953 4467 1064 4562 pridie
1079 4465 1244 4540 kalendas
1257 4466 1352 4558 maii,
1373 4463 1562 4539 indictione
1576 4471 1712 4558 quarta.
