<?xml version="1.0" encoding="UTF-8"?>
<!DOCTYPE html PUBLIC "-//W3C//DTD XHTML 1.0 Transitional//EN"
    "http://www.w3.org/TR/xhtml1/DTD/xhtml1-transitional.dtd">
<html xmlns="http://www.w3.org/1999/xhtml" xml:lang="en" lang="en">
 <head>
  <title>
</title>
<meta http-equiv="Content-Type" content="text/html;charset=utf-8" />
  <meta name='ocr-system' content='tesseract 3.04.00' />
  <meta name='ocr-capabilities' content='ocr_page ocr_carea ocr_par ocr_line ocrx_word'/>
</head>
<body>
  <div class='ocr_page' id='page_1' title='image "./historiadiploma03fredgoog/historiadiploma03fredgoog_0499.png"; bbox 0 0 4652 6092; ppageno 0'>
   <div class='ocr_carea' id='block_1_1' title="bbox 549 613 2070 1597">
    <p class='ocr_par' dir='ltr' id='par_1_1' title="bbox 549 613 1416 682">
     <span class='ocr_line' id='line_1_1' title="bbox 549 613 1416 682; baseline -0.005 0"><span class='ocrx_word' id='word_1_1' title='bbox 549 615 612 682; x_wconf 71' lang='grc'><strong>490</strong></span> <span class='ocrx_word' id='word_1_2' title='bbox 1107 613 1416 678; x_wconf 70' lang='lat' dir='ltr'><strong>neutrumne</strong></span> 
     </span>
    </p>

    <p class='ocr_par' dir='ltr' id='par_1_2' title="bbox 553 748 2070 1597">
     <span class='ocr_line' id='line_1_2' title="bbox 553 748 1969 850; baseline 0.003 -24"><span class='ocrx_word' id='word_1_3' title='bbox 553 753 635 826; x_wconf 92' lang='lat' dir='ltr'><strong>licet</strong></span> <span class='ocrx_word' id='word_1_4' title='bbox 651 749 715 825; x_wconf 90' lang='lat' dir='ltr'><strong>viii</strong></span> <span class='ocrx_word' id='word_1_5' title='bbox 726 749 806 844; x_wconf 89' lang='lat' dir='ltr'><strong>julii</strong></span> <span class='ocrx_word' id='word_1_6' title='bbox 824 748 982 842; x_wconf 87' lang='lat' dir='ltr'><strong>ejusdem</strong></span> <span class='ocrx_word' id='word_1_7' title='bbox 1001 748 1212 824; x_wconf 76' lang='lat' dir='ltr'><strong>indictionis.</strong></span> <span class='ocrx_word' id='word_1_8' title='bbox 1230 749 1364 826; x_wconf 79' lang='lat' dir='ltr'><strong>Deinde</strong></span> <span class='ocrx_word' id='word_1_9' title='bbox 1380 773 1408 823; x_wconf 85' lang='lat' dir='ltr'>x</span> <span class='ocrx_word' id='word_1_10' title='bbox 1424 749 1530 844; x_wconf 84' lang='lat' dir='ltr'><strong>hujus</strong></span> <span class='ocrx_word' id='word_1_11' title='bbox 1544 750 1673 824; x_wconf 85' lang='lat' dir='ltr'><strong>mensis</strong></span> <span class='ocrx_word' id='word_1_12' title='bbox 1689 751 1845 850; x_wconf 92' lang='lat' dir='ltr'><strong>cepimus</strong></span> <span class='ocrx_word' id='word_1_13' title='bbox 1861 757 1969 830; x_wconf 91' lang='lat' dir='ltr'><strong>navi-</strong></span> 
     </span>
     <span class='ocr_line' id='line_1_3' title="bbox 554 873 1970 973; baseline 0.003 -23"><span class='ocrx_word' id='word_1_14' title='bbox 554 897 638 973; x_wconf 75' lang='lat' dir='ltr'><strong>gare</strong></span> <span class='ocrx_word' id='word_1_15' title='bbox 655 876 746 950; x_wconf 88' lang='lat' dir='ltr'><strong>cirea</strong></span> <span class='ocrx_word' id='word_1_16' title='bbox 768 875 863 948; x_wconf 87' lang='lat' dir='ltr'><strong>littus</strong></span> <span class='ocrx_word' id='word_1_17' title='bbox 882 875 991 971; x_wconf 88' lang='lat' dir='ltr'><strong>ipsius</strong></span> <span class='ocrx_word' id='word_1_18' title='bbox 1006 873 1131 948; x_wconf 91' lang='lat' dir='ltr'><strong>insule.</strong></span> <span class='ocrx_word' id='word_1_19' title='bbox 1156 875 1199 948; x_wconf 83' lang='lat' dir='ltr'><strong>lit</strong></span> <span class='ocrx_word' id='word_1_20' title='bbox 1216 874 1256 948; x_wconf 87' lang='lat' dir='ltr'><strong>xi</strong></span> <span class='ocrx_word' id='word_1_21' title='bbox 1272 875 1384 972; x_wconf 89' lang='lat' dir='ltr'><strong>ipsius</strong></span> <span class='ocrx_word' id='word_1_22' title='bbox 1404 874 1496 948; x_wconf 87' lang='lat' dir='ltr'><strong>circa</strong></span> <span class='ocrx_word' id='word_1_23' title='bbox 1513 873 1633 950; x_wconf 83' lang='lat' dir='ltr'><strong>luorum</strong></span> <span class='ocrx_word' id='word_1_24' title='bbox 1651 877 1792 952; x_wconf 67' lang='lat' dir='ltr'><strong>mium</strong></span> <span class='ocrx_word' id='word_1_25' title='bbox 1808 880 1970 954; x_wconf 87' lang='lat' dir='ltr'><strong>venimus</strong></span> 
     </span>
     <span class='ocr_line' id='line_1_4' title="bbox 554 995 1969 1100; baseline 0.001 -24"><span class='ocrx_word' id='word_1_26' title='bbox 554 1000 602 1076; x_wconf 89' lang='lat' dir='ltr'><strong>ud</strong></span> <span class='ocrx_word' id='word_1_27' title='bbox 623 1001 801 1095; x_wconf 89' lang='lat' dir='ltr'><strong>quandam</strong></span> <span class='ocrx_word' id='word_1_28' title='bbox 825 999 1000 1074; x_wconf 88' lang='lat' dir='ltr'><strong>civitatem</strong></span> <span class='ocrx_word' id='word_1_29' title='bbox 1020 999 1132 1096; x_wconf 92' lang='lat' dir='ltr'><strong>ipsius</strong></span> <span class='ocrx_word' id='word_1_30' title='bbox 1154 999 1267 1074; x_wconf 88' lang='lat' dir='ltr'><strong>insule</strong></span> <span class='ocrx_word' id='word_1_31' title='bbox 1282 1021 1354 1096; x_wconf 91' lang='lat' dir='ltr'><strong>que</strong></span> <span class='ocrx_word' id='word_1_32' title='bbox 1376 999 1504 1074; x_wconf 90' lang='lat' dir='ltr'><strong>dicitur</strong></span> <span class='ocrx_word' id='word_1_33' title='bbox 1521 995 1695 1094; x_wconf 76' lang='lat' dir='ltr'><strong>Candida3</strong></span> <span class='ocrx_word' id='word_1_34' title='bbox 1719 1003 1844 1076; x_wconf 90' lang='lat' dir='ltr'><strong>subtus</strong></span> <span class='ocrx_word' id='word_1_35' title='bbox 1864 1027 1969 1100; x_wconf 58' lang='lat' dir='ltr'><strong>mam</strong></span> 
     </span>
     <span class='ocr_line' id='line_1_5' title="bbox 555 1123 1969 1224; baseline 0.004 -24"><span class='ocrx_word' id='word_1_36' title='bbox 555 1125 819 1216; x_wconf 87' lang='lat' dir='ltr'><strong>descendimus,</strong></span> <span class='ocrx_word' id='word_1_37' title='bbox 835 1132 870 1198; x_wconf 93' lang='lat' dir='ltr'><strong>et</strong></span> <span class='ocrx_word' id='word_1_38' title='bbox 883 1125 1014 1198; x_wconf 85' lang='lat' dir='ltr'><strong>luimus</strong></span> <span class='ocrx_word' id='word_1_39' title='bbox 1026 1124 1076 1197; x_wconf 92' lang='lat' dir='ltr'><strong>ibi</strong></span> <span class='ocrx_word' id='word_1_40' title='bbox 1088 1133 1265 1220; x_wconf 73' lang='lat' dir='ltr'><strong>pertotmn</strong></span> <span class='ocrx_word' id='word_1_41' title='bbox 1279 1123 1372 1199; x_wconf 90' lang='lat' dir='ltr'><strong>diem</strong></span> <span class='ocrx_word' id='word_1_42' title='bbox 1384 1125 1478 1199; x_wconf 89' lang='lat' dir='ltr'><strong>illam</strong></span> <span class='ocrx_word' id='word_1_43' title='bbox 1493 1135 1528 1198; x_wconf 92' lang='lat' dir='ltr'><strong>et</strong></span> <span class='ocrx_word' id='word_1_44' title='bbox 1545 1133 1692 1200; x_wconf 83' lang='lat' dir='ltr'><strong>noctem</strong></span> <span class='ocrx_word' id='word_1_45' title='bbox 1710 1127 1874 1224; x_wconf 77' lang='lat' dir='ltr'><strong>Sequenti</strong></span> <span class='ocrx_word' id='word_1_46' title='bbox 1886 1149 1969 1204; x_wconf 91' lang='lat' dir='ltr'><strong>vero</strong></span> 
     </span>
     <span class='ocr_line' id='line_1_6' title="bbox 556 1248 2070 1348; baseline 0.001 -22"><span class='ocrx_word' id='word_1_47' title='bbox 556 1251 632 1342; x_wconf 92' lang='lat' dir='ltr'><strong>die,</strong></span> <span class='ocrx_word' id='word_1_48' title='bbox 649 1249 812 1325; x_wconf 90' lang='lat' dir='ltr'><strong>videlicet</strong></span> <span class='ocrx_word' id='word_1_49' title='bbox 824 1249 876 1322; x_wconf 82' lang='lat' dir='ltr'><strong>xii</strong></span> <span class='ocrx_word' id='word_1_50' title='bbox 890 1249 996 1344; x_wconf 87' lang='lat' dir='ltr'><strong>hujus</strong></span> <span class='ocrx_word' id='word_1_51' title='bbox 1010 1249 1139 1323; x_wconf 82' lang='lat' dir='ltr'><strong>mensis</strong></span> <span class='ocrx_word' id='word_1_52' title='bbox 1146 1248 1244 1344; x_wconf 88' lang='lat' dir='ltr'><strong>julii,</strong></span> <span class='ocrx_word' id='word_1_53' title='bbox 1264 1249 1441 1324; x_wconf 79' lang='lat' dir='ltr'><strong>exivimus</strong></span> <span class='ocrx_word' id='word_1_54' title='bbox 1456 1249 1502 1324; x_wconf 94' lang='lat' dir='ltr'><strong>de</strong></span> <span class='ocrx_word' id='word_1_55' title='bbox 1518 1249 1622 1324; x_wconf 81' lang='lat' dir='ltr'><strong>Cereo</strong></span> <span class='ocrx_word' id='word_1_56' title='bbox 1634 1249 1694 1348; x_wconf 82' lang='lat' dir='ltr'><strong>(i),</strong></span> <span class='ocrx_word' id='word_1_57' title='bbox 1717 1261 1753 1326; x_wconf 89' lang='lat' dir='ltr'><strong>et</strong></span> <span class='ocrx_word' id='word_1_58' title='bbox 1765 1253 1970 1328; x_wconf 84' lang='lat' dir='ltr'><strong>intravimus</strong></span> <span class='ocrx_word' id='word_1_59' title='bbox 2068 1338 2070 1340; x_wconf 48' lang='grc'><strong>,</strong></span> 
     </span>
     <span class='ocr_line' id='line_1_7' title="bbox 555 1373 1965 1472; baseline 0.001 -24"><span class='ocrx_word' id='word_1_60' title='bbox 555 1376 730 1472; x_wconf 79' lang='lat' dir='ltr'><strong>pelagum.</strong></span> <span class='ocrx_word' id='word_1_61' title='bbox 751 1375 796 1448; x_wconf 81' lang='lat' dir='ltr'><strong>Et</strong></span> <span class='ocrx_word' id='word_1_62' title='bbox 808 1374 873 1446; x_wconf 86' lang='lat' dir='ltr'><strong>xiii</strong></span> <span class='ocrx_word' id='word_1_63' title='bbox 891 1373 1067 1470; x_wconf 89' lang='lat' dir='ltr'><strong>sequentis</strong></span> <span class='ocrx_word' id='word_1_64' title='bbox 1086 1374 1192 1467; x_wconf 87' lang='lat' dir='ltr'><strong>hujus</strong></span> <span class='ocrx_word' id='word_1_65' title='bbox 1208 1373 1336 1448; x_wconf 91' lang='lat' dir='ltr'><strong>mensis</strong></span> <span class='ocrx_word' id='word_1_66' title='bbox 1354 1373 1433 1467; x_wconf 84' lang='lat' dir='ltr'><strong>julii</strong></span> <span class='ocrx_word' id='word_1_67' title='bbox 1454 1373 1615 1450; x_wconf 91' lang='lat' dir='ltr'><strong>venimus</strong></span> <span class='ocrx_word' id='word_1_68' title='bbox 1629 1375 1676 1450; x_wconf 91' lang='lat' dir='ltr'><strong>ad</strong></span> <span class='ocrx_word' id='word_1_69' title='bbox 1691 1375 1840 1450; x_wconf 89' lang='lat' dir='ltr'><strong>insulam</strong></span> <span class='ocrx_word' id='word_1_70' title='bbox 1852 1377 1965 1453; x_wconf 86' lang='lat' dir='ltr'><strong>Rodii.</strong></span> 
     </span>
     <span class='ocr_line' id='line_1_8' title="bbox 554 1497 1808 1597; baseline 0 -21"><span class='ocrx_word' id='word_1_71' title='bbox 554 1503 599 1576; x_wconf 85' lang='lat' dir='ltr'><strong>Et</strong></span> <span class='ocrx_word' id='word_1_72' title='bbox 611 1501 744 1597; x_wconf 77' lang='lat' dir='ltr'><strong>fatigati</strong></span> <span class='ocrx_word' id='word_1_73' title='bbox 758 1499 1011 1595; x_wconf 89' lang='lat' dir='ltr'><strong>aliquantulum</strong></span> <span class='ocrx_word' id='word_1_74' title='bbox 1030 1497 1266 1594; x_wconf 86' lang='lat' dir='ltr'><strong>requievimus</strong></span> <span class='ocrx_word' id='word_1_75' title='bbox 1282 1499 1353 1572; x_wconf 91' lang='lat' dir='ltr'><strong>illic</strong></span> <span class='ocrx_word' id='word_1_76' title='bbox 1369 1519 1432 1594; x_wconf 93' lang='lat' dir='ltr'><strong>per</strong></span> <span class='ocrx_word' id='word_1_77' title='bbox 1445 1507 1551 1572; x_wconf 89' lang='lat' dir='ltr'><strong>totam</strong></span> <span class='ocrx_word' id='word_1_78' title='bbox 1568 1507 1720 1590; x_wconf 87' lang='lat' dir='ltr'><strong>noctem,</strong></span> <span class='ocrx_word' id='word_1_79' title='bbox 1741 1509 1808 1576; x_wconf 89' lang='lat' dir='ltr'><strong>etc.</strong></span> 
     </span>
    </p>
   </div>
   <div class='ocr_carea' id='block_1_2' title="bbox 555 2127 1969 2510">
    <p class='ocr_par' dir='ltr' id='par_1_3' title="bbox 555 2127 1969 2510">
     <span class='ocr_line' id='line_1_9' title="bbox 609 2127 1969 2242; baseline -0.004 -24"><span class='ocrx_word' id='word_1_80' title='bbox 609 2135 769 2220; x_wconf 78' lang='lat' dir='ltr'><strong>Litterae</strong></span> <span class='ocrx_word' id='word_1_81' title='bbox 789 2131 941 2214; x_wconf 87' lang='lat' dir='ltr'><strong>fictitiae</strong></span> <span class='ocrx_word' id='word_1_82' title='bbox 958 2129 1099 2242; x_wconf 91' lang='lat' dir='ltr'><strong>quibus</strong></span> <span class='ocrx_word' id='word_1_83' title='bbox 1119 2129 1323 2240; x_wconf 84' lang='lat' dir='ltr'><strong>Gregorius</strong></span> <span class='ocrx_word' id='word_1_84' title='bbox 1341 2154 1440 2240; x_wconf 90' lang='lat' dir='ltr'><strong>papa</strong></span> <span class='ocrx_word' id='word_1_85' title='bbox 1457 2127 1650 2240; x_wconf 77' lang='lat' dir='ltr'><strong>magistris</strong></span> <span class='ocrx_word' id='word_1_86' title='bbox 1668 2127 1824 2214; x_wconf 89' lang='lat' dir='ltr'><strong>militiae</strong></span> <span class='ocrx_word' id='word_1_87' title='bbox 1842 2127 1969 2212; x_wconf 86' lang='lat' dir='ltr'><strong>Sancti</strong></span> 
     </span>
     <span class='ocr_line' id='line_1_10' title="bbox 555 2259 1969 2374; baseline -0.005 -21"><span class='ocrx_word' id='word_1_88' title='bbox 555 2268 738 2353; x_wconf 83' lang='lat' dir='ltr'><strong>iohannis</strong></span> <span class='ocrx_word' id='word_1_89' title='bbox 764 2275 802 2348; x_wconf 90' lang='lat' dir='ltr'><strong>ct</strong></span> <span class='ocrx_word' id='word_1_90' title='bbox 817 2263 963 2374; x_wconf 84' lang='lat' dir='ltr'><strong>Templi</strong></span> <span class='ocrx_word' id='word_1_91' title='bbox 980 2288 1129 2346; x_wconf 90' lang='lat' dir='ltr'><strong>necnon</strong></span> <span class='ocrx_word' id='word_1_92' title='bbox 1146 2272 1184 2346; x_wconf 89' lang='lat' dir='ltr'><strong>et</strong></span> <span class='ocrx_word' id='word_1_93' title='bbox 1201 2262 1361 2346; x_wconf 86' lang='lat' dir='ltr'><strong>soldano</strong></span> <span class='ocrx_word' id='word_1_94' title='bbox 1383 2259 1614 2372; x_wconf 84' lang='lat' dir='ltr'><strong>Babyloniae</strong></span> <span class='ocrx_word' id='word_1_95' title='bbox 1640 2287 1771 2346; x_wconf 89' lang='lat' dir='ltr'><strong>necem</strong></span> <span class='ocrx_word' id='word_1_96' title='bbox 1792 2261 1969 2346; x_wconf 86' lang='lat' dir='ltr'><strong>Friderici</strong></span> 
     </span>
     <span class='ocr_line' id='line_1_11' title="bbox 556 2397 1143 2510; baseline -0.007 -28"><span class='ocrx_word' id='word_1_97' title='bbox 556 2399 794 2510; x_wconf 88' lang='lat' dir='ltr'><strong>imperatoris</strong></span> <span class='ocrx_word' id='word_1_98' title='bbox 809 2397 974 2481; x_wconf 89' lang='lat' dir='ltr'><strong>suasisse</strong></span> <span class='ocrx_word' id='word_1_99' title='bbox 991 2397 1143 2480; x_wconf 89' lang='lat' dir='ltr'><strong>dicitur.</strong></span> 
     </span>
    </p>
   </div>
   <div class='ocr_carea' id='block_1_3' title="bbox 637 2609 1969 2908">
    <p class='ocr_par' dir='ltr' id='par_1_4' title="bbox 637 2609 1969 2908">
     <span class='ocr_line' id='line_1_12' title="bbox 637 2609 1967 2696; baseline -0.004 -18"><span class='ocrx_word' id='word_1_100' title='bbox 637 2615 736 2696; x_wconf 81' lang='lat' dir='ltr'><strong>(uoto.</strong></span> <span class='ocrx_word' id='word_1_101' title='bbox 749 2615 870 2678; x_wconf 76' lang='lat' dir='ltr'><strong>Burs.</strong></span> <span class='ocrx_word' id='word_1_102' title='bbox 884 2613 1114 2676; x_wconf 82' lang='lat' dir='ltr'><strong>naNnouasmo</strong></span> <span class='ocrx_word' id='word_1_103' title='bbox 1127 2627 1175 2689; x_wconf 86' lang='lat' dir='ltr'><strong>ap.</strong></span> <span class='ocrx_word' id='word_1_104' title='bbox 1192 2611 1370 2685; x_wconf 80' lang='lat' dir='ltr'><strong>Mumuon,</strong></span> <span class='ocrx_word' id='word_1_105' title='bbox 1382 2609 1507 2690; x_wconf 78' lang='lat' dir='ltr'><strong>Script,</strong></span> <span class='ocrx_word' id='word_1_106' title='bbox 1522 2617 1544 2674; x_wconf 85' lang='lat' dir='ltr'><strong>t.</strong></span> <span class='ocrx_word' id='word_1_107' title='bbox 1564 2611 1654 2692; x_wconf 82' lang='lat' dir='ltr'><strong>xm,</strong></span> <span class='ocrx_word' id='word_1_108' title='bbox 1668 2611 1723 2676; x_wconf 85' lang='lat' dir='ltr'><strong>col</strong></span> <span class='ocrx_word' id='word_1_109' title='bbox 1738 2619 1812 2674; x_wconf 83' lang='lat' dir='ltr'><strong>lton</strong></span> <span class='ocrx_word' id='word_1_110' title='bbox 1828 2617 1859 2674; x_wconf 91' lang='lat' dir='ltr'><strong>et</strong></span> <span class='ocrx_word' id='word_1_111' title='bbox 1871 2627 1967 2692; x_wconf 82' lang='lat' dir='ltr'><strong>seqq,</strong></span> 
     </span>
     <span class='ocr_line' id='line_1_13' title="bbox 675 2717 1969 2798; baseline -0.003 -14"><span class='ocrx_word' id='word_1_112' title='bbox 675 2740 715 2784; x_wconf 86' lang='lat' dir='ltr'><strong>ex</strong></span> <span class='ocrx_word' id='word_1_113' title='bbox 726 2724 859 2784; x_wconf 77' lang='lat' dir='ltr'><strong>oratione</strong></span> <span class='ocrx_word' id='word_1_114' title='bbox 877 2719 1013 2782; x_wconf 87' lang='lat' dir='ltr'><strong>Pandolll</strong></span> <span class='ocrx_word' id='word_1_115' title='bbox 1026 2720 1064 2782; x_wconf 89' lang='lat' dir='ltr'><strong>da</strong></span> <span class='ocrx_word' id='word_1_116' title='bbox 1084 2720 1213 2780; x_wconf 84' lang='lat' dir='ltr'><strong>Falcone</strong></span> <span class='ocrx_word' id='word_1_117' title='bbox 1227 2719 1423 2780; x_wconf 68' lang='lat' dir='ltr'><strong>limenensis</strong></span> <span class='ocrx_word' id='word_1_118' title='bbox 1436 2718 1476 2780; x_wconf 90' lang='lat' dir='ltr'><strong>ad</strong></span> <span class='ocrx_word' id='word_1_119' title='bbox 1487 2717 1631 2782; x_wconf 85' lang='lat' dir='ltr'><strong>Juouburn</strong></span> <span class='ocrx_word' id='word_1_120' title='bbox 1644 2719 1760 2782; x_wconf 74' lang='lat' dir='ltr'><strong>sinum</strong></span> <span class='ocrx_word' id='word_1_121' title='bbox 1771 2734 1871 2798; x_wconf 77' lang='lat' dir='ltr'><strong>regem</strong></span> <span class='ocrx_word' id='word_1_122' title='bbox 1889 2735 1969 2780; x_wconf 90' lang='lat' dir='ltr'><strong>auno</strong></span> 
     </span>
     <span class='ocr_line' id='line_1_14' title="bbox 678 2825 1967 2908; baseline -0.002 -18"><span class='ocrx_word' id='word_1_123' title='bbox 678 2837 768 2903; x_wconf 77' lang='lat'><strong>1288,</strong></span> <span class='ocrx_word' id='word_1_124' title='bbox 780 2831 812 2890; x_wconf 89' lang='lat' dir='ltr'><strong>tu</strong></span> <span class='ocrx_word' id='word_1_125' title='bbox 825 2843 885 2908; x_wconf 89' lang='lat' dir='ltr'><strong>qna</strong></span> <span class='ocrx_word' id='word_1_126' title='bbox 899 2831 975 2888; x_wconf 88' lang='lat' dir='ltr'><strong>luter</strong></span> <span class='ocrx_word' id='word_1_127' title='bbox 985 2833 1101 2888; x_wconf 88' lang='lat' dir='ltr'><strong>caetera</strong></span> <span class='ocrx_word' id='word_1_128' title='bbox 1114 2831 1258 2888; x_wconf 85' lang='lat' dir='ltr'><strong>memoret</strong></span> <span class='ocrx_word' id='word_1_129' title='bbox 1270 2825 1419 2904; x_wconf 62' lang='lat' dir='ltr'><strong>memorio</strong></span> <span class='ocrx_word' id='word_1_130' title='bbox 1431 2840 1509 2904; x_wconf 84' lang='lat' dir='ltr'><strong>papa</strong></span> <span class='ocrx_word' id='word_1_131' title='bbox 1519 2825 1672 2904; x_wconf 82' lang='lat' dir='ltr'><strong>qnoan</strong></span> <span class='ocrx_word' id='word_1_132' title='bbox 1682 2841 1752 2906; x_wconf 77' lang='lat' dir='ltr'><strong>argu</strong></span> <span class='ocrx_word' id='word_1_133' title='bbox 1763 2827 1967 2904; x_wconf 86' lang='lat' dir='ltr'><strong>imperatorem</strong></span> 
     </span>
    </p>
   </div>
   <div class='ocr_carea' id='block_1_4' title="bbox 674 2931 1092 3016">
    <p class='ocr_par' dir='ltr' id='par_1_5' title="bbox 674 2931 1092 3016">
     <span class='ocr_line' id='line_1_15' title="bbox 674 2931 1092 3016; baseline -0.012 -19"><span class='ocrx_word' id='word_1_134' title='bbox 674 2940 739 3016; x_wconf 76' lang='lat' dir='ltr'><strong>elus</strong></span> <span class='ocrx_word' id='word_1_135' title='bbox 748 2950 893 3016; x_wconf 89' lang='lat' dir='ltr'><strong>proavum</strong></span> <span class='ocrx_word' id='word_1_136' title='bbox 905 2951 937 2995; x_wconf 91' lang='lat' dir='ltr'><strong>se</strong></span> <span class='ocrx_word' id='word_1_137' title='bbox 947 2931 1092 3012; x_wconf 71' lang='lat' dir='ltr'><strong>gosseno)</strong></span> 
     </span>
    </p>
   </div>
   <div class='ocr_carea' id='block_1_5' title="bbox 553 3115 1976 4849">
    <p class='ocr_par' dir='ltr' id='par_1_6' title="bbox 553 3115 1976 4849">
     <span class='ocr_line' id='line_1_16' title="bbox 607 3115 1969 3220; baseline -0.002 -23"><span class='ocrx_word' id='word_1_138' title='bbox 607 3125 823 3220; x_wconf 84' lang='lat' dir='ltr'><strong>[Imperator]</strong></span> <span class='ocrx_word' id='word_1_139' title='bbox 829 3121 948 3194; x_wconf 89' lang='lat' dir='ltr'><strong>statuit</strong></span> <span class='ocrx_word' id='word_1_140' title='bbox 954 3120 989 3190; x_wconf 92' lang='lat' dir='ltr'><strong>in</strong></span> <span class='ocrx_word' id='word_1_141' title='bbox 997 3139 1102 3212; x_wconf 81' lang='lat' dir='ltr'><strong>ragno</strong></span> <span class='ocrx_word' id='word_1_142' title='bbox 1110 3118 1247 3193; x_wconf 89' lang='lat' dir='ltr'><strong>Siciliae</strong></span> <span class='ocrx_word' id='word_1_143' title='bbox 1256 3119 1389 3214; x_wconf 87' lang='lat' dir='ltr'><strong>bajulos</strong></span> <span class='ocrx_word' id='word_1_144' title='bbox 1397 3115 1499 3210; x_wconf 89' lang='lat' dir='ltr'><strong>duos,</strong></span> <span class='ocrx_word' id='word_1_145' title='bbox 1507 3117 1969 3216; x_wconf 89' lang='lat' dir='ltr'><strong>videlicetarchiopiscopum</strong></span> 
     </span>
     <span class='ocr_line' id='line_1_17' title="bbox 556 3243 1969 3342; baseline -0.003 -18"><span class='ocrx_word' id='word_1_146' title='bbox 556 3247 836 3324; x_wconf 86' lang='lat' dir='ltr'><strong>Panormitaunm</strong></span> <span class='ocrx_word' id='word_1_147' title='bbox 860 3252 895 3318; x_wconf 92' lang='lat' dir='ltr'><strong>et</strong></span> <span class='ocrx_word' id='word_1_148' title='bbox 912 3245 1209 3342; x_wconf 88' lang='lat' dir='ltr'><strong>archiepiscopum</strong></span> <span class='ocrx_word' id='word_1_149' title='bbox 1224 3243 1378 3340; x_wconf 87' lang='lat' dir='ltr'><strong>Capuae,</strong></span> <span class='ocrx_word' id='word_1_150' title='bbox 1397 3243 1609 3317; x_wconf 89' lang='lat' dir='ltr'><strong>constituens</strong></span> <span class='ocrx_word' id='word_1_151' title='bbox 1625 3243 1820 3318; x_wconf 86' lang='lat' dir='ltr'><strong>Conradum</strong></span> <span class='ocrx_word' id='word_1_152' title='bbox 1841 3245 1969 3341; x_wconf 89' lang='lat' dir='ltr'><strong>primo·</strong></span> 
     </span>
     <span class='ocr_line' id='line_1_18' title="bbox 558 3368 1970 3470; baseline -0.002 -23"><span class='ocrx_word' id='word_1_153' title='bbox 558 3373 713 3470; x_wconf 76' lang='lat' dir='ltr'><strong>genitum</strong></span> <span class='ocrx_word' id='word_1_154' title='bbox 725 3393 829 3447; x_wconf 89' lang='lat' dir='ltr'><strong>suum</strong></span> <span class='ocrx_word' id='word_1_155' title='bbox 841 3371 908 3444; x_wconf 90' lang='lat' dir='ltr'><strong>sub</strong></span> <span class='ocrx_word' id='word_1_156' title='bbox 920 3391 1040 3444; x_wconf 93' lang='lat' dir='ltr'><strong>eorum</strong></span> <span class='ocrx_word' id='word_1_157' title='bbox 1052 3369 1183 3442; x_wconf 87' lang='lat' dir='ltr'><strong>baliatu</strong></span> <span class='ocrx_word' id='word_1_158' title='bbox 1196 3391 1276 3442; x_wconf 92' lang='lat' dir='ltr'><strong>cum</strong></span> <span class='ocrx_word' id='word_1_159' title='bbox 1288 3371 1375 3442; x_wconf 79' lang='lat' dir='ltr'><strong>toret</strong></span> <span class='ocrx_word' id='word_1_160' title='bbox 1387 3368 1576 3443; x_wconf 82' lang='lat' dir='ltr'><strong>infantulus</strong></span> <span class='ocrx_word' id='word_1_161' title='bbox 1586 3368 1826 3461; x_wconf 90' lang='lat' dir='ltr'><strong>nutriendum,</strong></span> <span class='ocrx_word' id='word_1_162' title='bbox 1840 3369 1970 3466; x_wconf 89' lang='lat' dir='ltr'><strong>ipsum-</strong></span> 
     </span>
     <span class='ocr_line' id='line_1_19' title="bbox 559 3494 1969 3596; baseline -0.004 -23"><span class='ocrx_word' id='word_1_163' title='bbox 559 3521 629 3596; x_wconf 91' lang='lat' dir='ltr'><strong>que</strong></span> <span class='ocrx_word' id='word_1_164' title='bbox 646 3499 683 3572; x_wconf 95' lang='lat' dir='ltr'><strong>in</strong></span> <span class='ocrx_word' id='word_1_165' title='bbox 701 3498 832 3594; x_wconf 64' lang='lat' dir='ltr'><strong>gremio</strong></span> <span class='ocrx_word' id='word_1_166' title='bbox 854 3506 890 3572; x_wconf 89' lang='lat' dir='ltr'><strong>et</strong></span> <span class='ocrx_word' id='word_1_167' title='bbox 910 3495 1061 3572; x_wconf 84' lang='lat' dir='ltr'><strong>brachiis</strong></span> <span class='ocrx_word' id='word_1_168' title='bbox 1074 3494 1201 3570; x_wconf 86' lang='lat' dir='ltr'><strong>summi</strong></span> <span class='ocrx_word' id='word_1_169' title='bbox 1226 3494 1399 3592; x_wconf 88' lang='lat' dir='ltr'><strong>pontilicis</strong></span> <span class='ocrx_word' id='word_1_170' title='bbox 1420 3494 1689 3570; x_wconf 87' lang='lat' dir='ltr'><strong>commendavit.</strong></span> <span class='ocrx_word' id='word_1_171' title='bbox 1719 3497 1839 3590; x_wconf 84' lang='lat' dir='ltr'><strong>quue</strong></span> <span class='ocrx_word' id='word_1_172' title='bbox 1862 3495 1969 3568; x_wconf 89' lang='lat' dir='ltr'><strong>nuvi-</strong></span> 
     </span>
     <span class='ocr_line' id='line_1_20' title="bbox 559 3617 1969 3721; baseline -0.006 -21"><span class='ocrx_word' id='word_1_173' title='bbox 559 3633 663 3721; x_wconf 80' lang='lat' dir='ltr'><strong>gaute</strong></span> <span class='ocrx_word' id='word_1_174' title='bbox 687 3623 838 3698; x_wconf 91' lang='lat' dir='ltr'><strong>necdum</strong></span> <span class='ocrx_word' id='word_1_175' title='bbox 864 3621 910 3696; x_wconf 91' lang='lat' dir='ltr'><strong>ad</strong></span> <span class='ocrx_word' id='word_1_176' title='bbox 934 3623 1049 3694; x_wconf 91' lang='lat' dir='ltr'><strong>locum</strong></span> <span class='ocrx_word' id='word_1_177' title='bbox 1070 3619 1366 3718; x_wconf 88' lang='lat' dir='ltr'><strong>praedestinatum</strong></span> <span class='ocrx_word' id='word_1_178' title='bbox 1387 3618 1601 3714; x_wconf 78' lang='lat' dir='ltr'><strong>applicante,</strong></span> <span class='ocrx_word' id='word_1_179' title='bbox 1633 3639 1791 3692; x_wconf 90' lang='lat' dir='ltr'><strong>summus</strong></span> <span class='ocrx_word' id='word_1_180' title='bbox 1814 3617 1969 3713; x_wconf 77' lang='lat' dir='ltr'><strong>pontifex</strong></span> 
     </span>
     <span class='ocr_line' id='line_1_21' title="bbox 557 3741 1965 3842; baseline -0.008 -17"><span class='ocrx_word' id='word_1_181' title='bbox 557 3758 680 3824; x_wconf 88' lang='lat' dir='ltr'><strong>vocato</strong></span> <span class='ocrx_word' id='word_1_182' title='bbox 697 3748 744 3823; x_wconf 90' lang='lat' dir='ltr'><strong>ad</strong></span> <span class='ocrx_word' id='word_1_183' title='bbox 758 3769 796 3822; x_wconf 90' lang='lat' dir='ltr'><strong>se</strong></span> <span class='ocrx_word' id='word_1_184' title='bbox 811 3767 893 3842; x_wconf 78' lang='lat' dir='ltr'><strong>rege</strong></span> <span class='ocrx_word' id='word_1_185' title='bbox 906 3746 1061 3820; x_wconf 88' lang='lat' dir='ltr'><strong>Iohanne</strong></span> <span class='ocrx_word' id='word_1_186' title='bbox 1073 3745 1189 3841; x_wconf 88' lang='lat' dir='ltr'><strong>ipsum</strong></span> <span class='ocrx_word' id='word_1_187' title='bbox 1202 3765 1266 3841; x_wconf 88' lang='lat' dir='ltr'><strong>pro</strong></span> <span class='ocrx_word' id='word_1_188' title='bbox 1281 3753 1379 3840; x_wconf 90' lang='lat' dir='ltr'><strong>parte</strong></span> <span class='ocrx_word' id='word_1_189' title='bbox 1394 3743 1567 3818; x_wconf 77' lang='lat' dir='ltr'><strong>Ecclesiae</strong></span> <span class='ocrx_word' id='word_1_190' title='bbox 1581 3741 1752 3816; x_wconf 85' lang='lat' dir='ltr'><strong>vicariurn</strong></span> <span class='ocrx_word' id='word_1_191' title='bbox 1766 3743 1865 3838; x_wconf 77' lang='lat' dir='ltr'><strong>regni</strong></span> <span class='ocrx_word' id='word_1_192' title='bbox 1878 3765 1965 3817; x_wconf 93' lang='lat' dir='ltr'><strong>con-</strong></span> 
     </span>
     <span class='ocr_line' id='line_1_22' title="bbox 559 3865 1969 3965; baseline -0.005 -19"><span class='ocrx_word' id='word_1_193' title='bbox 559 3874 682 3964; x_wconf 90' lang='lat' dir='ltr'><strong>stitnit,</strong></span> <span class='ocrx_word' id='word_1_194' title='bbox 712 3926 721 3945; x_wconf 93' lang='lat'><strong>.</strong></span> <span class='ocrx_word' id='word_1_195' title='bbox 752 3926 762 3948; x_wconf 90' lang='lat'><strong>.</strong></span> <span class='ocrx_word' id='word_1_196' title='bbox 794 3871 976 3945; x_wconf 84' lang='lat' dir='ltr'><strong>.scribens</strong></span> <span class='ocrx_word' id='word_1_197' title='bbox 990 3870 1213 3944; x_wconf 91' lang='lat' dir='ltr'><strong>nihilominus</strong></span> <span class='ocrx_word' id='word_1_198' title='bbox 1226 3868 1508 3943; x_wconf 80' lang='lat' dir='ltr'><strong>universitatibus</strong></span> <span class='ocrx_word' id='word_1_199' title='bbox 1519 3865 1617 3965; x_wconf 84' lang='lat' dir='ltr'><strong>regni</strong></span> <span class='ocrx_word' id='word_1_200' title='bbox 1630 3865 1766 3941; x_wconf 89' lang='lat' dir='ltr'><strong>Siciliae</strong></span> <span class='ocrx_word' id='word_1_201' title='bbox 1777 3866 1876 3961; x_wconf 93' lang='lat' dir='ltr'><strong>quod</strong></span> <span class='ocrx_word' id='word_1_202' title='bbox 1888 3889 1969 3940; x_wconf 92' lang='lat' dir='ltr'><strong>cum</strong></span> 
     </span>
     <span class='ocr_line' id='line_1_23' title="bbox 557 3990 1968 4093; baseline -0.008 -20"><span class='ocrx_word' id='word_1_203' title='bbox 557 3997 753 4074; x_wconf 83' lang='lat' dir='ltr'><strong>Friderions</strong></span> <span class='ocrx_word' id='word_1_204' title='bbox 768 3997 953 4092; x_wconf 89' lang='lat' dir='ltr'><strong>imperator</strong></span> <span class='ocrx_word' id='word_1_205' title='bbox 965 3995 1061 4093; x_wconf 92' lang='lat' dir='ltr'><strong>apud</strong></span> <span class='ocrx_word' id='word_1_206' title='bbox 1073 3993 1169 4068; x_wconf 80' lang='lat' dir='ltr'><strong>Acon</strong></span> <span class='ocrx_word' id='word_1_207' title='bbox 1184 3993 1419 4090; x_wconf 86' lang='lat' dir='ltr'><strong>exinopinata</strong></span> <span class='ocrx_word' id='word_1_208' title='bbox 1430 4001 1540 4066; x_wconf 90' lang='lat' dir='ltr'><strong>morte</strong></span> <span class='ocrx_word' id='word_1_209' title='bbox 1550 3990 1749 4082; x_wconf 89' lang='lat' dir='ltr'><strong>decesserit,</strong></span> <span class='ocrx_word' id='word_1_210' title='bbox 1761 3991 1892 4064; x_wconf 89' lang='lat' dir='ltr'><strong>vicario</strong></span> <span class='ocrx_word' id='word_1_211' title='bbox 1905 4011 1968 4088; x_wconf 93' lang='lat' dir='ltr'><strong>per</strong></span> 
     </span>
     <span class='ocr_line' id='line_1_24' title="bbox 556 4115 1971 4215; baseline -0.008 -15"><span class='ocrx_word' id='word_1_212' title='bbox 556 4123 746 4200; x_wconf 82' lang='lat' dir='ltr'><strong>Ecclesiam</strong></span> <span class='ocrx_word' id='word_1_213' title='bbox 762 4121 934 4196; x_wconf 90' lang='lat' dir='ltr'><strong>ordinato.</strong></span> <span class='ocrx_word' id='word_1_214' title='bbox 966 4176 975 4196; x_wconf 90' lang='lat'><strong><em>.</em></strong></span> <span class='ocrx_word' id='word_1_215' title='bbox 1005 4175 1014 4192; x_wconf 92' lang='lat'>.</span> <span class='ocrx_word' id='word_1_216' title='bbox 1046 4173 1055 4194; x_wconf 93' lang='lat'><strong>.</strong></span> <span class='ocrx_word' id='word_1_217' title='bbox 1082 4120 1117 4192; x_wconf 94' lang='lat' dir='ltr'><strong>in</strong></span> <span class='ocrx_word' id='word_1_218' title='bbox 1131 4119 1295 4194; x_wconf 84' lang='lat' dir='ltr'><strong>omnibns</strong></span> <span class='ocrx_word' id='word_1_219' title='bbox 1311 4140 1402 4215; x_wconf 91' lang='lat' dir='ltr'><strong>quae</strong></span> <span class='ocrx_word' id='word_1_220' title='bbox 1417 4119 1493 4214; x_wconf 90' lang='lat' dir='ltr'><strong>ipse</strong></span> <span class='ocrx_word' id='word_1_221' title='bbox 1510 4117 1651 4192; x_wconf 92' lang='lat' dir='ltr'><strong>nomine</strong></span> <span class='ocrx_word' id='word_1_222' title='bbox 1666 4119 1784 4189; x_wconf 86' lang='lat' dir='ltr'><strong>matris</strong></span> <span class='ocrx_word' id='word_1_223' title='bbox 1796 4115 1971 4191; x_wconf 84' lang='lat' dir='ltr'><strong>Ecclesiae</strong></span> 
     </span>
     <span class='ocr_line' id='line_1_25' title="bbox 555 4237 1972 4344; baseline -0.007 -22"><span class='ocrx_word' id='word_1_224' title='bbox 555 4249 696 4344; x_wconf 85' lang='lat' dir='ltr'><strong>jusserit</strong></span> <span class='ocrx_word' id='word_1_225' title='bbox 707 4247 916 4321; x_wconf 89' lang='lat' dir='ltr'><strong>obediantet</strong></span> <span class='ocrx_word' id='word_1_226' title='bbox 929 4245 1121 4320; x_wconf 89' lang='lat' dir='ltr'><strong>intendant.</strong></span> <span class='ocrx_word' id='word_1_227' title='bbox 1135 4244 1285 4332; x_wconf 86' lang='lat' dir='ltr'><strong>Quidam</strong></span> <span class='ocrx_word' id='word_1_228' title='bbox 1297 4243 1384 4317; x_wconf 90' lang='lat' dir='ltr'><strong>haec</strong></span> <span class='ocrx_word' id='word_1_229' title='bbox 1398 4243 1596 4338; x_wconf 80' lang='lat' dir='ltr'><strong>ignorantes</strong></span> <span class='ocrx_word' id='word_1_230' title='bbox 1608 4263 1631 4315; x_wconf 90' lang='lat' dir='ltr'><strong>n</strong></span> <span class='ocrx_word' id='word_1_231' title='bbox 1645 4237 1716 4315; x_wconf 86' lang='lat' dir='ltr'><strong>lide</strong></span> <span class='ocrx_word' id='word_1_232' title='bbox 1729 4239 1883 4314; x_wconf 87' lang='lat' dir='ltr'><strong>Caesaris</strong></span> <span class='ocrx_word' id='word_1_233' title='bbox 1897 4241 1972 4312; x_wconf 91' lang='lat' dir='ltr'><strong>mi—</strong></span> 
     </span>
     <span class='ocr_line' id='line_1_26' title="bbox 560 4363 1974 4459; baseline -0.007 -11"><span class='ocrx_word' id='word_1_234' title='bbox 560 4375 655 4449; x_wconf 92' lang='lat' dir='ltr'><strong>nime</strong></span> <span class='ocrx_word' id='word_1_235' title='bbox 676 4373 858 4449; x_wconf 67' lang='lat' dir='ltr'><strong>dementes</strong></span> <span class='ocrx_word' id='word_1_236' title='bbox 878 4371 1026 4446; x_wconf 87' lang='lat' dir='ltr'><strong>Conradi</strong></span> <span class='ocrx_word' id='word_1_237' title='bbox 1044 4391 1170 4443; x_wconf 90' lang='lat' dir='ltr'><strong>nomen</strong></span> <span class='ocrx_word' id='word_1_238' title='bbox 1188 4377 1223 4444; x_wconf 89' lang='lat' dir='ltr'><strong>ct</strong></span> <span class='ocrx_word' id='word_1_239' title='bbox 1245 4369 1439 4442; x_wconf 92' lang='lat' dir='ltr'><strong>dominium</strong></span> <span class='ocrx_word' id='word_1_240' title='bbox 1462 4367 1688 4459; x_wconf 73' lang='lat' dir='ltr'><strong>invocabant,</strong></span> <span class='ocrx_word' id='word_1_241' title='bbox 1714 4365 1773 4439; x_wconf 87' lang='lat' dir='ltr'><strong>alii</strong></span> <span class='ocrx_word' id='word_1_242' title='bbox 1796 4387 1880 4439; x_wconf 88' lang='lat' dir='ltr'><strong>vero</strong></span> <span class='ocrx_word' id='word_1_243' title='bbox 1901 4363 1974 4438; x_wconf 87' lang='lat' dir='ltr'><strong>fide</strong></span> 
     </span>
     <span class='ocr_line' id='line_1_27' title="bbox 560 4491 1972 4592; baseline -0.008 -18"><span class='ocrx_word' id='word_1_244' title='bbox 560 4498 713 4575; x_wconf 60' lang='lat' dir='ltr'><strong>&amp;eumn</strong></span> <span class='ocrx_word' id='word_1_245' title='bbox 731 4497 903 4592; x_wconf 77' lang='lat' dir='ltr'><strong>abnegata</strong></span> <span class='ocrx_word' id='word_1_246' title='bbox 926 4494 1099 4570; x_wconf 88' lang='lat' dir='ltr'><strong>mandatis</strong></span> <span class='ocrx_word' id='word_1_247' title='bbox 1121 4493 1376 4590; x_wconf 88' lang='lat' dir='ltr'><strong>pontificalibus</strong></span> <span class='ocrx_word' id='word_1_248' title='bbox 1405 4492 1641 4567; x_wconf 90' lang='lat' dir='ltr'><strong>inhaerebant.</strong></span> <span class='ocrx_word' id='word_1_249' title='bbox 1672 4491 1828 4586; x_wconf 90' lang='lat' dir='ltr'><strong>Cumque</strong></span> <span class='ocrx_word' id='word_1_250' title='bbox 1855 4497 1972 4563; x_wconf 90' lang='lat' dir='ltr'><strong>autem</strong></span> 
     </span>
     <span class='ocr_line' id='line_1_28' title="bbox 553 4615 1971 4719; baseline -0.008 -19"><span class='ocrx_word' id='word_1_251' title='bbox 553 4624 712 4700; x_wconf 86' lang='lat' dir='ltr'><strong>¹vicarius</strong></span> <span class='ocrx_word' id='word_1_252' title='bbox 727 4623 786 4696; x_wconf 87' lang='lat' dir='ltr'><strong>ille</strong></span> <span class='ocrx_word' id='word_1_253' title='bbox 799 4621 896 4719; x_wconf 90' lang='lat' dir='ltr'><strong>apud</strong></span> <span class='ocrx_word' id='word_1_254' title='bbox 912 4622 1079 4715; x_wconf 84' lang='lat' dir='ltr'><strong>Bojanum</strong></span> <span class='ocrx_word' id='word_1_255' title='bbox 1096 4617 1310 4715; x_wconf 86' lang='lat' dir='ltr'><strong>pervenisset</strong></span> <span class='ocrx_word' id='word_1_256' title='bbox 1324 4627 1360 4690; x_wconf 92' lang='lat' dir='ltr'><strong>et</strong></span> <span class='ocrx_word' id='word_1_257' title='bbox 1376 4626 1556 4714; x_wconf 87' lang='lat' dir='ltr'><strong>quaereret</strong></span> <span class='ocrx_word' id='word_1_258' title='bbox 1570 4615 1657 4690; x_wconf 92' lang='lat' dir='ltr'><strong>illud</strong></span> <span class='ocrx_word' id='word_1_259' title='bbox 1670 4615 1762 4689; x_wconf 93' lang='lat' dir='ltr'><strong>bello</strong></span> <span class='ocrx_word' id='word_1_260' title='bbox 1775 4623 1971 4706; x_wconf 88' lang='lat' dir='ltr'><strong>conterere,</strong></span> 
     </span>
     <span class='ocr_line' id='line_1_29' title="bbox 562 4737 1976 4849; baseline -0.011 -25"><span class='ocrx_word' id='word_1_261' title='bbox 562 4746 731 4849; x_wconf 90' lang='lat' dir='ltr'><strong>praedicti</strong></span> <span class='ocrx_word' id='word_1_262' title='bbox 745 4746 817 4820; x_wconf 92' lang='lat' dir='ltr'><strong>dno</strong></span> <span class='ocrx_word' id='word_1_263' title='bbox 834 4743 918 4819; x_wconf 88' lang='lat' dir='ltr'><strong>belii</strong></span> <span class='ocrx_word' id='word_1_264' title='bbox 931 4753 1061 4818; x_wconf 69' lang='lat' dir='ltr'><strong>sontes</strong></span> <span class='ocrx_word' id='word_1_265' title='bbox 1078 4743 1115 4815; x_wconf 94' lang='lat' dir='ltr'><strong>in</strong></span> <span class='ocrx_word' id='word_1_266' title='bbox 1131 4742 1241 4816; x_wconf 88' lang='lat' dir='ltr'><strong>muris</strong></span> <span class='ocrx_word' id='word_1_267' title='bbox 1256 4741 1406 4816; x_wconf 88' lang='lat' dir='ltr'><strong>civitatis</strong></span> <span class='ocrx_word' id='word_1_268' title='bbox 1421 4749 1458 4814; x_wconf 91' lang='lat' dir='ltr'><strong>et</strong></span> <span class='ocrx_word' id='word_1_269' title='bbox 1473 4747 1628 4814; x_wconf 87' lang='lat' dir='ltr'><strong>tenentes</strong></span> <span class='ocrx_word' id='word_1_270' title='bbox 1651 4739 1689 4812; x_wconf 93' lang='lat' dir='ltr'><strong>in</strong></span> <span class='ocrx_word' id='word_1_271' title='bbox 1710 4737 1803 4812; x_wconf 91' lang='lat' dir='ltr'><strong>ulnis</strong></span> <span class='ocrx_word' id='word_1_272' title='bbox 1818 4737 1976 4812; x_wconf 88' lang='lat' dir='ltr'><strong>inlautu-</strong></span> 
     </span>
    </p>
   </div>
   <div class='ocr_carea' id='block_1_6' title="bbox 0 0 2330 6084">
    <p class='ocr_par' dir='ltr' id='par_1_7' title="bbox 0 0 2330 6084">
     <span class='ocr_line' id='line_1_30' title="bbox 0 0 2330 6084; baseline 0 0"><span class='ocrx_word' id='word_1_273' title='bbox 0 0 2330 6084; x_wconf 95' lang='lat' dir='ltr'><strong> </strong></span> 
     </span>
    </p>
   </div>
  </div>
 </body>
</html>
