4658 6132
325 632 425 698 unes
440 627 486 704 a]
779 619 976 686 ursaonra
998 619 1291 687 nrnnouarrca.
1675 603 1735 684 res

327 765 567 859 incompacta
586 778 654 835 suo
670 756 801 852 genitu
820 755 1080 834 tribulationum
1102 759 1290 832 multarum
1306 776 1456 851 quarum
1471 763 1656 850 tempestus
1670 777 1735 830 vos

327 896 364 964 et
376 886 467 962 alios
477 882 638 960 homines
655 881 753 976 regni
769 879 1129 976 enumeransque
1144 879 1359 980 depresserat
1374 887 1512 974 atpane
1527 877 1737 954 demerserat

327 1011 365 1083 in
377 1006 776 1106 'prolundnmpmaterno
785 1003 912 1082 affeetu
923 1003 1135 1100 compatiens
1146 1003 1391 1080 afflictionibus
1404 1003 1553 1076 filiorum
1560 1003 1624 1098 qui
1633 1003 1736 1098 quasi

328 1131 457 1204 inluta
471 1139 506 1204 ot
517 1130 625 1202 latere
635 1129 744 1204 conci
759 1129 896 1203 inerunt
912 1126 1105 1219 deservire,
1122 1125 1298 1202 desiderio
1312 1125 1523 1203 desideravit
1538 1135 1578 1199 ut
1587 1128 1676 1220 jugo
1689 1125 1735 1200 ab

328 1267 456 1328 oerum
467 1252 662 1328 cervicibus
679 1259 749 1324 tam
762 1251 852 1324 dure
867 1249 1044 1325 servitutis
1057 1271 1207 1324 excusso
1222 1248 1326 1324 linem
1343 1250 1390 1324 iis
1401 1249 1485 1324 dare
1497 1251 1665 1324 Dominus
1682 1249 1737 1324 di·

328 1385 505 1472 gnaram.
521 1376 562 1451 In
575 1375 699 1450 edecta
718 1395 859 1470 quoque
876 1373 1072 1470 producens
1084 1374 1182 1470 quod
1199 1375 1238 1448 in
1250 1373 1376 1450 affectu
1392 1375 1533 1468 gerebat
1546 1375 1584 1446 in
1602 1397 1640 1448 se
1659 1397 1737 1448 sus·

328 1499 421 1596 oepit
437 1499 615 1595 negotium
634 1509 670 1574 ct
684 1499 846 1572 submisit
867 1499 1020 1574 humeris
1038 1497 1322 1594 adpetendum,
1343 1519 1406 1595 pro
1419 1497 1649 1594 quo'qnidem
1671 1519 1737 1571 ex·

328 1623 445 1720 posuit
469 1644 515 1696 se
541 1623 716 1698 laboribus
739 1632 777 1696 et
800 1621 964 1718 expensis
987 1621 1178 1696 innumeris
1210 1629 1245 1695 et
1276 1623 1431 1718 personis
1461 1621 1565 1694 etium
1593 1641 1737 1694 sumum

331 1743 485 1820 lidelium
503 1765 573 1819 non
587 1745 742 1841 pepercit
758 1746 943 1840 languores
957 1745 1071 1818 terens
1088 1765 1150 1839 par
1166 1743 1234 1818 boo
1254 1753 1290 1818 ot
1306 1753 1447 1840 portans
1469 1745 1605 1818 dolores
1623 1745 1737 1818 bomi-

331 1889 414 1942 num
439 1866 684 1964 predictorum,
702 1868 788 1944 cam
807 1867 914 1962 igitur
932 1867 1067 1942 reducti
1087 1867 1163 1940 sitis
1188 1865 1235 1940 ad
1258 1865 1458 1941 fidelitatem
1481 1875 1518 1940 et
1538 1867 1734 1941 dominium

330 1989 482 2066 Romane
503 1991 654 2066 Ecclesia
680 1990 728 2066 ad
748 2012 857 2087 qum
876 2011 947 2066 non
976 1989 1224 2066 cratrdubinm
1242 2012 1307 2064 vos
1323 1999 1479 2088 spectare
1492 2043 1503 2082 ,
1515 1989 1734 2079 :adherentes

330 2112 420 2188 sient
433 2113 580 2208 subiecti
594 2123 630 2188 et
643 2113 765 2190 fideles
777 2115 893 2192 cidem
902 2115 1002 2207 cujus
1014 2115 1259 2210 mvejugum
1271 2125 1307 2188 st
1321 2136 1410 2188 onus
1424 2117 1501 2208 ejus
1516 2123 1569 2188 est
1584 2115 1675 2201 lave,
1692 2135 1736 2196 ac

329 2251 393 2333 per
411 2236 478 2312 boc
498 2256 569 2312 non
583 2237 761 2334 illiusque
773 2239 811 2312 in
828 2238 1030 2313 servitutem
1047 2247 1190 2332 generat
1206 2237 1269 2312 sed
1283 2238 1392 2312 libare
1407 2237 1661 2325 direxissetis,
1679 2237 1735 2310 di·

330 2383 438 2455 gnum
454 2371 560 2434 estut
577 2361 623 2436 ab
646 2361 814 2436 uberibus
829 2360 1071 2436 consolationis
1091 2361 1186 2436 sedis
1201 2362 1387 2458 apostolius
1403 2361 1523 2436 mauis
1539 2369 1575 2434 et
1595 2360 1737 2434 dominc

330 2493 445 2558 vesus
458 2485 584 2559 amodo
596 2486 811 2577 recreamini,
831 2484 1026 2578 gaudentes
1038 2506 1119 2558 curn
1137 2486 1244 2558 letitia
1255 2486 1317 2580 qui
1337 2487 1374 2558 in
1393 2485 1531 2558 tristitia
1552 2483 1728 2558 extitistis.

330 2605 380 2682 sa
396 2617 554 2703 propter,
575 2607 692 2684 dilecti
713 2609 750 2682 in
762 2609 909 2682 Domino
921 2607 1004 2699 lilii,
1019 2609 1144 2682 vestris
1159 2610 1350 2684 commodis
1365 2609 1549 2706 providere
1559 2609 1731 2698 volentes,

335 2752 417 2806 cum
426 2733 579 2806 Romana
586 2733 740 2806 Ecclesia
748 2733 933 2806 clementer
941 2733 1137 2829 prospicere
1150 2732 1369 2806 consueverit
1381 2731 1586 2804 utilitatibus
1597 2731 1736 2824 subjec-

332 2864 457 2944 mrum,
476 2856 601 2929 veseis
618 2857 926 2953 supplicationibus
947 2856 1101 2929 inclinati
1116 2855 1162 2930 de
1181 2856 1357 2930 communi
1372 2857 1517 2960 fratrum
1538 2865 1734 2928 nostrorum

333 2978 475 3052 oonsilio
491 2987 527 3052 et
538 2987 685 3054 mansu
701 2979 924 3054 ccnmdimus
941 2979 979 3052 in
992 2978 1206 3075 preficiendo
1218 2989 1419 3074 potestatoe,
1434 2980 1596 3052 consulas
1609 2987 1644 3052 et
1658 2999 1736 3052 reo·

334 3109 424 3174 toras
436 3110 474 3176 ct
490 3102 528 3174 in
543 3103 705 3176 omnibus
722 3103 801 3176 aliis
817 3103 1008 3176 libertatmn
1024 3123 1131 3197 quam
1147 3102 1252 3174 babet
1268 3125 1290 3174 a
1305 3102 1392 3176 sade
1407 3103 1593 3197 apostolica
1612 3100 1737 3174 civitas

334 3222 533 3318 Anagnica3
547 3225 799 3300 immunitatem
811 3247 1025 3322 quoquepm
1035 3234 1146 3298 totum
1156 3247 1303 3320 regnum
1315 3248 1336 3298 a
1349 3225 1557 3320 prestatione
1567 3223 1732 3320 passagii,

335 3347 487 3442 pedagii,
501 3349 697 3442 falnngatici
714 3371 757 3423 ac
771 3349 920 3424 dationis
932 3369 1008 3444 que
1023 3348 1177 3421 directus
1186 3349 1381 3444 mulgentur
1396 3347 1524 3422 dicitur
1543 3347 1591 3420 ad
1603 3347 1736 3419 curiam

334 3469 577 3564 pertinentium
589 3482 625 3546 et
639 3471 858 3546 medietatem
875 3488 997 3544 eorum
1012 3493 1082 3566 qua
1096 3493 1158 3568 pro
1172 3471 1312 3548 offensis
1329 3471 1499 3549 debentur
1515 3493 1596 3544 cnm
1611 3469 1739 3563 magis·

334 3600 424 3665 tratu
448 3597 657 3689 putentiatus
680 3597 856 3692 galearum
882 3619 903 3669 a
925 3597 1109 3670 Policastro
1132 3619 1245 3691 usque
1262 3597 1415 3670 Gaietam
1435 3596 1483 3669 de
1503 3595 1612 3690 gratia
1637 3593 1738 3666 vobis

336 3716 557 3792 concedimus
572 3719 717 3794 liberali.
732 3718 889 3794 Cndendi
902 3718 1005 3794 etiam
1021 3727 1195 3794 monetam
1209 3719 1482 3812 argenteamubi
1498 3739 1545 3793 cx
1562 3738 1632 3792 nna
1644 3721 1740 3810 purte

336 3836 450 3934 imago
464 3842 585 3937 capitis
595 3843 688 3918 beati
698 3842 886 3950 Petricnm
901 3843 1189 3941 superscriptione
1203 3843 1351 3916 civitatis
1366 3853 1493 3934 vestre,
1511 3863 1558 3914 ax
1573 3840 1641 3914 alia
1654 3859 1739 3912 vero

336 3961 374 4037 in
385 3964 600 4061 mediupape
611 3978 647 4040 et
659 3969 696 4040 in
712 3967 841 4043 circulo
854 3967 1100 4064 superscriptio
1113 3967 1220 4042 nostri
1233 3967 1383 4043 nominis
1396 3967 1600 4055 habeantur,
1617 3974 1652 4036 et
1665 3986 1740 4050 am·

336 4084 469 4180 plaudi
486 4088 825 4165 civitatemvcstram
842 4091 903 4164 vel*
916 4090 1103 4166 edificandi
1126 4111 1252 4165 novam
1273 4091 1311 4162 in
1331 4097 1448 4164 monte
1474 4089 1583 4162 sancti
1602 4086 1739 4160 Martini

335 4227 443 4304 prope
461 4211 572 4306 posito
586 4211 729 4287 liberam
742 4213 843 4287 vobis
857 4213 1078 4290 concedimus
1095 4213 1313 4306 facultatem,
1339 4213 1388 4286 ita
1409 4213 1504 4308 quod
1524 4233 1586 4306 pro
1603 4218 1741 4283 moneta

334 4334 490 4428 quolibet
507 4358 598 4411 anno
611 4361 691 4412 cum
704 4362 782 4414 eam
795 4339 924 4416 endem
939 4339 1119 4436 contigerit
1130 4340 1382 4436 quinquaginta
1393 4347 1530 4412 tarenos
1544 4335 1620 4410 auri
1637 4336 1739 4409 nobis

336 4466 371 4531 ct
398 4459 524 4532 nostris
541 4463 798 4536 successoribus
818 4464 1033 4560 persolvetis.
1055 4465 1199 4558 insuper
1219 4482 1341 4536 ornnes
1361 4463 1533 4536 libertates
1548 4479 1740 4553 omnesque

337 4581 529 4656 laudabiles
544 4585 810 4660 consuetudines
824 4610 912 4682 quas
927 4585 1097 4660 habuistis
1115 4595 1267 4682 tempore
1282 4585 1373 4658 clare
1389 4584 1552 4658 memorie
1568 4583 1739 4656 Guillelmi

338 4705 375 4778 in
392 4707 550 4782 creandis
561 4711 775 4804 consulibus,
788 4711 967 4806 judicibus
979 4719 1015 4785 et
1027 4711 1106 4786 aliis
1115 4710 1321 4786 officialibus
1332 4710 1458 4786 annuis
1475 4731 1517 4785 ac
1529 4707 1683 4800 notariis,
1702 4707 1739 4779 in
