4652 6092
905 651 1219 716 beataemariae.

405 1227 638 1334 Fridericus‚
662 1227 924 1312 Romanorum
947 1225 1166 1336 imperator,
1191 1225 1421 1310 monasterio
1439 1225 1567 1308 Sancti
1590 1224 1769 1334 Stephani

353 1361 402 1444 de
414 1362 576 1448 Nemore
590 1361 866 1446 restitutionem
884 1369 1007 1444 terrae
1020 1359 1148 1442 Sancti
1161 1360 1306 1442 Leontii
1323 1370 1361 1443 et
1378 1360 1671 1442 tenimentorum
1687 1357 1770 1468 ejus

353 1494 568 1604 oontirmet,
583 1503 622 1578 et
630 1493 845 1605 justitiariis
860 1493 1163 1604 officialibusque
1182 1493 1379 1578 Calabriae
1392 1493 1539 1578 inhibet
1560 1519 1608 1576 ne
1629 1503 1709 1574 tam
1722 1493 1770 1576 de

352 1628 588 1713 restitutione
613 1627 784 1738 praelata
809 1653 928 1738 quam
954 1629 1003 1711 de
1029 1627 1112 1710 aliis
1141 1627 1444 1736 possessionibus
1470 1626 1593 1710 eidem
1624 1651 1769 1710 mona-

354 1761 467 1844 sterio
484 1771 571 1870 post
592 1761 738 1844 curiam
762 1761 983 1870 Capuanum
1001 1759 1235 1846 confirmatis
1257 1758 1354 1842 illud
1376 1759 1576 1843 molestent
1601 1759 1660 1842 vel
1688 1785 1771 1844 mo

355 1893 484 1978 lestari
501 1895 734 2004 permittant.

434 2132 528 2215 (ada
538 2151 584 2214 ap
601 2133 840 2209 hamster.
856 2131 977 2198 detaut
998 2135 1129 2210 darem,
1148 2141 1171 2196 t.
1190 2135 1229 2210 V,
1244 2135 1369 2213 append.
1385 2135 1426 2210 ΙΙ,
1440 2150 1470 2212 p.
1487 2142 1559 2212 aas,
1572 2142 1606 2194 n·
1618 2132 1768 2212 LXXXV,

472 2255 512 2302 ex
532 2245 720 2320 bassumpto
744 2241 915 2304 sumendos
936 2259 990 2320 per
1014 2242 1182 2304 iohannem
1205 2242 1243 2302 de
1267 2241 1403 2303 Calabria
1422 2241 1554 2320 jndicem
1576 2239 1671 2302 mileu
1692 2239 1770 2302 tacto

474 2363 546 2408 auu.
565 2357 658 2422 1²⁵9,
684 2357 721 2409 to
740 2348 889 2428 decemb„
909 2350 1014 2410 tertiae
1031 2348 1213 2410 indictionis.
1229 2349 1317 2423 Quod
1335 2348 1525 2426 privilegium
1537 2363 1606 2408 enm
1624 2347 1663 2408 ad
1682 2363 1772 2412 snum

473 2453 571 2515 locum
592 2457 689 2532 primo
708 2471 768 2516 non
789 2457 1000 2530 invenerimus,
1019 2455 1059 2516 ad
1070 2471 1139 2534 pag.
1157 2463 1195 2516 65
1210 2455 1417 2516 tantummodo
1430 2453 1668 2516 memoravimus.
1683 2455 1771 2518 Nunc

473 2566 572 2622 anem
584 2563 733 2640 integrum
746 2561 863 2624 mendis
876 2564 1013 2624 correctis
1026 2559 1226 2640 exhibemus.)

401 2772 588 2847 Fodericus
603 2775 667 2848 Dei
689 2775 799 2871 gratia
816 2775 1049 2850 Romanorum
1062 2776 1265 2872 imperator,
1283 2797 1421 2873 semper
1440 2785 1627 2871 augustus,
1647 2777 1768 2850 Hieru-

352 2896 459 2972 salem
475 2907 509 2972 et
534 2899 651 2974 Sicilie
673 2922 755 2987 rex,
776 2901 988 2996 justitiariis,
1013 2902 1210 2976 camerariis
1224 2911 1257 2975 et
1280 2901 1406 2996 bajulis
1425 2901 1580 2975 Calabria
1597 2909 1667 2974 tem
1683 2923 1769 2998 pre-

352 3021 509 3096 sentibus
537 3046 644 3118 qnam
664 3023 787 3096 tuturis
810 3025 956 3120 gratiam
980 3048 1079 3098 suam
1101 3035 1136 3099 et
1154 3026 1281 3099 bonam
1306 3027 1532 3100 voluntatem.
1555 3025 1611 3096 Ex
1627 3027 1769 3120 querela

352 3148 561 3221 venerabilis
577 3149 713 3222 abbatis
727 3160 762 3224 et
774 3159 965 3224 conventus
981 3151 1095 3224 Sancti
1111 3151 1275 3247 Stephani
1291 3151 1336 3225 de
1347 3151 1493 3224 Nemore
1510 3147 1665 3222 fidelium
1684 3171 1768 3223 nos·

352 3277 484 3342 uorum
501 3291 614 3366 nuper
635 3281 751 3346 nostra
770 3273 937 3347 serenitas
956 3273 1126 3348 intellexit
1139 3275 1252 3368 quod,
1271 3295 1352 3348 cnm
1372 3273 1507 3348 dndnm
1523 3274 1685 3366 magister
1702 3275 1770 3348 Pe-

353 3401 428 3464 trus
450 3392 497 3467 de
524 3397 650 3470 Sancto
671 3395 842 3471 Germano
860 3399 1015 3472 serviciis
1042 3399 1168 3472 nostris
1194 3399 1231 3472 in
1254 3398 1411 3472 Calabria
1433 3397 1639 3472 constitutus
1665 3419 1770 3492 snper

353 3514 517 3590 demanio
537 3519 735 3594 revocando
757 3521 1001 3595 antecedentes
1023 3531 1058 3594 et
1074 3522 1167 3618 ipsos
1193 3521 1238 3595 de
1261 3529 1351 3594 terra
1373 3521 1467 3594 Santi
1484 3519 1615 3594 leonti
1630 3529 1666 3594 st
1682 3520 1770 3594 teni·

352 3640 478 3715 menda
497 3643 574 3737 ejus
596 3643 824 3738 destituisset,
846 3645 1067 3742 postmodum
1086 3643 1132 3720 de
1156 3643 1241 3741 ipsis
1263 3643 1513 3718 restitutionem
1536 3663 1599 3738 per
1624 3643 1770 3736 gratiam

352 3773 469 3838 nosue
485 3767 701 3842 celsitudinis
726 3769 924 3843 babuerunt
939 3777 974 3842 et
987 3769 1028 3842 in
1044 3791 1086 3843 ea
1102 3768 1320 3866 possessione
1333 3791 1404 3863 qua
1421 3767 1518 3863 prius
1539 3767 1675 3841 luerent
1689 3777 1772 3841 sunt

352 3885 502 3964 reducti.
524 3890 625 3962 Nunc
646 3911 731 3964 vere
751 3890 905 3986 quadam
920 3890 1101 3964 occasione
1124 3889 1355 3964 destitutionis
1372 3889 1504 3986 pretate
1524 3890 1770 3964 monasterinm

351 4010 468 4109 ipsum
483 4012 528 4087 de
541 4013 738 4088 tommentis
750 4013 914 4111 predictis
926 4015 1114 4090 molestetis
1126 4013 1362 4090 admcdnmet
1371 4013 1592 4111 perturbatis,
1607 4013 1771 4089 vexando

351 4135 577 4212 nibilominus
596 4157 656 4211 eos
672 4159 777 4235 snper
800 4139 1077 4236 possessionibus
1096 4138 1175 4212 aliis
1191 4159 1281 4234 quas
1301 4146 1456 4235 tempore
1477 4137 1569 4234 rogis
1585 4138 1770 4214 Guillielmi

352 4259 463 4334 seticis
488 4261 653 4335 memorie
678 4271 880 4358 mnnemnt,
908 4285 1042 4340 necnon
1068 4271 1104 4338 'et
1128 4271 1246 4338 conca
1271 4261 1564 4336 confirmationem
1592 4283 1699 4358 mam
1723 4264 1770 4338 ab

351 4382 556 4458 excedentia
567 4391 685 4458 nostra
698 4405 737 4458 sa
747 4394 907 4460 assemnt
915 4386 1134 4482 impetrasse,
1151 4385 1273 4458 venire
1285 4385 1518 4458 molestatores
1531 4405 1651 4458 eornm
1666 4389 1768 4478 [non]

351 4503 530 4592 dubitare,
557 4507 648 4582 sicut
662 4507 798 4583 mount.
818 4511 947 4586 Verum
964 4510 1050 4606 qnia
1066 4509 1246 4604 ecclesias,
1271 4510 1348 4582 loca
1366 4509 1528 4604 religiosa
1548 4518 1585 4584 et
1604 4511 1770 4608 precipua

351 4631 598 4706 monmterium
619 4634 735 4731 ipsum
751 4635 849 4731 quod
869 4635 1105 4732 progenitores
1127 4635 1234 4708 nostri
1256 4655 1336 4708 cnm
1354 4634 1464 4708 multa
1480 4633 1664 4710 deuotione
1684 4637 1769 4712 lun-

352 4753 542 4852 davernnt,
569 4759 732 4834 nolumus
756 4759 793 4834 in
816 4759 890 4836 suis
903 4759 1055 4856 justiciis
1073 4759 1286 4858 perturbari,
1308 4755 1463 4834 fidelitati
1489 4767 1602 4836 vestre
1626 4759 1769 4840 tirmiter
