4710 6076
647 555 707 618 36⁰
1168 553 1337 616 llellilGl
1362 555 1531 618 stlttttt
1868 556 1948 640 [Aac.
1967 559 2054 621 1227.

645 689 847 764 Adelbeidis
861 689 1000 764 nomine
1013 689 1076 762 luit
1091 689 1137 764 de
1148 689 1378 764 Vecbeubeim
1392 689 1458 788 (l),
1477 693 1536 766 oui
1552 691 1718 766 successit
1733 713 1896 788 germana
1910 715 1975 766 sua
1987 714 2054 766 no-

648 813 740 886 mine
760 811 876 908 Agnes
894 813 960 885 sub
981 813 1081 906 cujus
1100 821 1253 908 tempore
1270 815 1373 888 irater
1391 814 1535 910 quidam
1559 815 1699 888 nomine
1722 815 1936 890 Reiuboldus
1961 815 2052 890 idern

647 936 770 1009 novale
795 937 958 1009 excoluit.
980 937 1090 1010 Tertia
1117 957 1200 1009 vem
1220 937 1395 1010 abbatissa
1421 938 1498 1011 Utta
1523 939 1662 1014 nomino
1682 940 1751 1013 sub
1777 939 1877 1032 cujus
1902 949 2053 1036 tempore

646 1059 789 1157 quidam
803 1061 979 1156 presbyter
994 1059 1197 1157 liudolphus
1221 1062 1359 1136 nomine
1380 1061 1416 1135 in
1432 1061 1556 1136 eodem
1579 1062 1695 1137 novali
1709 1063 1848 1136 vineam
1870 1063 2048 1159 plantavit.

646 1187 773 1272 Quarta
792 1206 875 1258 vero
898 1185 1071 1258 abbatissa
1088 1185 1206 1280 Agnes
1224 1186 1364 1260 nomine
1378 1185 1445 1260 luit
1458 1185 1504 1260 de
1519 1183 1625 1260 Rode.
1644 1185 1772 1273 Quinta
1785 1185 1960 1260 abbatissa
1974 1187 2052 1260 lJtta

647 1309 786 1383 nomine
800 1309 866 1380 luit
883 1308 929 1384 de
942 1309 1110 1398 Surbnrc,
1133 1310 1201 1382 sub
1221 1310 1321 1403 cujus
1340 1309 1508 1404 regimine
1526 1331 1590 1382 nos
1604 1331 1685 1382 cum
1708 1309 1881 1390 mediato
1898 1309 2052 1406 prediob

647 1433 828 1506 cenobium
846 1433 882 1505 in
900 1431 1106 1528 Regisponte
1122 1433 1368 1528 legitimatioue
1387 1443 1555 1531 perpetua
1572 1435 1681 1508 torma
1701 1433 1932 1508 concessionis
1950 1433 2053 1508 dota·

645 1559 773 1632 vimus.
792 1560 863 1632 Nec
880 1556 946 1630 boc
964 1566 1017 1630 ost
1034 1557 1353 1654 pretermittendum
1370 1557 1466 1652 quod
1483 1559 1548 1632 iste
1566 1557 1723 1654 quinque
1739 1557 1913 1632 abbatisse
1926 1555 1970 1632 de
1981 1577 2054 1632 no-

646 1683 716 1756 vali
743 1682 918 1778 sepedicto
943 1680 1095 1756 decimas
1124 1683 1237 1756 nullus
1260 1682 1503 1780 persolverint,
1531 1681 1594 1754 sed
1619 1681 1789 1756 Henricus
1811 1681 1980 1778 plebanus
2008 1681 2055 1756 de

646 1807 874 1880 Cocbeubeim
898 1807 965 1880 sub
990 1815 1142 1904 tempore
1165 1807 1285 1902 quinte
1312 1805 1486 1880 abbatisse
1508 1805 1554 1880 de
1577 1805 1732 1902 predicto
1760 1806 1876 1880 novali
1902 1805 2053 1879 decimas

645 1933 783 2027 exegit3
802 1932 931 2026 quibus
948 1932 1095 2026 negatis,
1110 1929 1370 2004 sicntcisteroei
1382 1929 1514 2004 ordinis
1527 1949 1649 2004 norma
1664 1930 1838 2028 exposcit,
1857 1931 1904 2005 ad
1918 1931 2053 2002 Meten-

646 2077 718 2129 sem
729 2055 903 2128 civitatem
914 2055 1122 2128 abbatissam
1134 2055 1332 2150 appellavit.
1344 2053 1514 2128 Scultetus
1522 2075 1605 2128 vero
1618 2053 2052 2150 mous(cic)deilageuowe

647 2179 843 2251 convocatis
862 2179 1016 2274 partibus
1037 2179 1192 2272 utrisque
1214 2176 1262 2251 ad
1282 2175 1520 2252 diffiniendam
1541 2177 1780 2274 appellationis
1801 2199 1942 2252 oausam
1958 2176 2051 2250 diem

648 2302 834 2394 constituit,
851 2301 941 2375 hano
957 2303 1043 2376 viris
1061 2301 1218 2376 discretis
1232 2323 1313 2374 cum
1327 2323 1497 2376 consensu
1516 2302 1624 2398 partis
1640 2301 1822 2398 utriusque
1838 2299 2054 2374 committeus

647 2425 777 2500 scilicet
789 2424 949 2500 Cunrado
964 2426 1125 2500 lloseliuo
1141 2435 1176 2498 et
1191 2425 1338 2498 ilenrico
1352 2425 1451 2498 militi
1466 2425 1511 2500 de
1525 2425 1697 2500 Winstein
1715 2437 1750 2498 et
1763 2423 1932 2498 Richardo
1948 2423 2054 2496 lam-

646 2559 743 2646 perto
770 2549 815 2624 de
839 2550 976 2646 Steigen
999 2561 1039 2623 ut
1059 2551 1125 2646 ipsi
1153 2549 1344 2625 secuudum
1370 2550 1644 2624 ministerialium
1666 2569 1821 2623 meomm
1849 2547 2054 2622 sententiam

647 2675 885 2766 terminarent;
899 2674 1080 2748 Heinricus
1094 2695 1176 2748 vern
1194 2674 1240 2748 de
1253 2675 1409 2748 Viustcin
1427 2674 1473 2748 ad
1487 2675 1580 2749 diem
1594 2672 1847 2770 preordinatum
1860 2673 2051 2764 nonveuit,

647 2797 710 2872 sed
740 2795 1022 2894 responsorialem
1051 2798 1163 2890 misit3
1190 2799 1290 2890 cujus
1315 2799 1506 2872 absentiam
1534 2797 1704 2894 plebanus
1740 2795 1786 2870 de
1821 2793 2053 2870 Cocheubeim

646 2921 770 2996 videns
784 2921 853 2994 litis
867 2943 1040 2996 causamn
1055 2922 1300 3018 prenominatis
1311 2921 1397 2995 viris
1409 2921 1569 2995 Cunmdo
1583 2931 1617 2995 et
1626 2919 1796 2994 liicbardo
1807 2921 1987 3016 lamperto
1997 2916 2051 3014 (a)

648 3067 717 3119 non
737 3046 892 3142 permisit
913 3044 1067 3119 diffiniri.
1091 3045 1329 3120 ltlinisteriules
1355 3067 1439 3120 vero
1462 3047 1531 3120 mei
1552 3045 1738 3142 plebanum
1763 3045 1830 3118 sub
1854 3044 1914 3118 tali
1940 3045 2051 3118 torma

648 3171 868 3244 exhortantes
886 3177 924 3242 ut
942 3169 1125 3242 cenobium
1147 3169 1361 3265 sepedictum
1378 3171 1473 3242 omui
1496 3169 1676 3243 occasione
1693 3171 1827 3266 sepulta
1841 3169 1878 3240 iu
1896 3167 2054 3262 suijuris

645 3295 764 3390 regula
782 3293 990 3390 permitteret
1007 3315 1246 3389 perseverare3
1267 3316 1337 3388 quo
1355 3315 1425 3366 uon
1449 3293 1674 3386 oouuedente,
1698 3293 1850 3368 surrexit
1870 3291 2053 3366 Cunmdus

647 3417 828 3490 llosclinus
853 3426 888 3491 at
910 3441 931 3492 a
954 3417 1170 3514 presentibus
1194 3417 1430 3491 sciscitabatur
1451 3417 1481 3489 si
1499 3417 1632 3511 judicio
1657 3426 1772 3492 nostm
1794 3417 1841 3492 ad
1863 3414 2053 3490 obtinenda

646 3544 725 3634 jura
742 3541 872 3636 regalia
886 3549 1001 3638 posset
1016 3541 1209 3638 presidere,
1231 3542 1292 3637 qui
1313 3564 1384 3616 unu
1404 3563 1491 3615 voce
1506 3549 1540 3614 et
1558 3541 1731 3615 communi
1749 3541 1894 3616 oonsilio
1913 3561 2053 3614 annue-

645 3674 738 3738 runt.
755 3667 816 3739 llis
833 3665 881 3740 ita
900 3666 1006 3762 gestis
1027 3667 1232 3741 Woliclinus
1252 3689 1358 3763 super
1378 3667 1565 3762 plebanum
1579 3675 1614 3740 et
1636 3687 1717 3740 suos
1733 3666 1917 3762 complices
1934 3685 2052 3739 coram

645 3790 804 3865 Cunmdo
823 3813 966 3864 movens
981 3792 1231 3888 querimoniam
1247 3789 1344 3886 quod
1353 3792 1433 3884 jura
1453 3791 1560 3864 nostri
1580 3789 1691 3888 predii
1703 3789 1913 3883 jamdudum
1933 3789 2052 3862 obnu-

646 3915 809 3988 bilassent
832 3926 865 3988 et
884 3916 1095 4010 quicumque
1119 3915 1156 3986 iu
1179 3915 1246 3988 hoc
1268 3914 1442 4011 pmposito
1468 3915 1571 3988 uellet
1593 3935 1825 4011 perseverare,
1851 3935 1932 3988 eum
1948 3935 1970 3987 a
1988 3913 2050 3987 tali

646 4039 832 4136 proposito,
852 4061 895 4113 eo
912 4039 1008 4136 quod
1021 4040 1111 4134 juris
1125 4037 1293 4113 sententia
1309 4039 1465 4129 dictaret,
1480 4039 1584 4113 vellet
1600 4059 1781 4130 mvooare3
1803 4039 1861 4112 cui
1876 4039 1958 4114 data
1969 4060 2049 4112 sen·

686 4241 725 4324 (a)
747 4245 783 4306 ln
793 4243 937 4324 Seboeptl.
953 4245 1107 4326 lamperto
1119 4252 1148 4306 et
1161 4239 1312 4317 lietardo,
1328 4243 1414 4304 male.

682 4587 717 4660 lt)
725 4587 905 4645 Vecbenbcim
916 4595 1035 4645 castrum
1048 4587 1097 4644 luit
1107 4603 1191 4661 prope
1204 4585 1383 4644 Cecbenbeim
1394 4585 1466 4659 quod
1477 4583 1556 4643 bodie
1566 4583 1766 4644 llauobeubeim
1776 4583 1912 4658 (corrupte
1924 4579 2048 4639 [auden-

645 4685 729 4760 beim)
741 4685 897 4759 appellatur,
909 4685 937 4742 in
947 4684 1044 4742 vicinia
1058 4684 1173 4744 ooenobii
1184 4683 1382 4758 ltegiapoutaui.
