4642 6106
591 667 652 728 ers
1093 657 1305 720 seruentur
1330 657 1504 722 secuntur
1814 664 1895 742 [rra.
1914 667 2003 731 teat.

592 799 830 874 continebatur
846 795 995 870 deforis:
1010 794 1169 868 Potestati
1183 805 1217 868 et
1234 794 1377 868 consilio
1390 796 1522 892 totique
1535 796 1674 870 comuni
1685 797 1828 874 Senensi
1844 799 2006 878 fidelibus

593 923 683 1008 snis;
701 961 750 976 -
766 921 865 1014 cujus
879 918 991 1013 prime
1005 917 1121 990 lictore
1135 925 1232 990 tenor
1247 918 1325 990 talis
1335 929 1431 994 arat:

640 1043 833 1118 Friderieus
851 1041 914 1114 Dei
934 1041 1043 1134 gretia
1064 1041 1293 1114 Romanorum
1315 1041 1515 1138 imperator,
1539 1065 1676 1142 semper
1697 1057 1885 1142 angustus,
1907 1051 2007 1124 leru-

493 1193 496 1199 ·
593 1171 699 1242 salem
722 1177 758 1240 et
775 1167 890 1240 Sicilie
915 1187 997 1254 rex,
1023 1165 1181 1260 potestati
1202 1174 1238 1236 et
1260 1165 1406 1240 consilio
1426 1169 1570 1240 Senensi
1587 1167 1749 1242 fidelibus
1767 1171 1842 1244 suis
1859 1173 2005 1267 mabam

593 1313 689 1366 suam
713 1300 748 1364 et
773 1291 900 1362 bonam
924 1289 1150 1360 voluntatem.
1173 1285 1399 1362 Gebebardus
1418 1288 1464 1380 de
1485 1289 1677 1386 Amestet(
1700 1293 1707 1308 '
1738 1290 1812 1390 (l))
1830 1295 1918 1366 sacri
1940 1295 2005 1368 im·

592 1415 678 1512 perii
700 1415 736 1486 in
763 1413 877 1488 Ytalia
896 1413 1049 1506 legatus,
1073 1409 1185 1484 fidelis
1206 1419 1339 1502 noster,
1365 1411 1412 1486 ad
1434 1414 1640 1508 presentiam
1662 1423 1812 1490 nostram
1836 1415 2007 1490 accedens

594 1538 772 1636 proposuit
791 1559 905 1611 coram
922 1536 1024 1610 nobis
1035 1535 1133 1631 quod
1149 1555 1212 1608 vos
1225 1533 1272 1608 ad
1286 1535 1449 1610 bonorem
1467 1545 1673 1612 nostramet
1692 1539 1828 1634 imerii
1844 1539 2006 1614 sollicitos

504 1705 510 1714 ·
593 1673 628 1736 et
647 1671 794 1736 attentos
812 1659 946 1732 invenit
962 1667 997 1732 et
1011 1659 1106 1753 quod
1128 1656 1175 1732 ad
1192 1657 1394 1732 mandatum
1416 1669 1451 1733 et
1474 1659 1725 1734 ordinationem
1744 1683 1843 1736 suam
1860 1684 1924 1738 vos
1942 1662 2006 1736 ba·

594 1787 671 1860 buit
687 1797 723 1862 et
740 1785 844 1860 habet
859 1783 1037 1880 expositos
1051 1803 1113 1878 pro
1131 1781 1286 1856 serviciis
1302 1782 1445 1872 nostris,
1467 1783 1679 1880 ubicumque
1698 1785 1850 1880 requirat
1862 1795 1897 1860 et
1911 1785 2006 1860 solli·

595 1912 677 1984 citet
691 1909 796 1984 fidem
815 1917 976 1982 vestram.
991 1905 1093 1994 Quod
1108 1907 1196 1981 adeo
1207 1915 1342 2002 gratum
1356 1909 1556 2004 conspectui
1571 1917 1686 1982 nostro
1698 1930 1736 1982 se
1749 1909 1894 2005 porrigit
1907 1919 1946 1980 ut
1958 1909 2005 1983 ad

597 2036 727 2106 bonum
753 2041 789 2104 et
812 2030 1095 2126 indempnitatem
1119 2039 1269 2104 vestram
1294 2040 1330 2104 et
1353 2031 1465 2104 tocius
1490 2032 1647 2104 comunis
1667 2033 1774 2105 vestri
1800 2031 2007 2106 favorabiles

599 2155 833 2246 intendamus,
853 2163 1017 2248 tanquan
1029 2153 1090 2248 qui
1106 2173 1170 2226 vos
1186 2173 1249 2248 per
1264 2153 1513 2250 experientiam
1533 2175 1652 2228 omnes
1665 2153 1884 2230 fidelissimos
1896 2176 2006 2253 expe·

600 2280 720 2368 rimor,
740 2287 775 2350 et
790 2277 1023 2352 benivolentie
1038 2276 1183 2370 gratim
1202 2275 1250 2350 ad
1273 2277 1504 2351 testimonium
1521 2277 1667 2372 predicti
1686 2277 1790 2372 legati
1804 2279 1909 2351 nostri
1923 2279 2007 2352 lete·

600 2401 685 2472 mini
701 2401 854 2498 plenarie
867 2379 1051 2492 meruisse,
1066 2399 1157 2472 sieut
1169 2397 1339 2472 vidissent
1354 2399 1498 2496 predicti
1518 2401 1637 2474 nuncii
1654 2401 1760 2473 vestri
1778 2401 1807 2473 si
1825 2423 1904 2474 cum
1927 2424 2006 2499 prc-

599 2523 692 2598 dicto
708 2525 821 2620 legato
835 2533 950 2598 nostro
964 2523 1151 2595 venissent.
1168 2521 1410 2596 Verumtamen
1424 2523 1661 2596 confortemini
1680 2533 1715 2596 et
1727 2532 1834 2596 estote
1852 2517 2003 2618 robusti,

598 2647 695 2744 quod
709 2647 876 2743 gaudium
896 2647 961 2720 erit
978 2645 1079 2721 vobis
1098 2647 1182 2718 dum
1200 2665 1261 2740 per
1277 2645 1502 2719 exibitionem
1519 2668 1662 2742 operum
1678 2647 1832 2722 sentietis
1845 2647 2007 2724 devotio-

600 2793 679 2845 nem
711 2781 860 2844 vestram
891 2791 996 2864 quam
1024 2767 1070 2840 ad
1102 2767 1283 2864 imperium
1311 2769 1482 2842 ferventer
1511 2769 1699 2846 ostendetis
1722 2769 1849 2844 vestris
1874 2770 2006 2845 meritis

602 2895 824 2991 profuturam.
844 2894 999 2965 Pretereu
1020 2893 1181 2965 volumus
1204 2901 1239 2964 et
1258 2891 1462 2966 mandamus
1480 2891 1662 2966 devocioni
1681 2905 1794 2967 vestra
1814 2905 2004 2990 quetems,

599 3021 691 3092 sicut
716 3039 775 3112 per
797 3017 882 3088 alias
901 3016 1032 3087 litteras
1052 3015 1228 3110 generales
1246 3017 1446 3090 comunitati
1474 3025 1586 3090 vestre
1614 3015 1814 3100 mandatas,
1840 3017 2007 3092 discretos

602 3153 636 3215 et
654 3139 817 3236 providos
834 3139 928 3212 viros
946 3137 992 3211 ad
1015 3147 1164 3210 nostram
1185 3140 1392 3233 presentiam
1413 3140 1559 3213 nuncios
1579 3141 1815 3214 transmittatis
1831 3141 1892 3236 qui
1913 3143 2007 3216 vice·

603 3268 689 3338 simo
700 3264 822 3360 quinto
834 3262 991 3358 proxime
1004 3261 1142 3334 venturi
1157 3261 1284 3334 mensis
1299 3263 1429 3358 aprilis,
1445 3263 1481 3334 in
1496 3263 1582 3338 festo
1595 3263 1759 3338 videlicet
1771 3264 1864 3339 beati
1877 3265 2005 3338 blarcbi

601 3389 829 3484 evangeliste,
845 3409 883 3460 se
899 3386 1097 3482 conspectui
1117 3395 1231 3458 nostro
1247 3385 1283 3457 in
1301 3387 1458 3482 pertibus
1474 3397 1563 3461 terre
1578 3387 1720 3462 faheds
1736 3389 1793 3462 vel
1808 3389 2006 3485 Capitaoate

602 3521 814 3612 presentent,
831 3511 892 3606 qui
912 3511 1053 3584 veniant
1072 3509 1273 3584 auctoritate
1297 3511 1551 3584 communitatis
1570 3521 1681 3585 vestre
1698 3511 1823 3584 muniti
1839 3520 1878 3584 ut
1892 3533 1955 3608 per
1968 3535 2007 3586 se

600 3645 780 3732 acceptare
805 3635 942 3706 valeant
962 3655 1031 3728 que
1051 3631 1242 3706 viderimus
1262 3653 1342 3704 cum
1365 3633 1517 3728 ipsorum
1537 3643 1573 3706 et
1593 3633 1740 3708 aliorum
1753 3635 1815 3729 qui
1831 3635 2007 3710 intererint

601 3757 744 3832 coneilio
757 3757 939 3832 statuenda
955 3768 990 3830 et
1009 3754 1104 3851 quod
1121 3779 1142 3828 a
1158 3755 1259 3828 vobis
1280 3757 1448 3852 acceptari
1465 3767 1501 3830 et
1517 3757 1650 3854 impleri
1668 3757 1818 3832 debeam
1835 3780 1905 3852 que
1919 3779 2007 3856 pto-

602 3884 741 3955 mittunt
758 3879 819 3976 (sic
836 3879 923 3977 (a));
947 3901 1009 3976 per
1026 3899 1114 3974 quos
1131 3879 1234 3952 etiam
1254 3877 1298 3954 de
1314 3879 1422 3952 nostri
1441 3880 1568 3954 favoris
1590 3889 1625 3954 et
1646 3881 1877 3956 benivolentie
1896 3880 2005 3977 gralia

599 4007 636 4078 iu
654 4027 772 4080 eorum
787 4003 900 4078 reditu
916 4003 989 4077 fieri
1005 4002 1160 4100 poteritis
1176 4001 1415 4098 locupletiores
1430 4001 1489 4100 (b).

649 4131 773 4202 Datum
792 4127 941 4218 Tarenti,
962 4126 1051 4198 vill
1068 4125 1199 4214 munii,
1219 4125 1289 4196 1111·
1306 4123 1505 4200 indictione.

641 4277 681 4358 (a)
702 4278 798 4340 Locm
811 4279 910 4337 mlnus
920 4280 1057 4338 accurate
1068 4277 1279 4351 unuscrlptus3
1294 4291 1398 4338 renem
1409 4282 1508 4338 eutem
1518 4275 1744 4338 nonencorte

645 4383 684 4463 (d)
706 4385 743 4443 ln
755 4387 941 4459 causumpto
956 4377 1118 4450 fonctiones,
1135 4381 1223 4442 mele.

638 4564 673 4638 tt)
691 4565 772 4622 flecte
783 4561 815 4620 de
828 4562 980 4620 frumein.
997 4563 1051 4620 lete
1066 4577 1138 4619 cunc
1150 4562 1237 4636 prima
1249 4562 1308 4620 vice
1321 4577 1383 4618 cunr
1398 4560 1473 4619 burlo
1484 4560 1564 4636 legati
1583 4563 1612 4620 in
1632 4561 1731 4620 nostris
1744 4561 1913 4620 documentis
1924 4577 2007 4636 appa-

602 4668 660 4732 ret;
680 4662 751 4718 uode
764 4666 838 4734 patet
852 4659 1025 4716 Gheburdum
1039 4661 1096 4732 jam
1112 4675 1182 4717 anno
1194 4663 1258 4718 teet
1276 4661 1383 4718 ineunte
1401 4660 1559 4733 legationem
1570 4660 1708 4734 excepisse
1719 4659 1795 4734 prius
1807 4657 2006 4718 tendutur

602 4757 702 4833 Spoleti
715 4756 901 4828 commissam,
917 4771 998 4830 quem
1012 4763 1088 4814 extre
1104 4756 1233 4830 principis
1247 4757 1358 4831 gratian
1372 4765 1399 4816 et
1410 4773 1472 4816 mcx
1484 4757 1622 4816 custodiae
1636 4756 1763 4816 traditum
1775 4756 1951 4816 inveniemus.
