4658 6132
374 642 473 702 laotos
489 637 536 714 2]
829 635 1026 698 HISTORIA
1052 634 1344 698 otrtottttsscll.
1738 632 1796 696 119

374 775 411 846 in
435 771 657 846 excambium
680 771 821 868 prelatis
847 770 1012 866 magistro
1038 780 1073 844 et
1099 773 1262 845 iratribus
1284 771 1356 844 suis
1383 778 1561 844 eteorum
1589 767 1709 841 domui
1734 791 1793 840 su·

376 897 532 994 pradicte
555 917 619 992 pro
643 895 829 991 suprafatis
852 917 917 968 sax
939 896 1092 968 millibus
1113 905 1148 970 et
1163 895 1427 991 quadringentis
1449 892 1614 966 bisanciis
1634 893 1795 966 Sarrace-

375 1023 483 1108 nntis,
504 1021 593 1094 sicut
608 1021 771 1116 superius
784 1020 984 1110 denotatur,
999 1021 1182 1094 excambio
1196 1021 1256 1092 illo
1273 1019 1411 1116 penitus
1424 1017 1614 1090 annullato.
1631 1017 1681 1089 lta
1697 1016 1794 1112 quod

376 1148 492 1222 dictus
516 1147 665 1218 lacobus
685 1145 743 1217 vel
767 1145 843 1237 ejus
862 1145 1008 1220 heredes
1031 1155 1137 1219 totam
1161 1154 1285 1219 terram
1308 1143 1459 1216 habeant
1486 1140 1738 1238 supradictam,
1759 1152 1794 1214 et

374 1271 507 1366 prelata
522 1268 649 1341 domus
664 1269 954 1342 Thoutonioorum
968 1267 1094 1342 habeat
1111 1265 1285 1341 bisancius
1300 1267 1507 1358 antedictos,
1527 1267 1578 1338 sio
1591 1266 1686 1359 quod
1699 1275 1794 1339 ntra-

374 1414 445 1488 quo
455 1415 540 1488 pars
546 1393 745 1466 restituatur
754 1393 790 1465 in
804 1403 931 1466 statum
945 1393 1128 1489 pristinum
1140 1413 1212 1487 qno
1229 1401 1414 1487 antequam
1432 1389 1586 1488 predicta
1603 1401 1794 1464 commnta-

374 1517 423 1590 tio
441 1517 531 1590 iacta
551 1525 654 1590 esset.
672 1517 739 1590 Pro
757 1517 869 1589 tribus
884 1517 1038 1590 millibus
1056 1527 1092 1590 et
1111 1517 1270 1592 ducentis
1290 1515 1448 1588 bisantiis
1465 1513 1686 1612 supradictis,
1709 1515 1793 1588 dicti

375 1641 540 1735 magister
554 1649 588 1712 et
606 1641 725 1714 iratres
743 1640 819 1732 ejus
831 1662 872 1713 ac
888 1643 1019 1736 prelata
1036 1641 1162 1714 domus
1176 1662 1295 1714 eorum
1309 1651 1468 1713 tenentur
1481 1639 1657 1732 assignare
1672 1661 1793 1734 supra·

375 1763 468 1836 dicto
500 1763 627 1836 laccho
655 1765 712 1836 vel
739 1763 928 1836 heredibus
954 1764 1028 1837 suis
1057 1765 1147 1838 inira
1173 1763 1300 1858 uiginti
1332 1763 1408 1836 dies
1443 1773 1626 1857 sequentes
1654 1764 1792 1837 nomino

374 1888 531 1983 pignoris
544 1887 610 1960 tria
628 1887 754 1960 casalia
769 1887 927 1982 ejusdem
941 1887 1079 1976 domus,
1098 1888 1228 1962 scilicet
1243 1887 1361 1979 Amet,
1377 1887 1494 1978 Sedet,
1512 1896 1547 1960 ot
1560 1887 1683 1960 linere.
1702 1888 1745 1959 Et
1760 1889 1791 1960 si

374 2013 463 2086 inira
479 2013 664 2086 dimidium
682 2033 831 2102 annum,
856 2023 1038 2108 postquam
1056 2013 1149 2086 idem
1167 2012 1316 2086 lacobus
1338 2012 1486 2106 valeiae
1505 2011 1651 2084 heredes
1664 2013 1791 2086 casalia

374 2139 450 2234 ipsa
468 2138 671 2224 habuerint,
690 2139 764 2231 jam
782 2137 866 2210 dicti
889 2137 954 2210 tria
979 2137 1086 2210 millia
1107 2145 1142 2210 et
1161 2137 1303 2211 ducenti
1321 2137 1465 2208 bisancii
1488 2137 1700 2210 Sarracenati
1723 2137 1790 2208 sibi

374 2261 430 2334 vel
446 2261 520 2333 suis
544 2261 733 2334 heredibus
748 2261 853 2353 ajam
871 2261 964 2335 dictu
986 2262 1150 2356 magistro
1163 2269 1198 2334 et
1213 2261 1317 2334 domo
1341 2281 1405 2332 sua
1424 2261 1578 2356 predicta
1599 2261 1702 2334 soluti
1721 2283 1790 2336 non

376 2385 515 2476 inerint,
533 2385 626 2459 idern
646 2386 795 2458 lacobus
807 2386 862 2457 vel
877 2387 954 2478 ojus
966 2385 1112 2460 heredes
1120 2386 1192 2478 jam
1205 2385 1296 2458 diota
1317 2385 1443 2458 casalia
1458 2385 1533 2458 sine
1546 2385 1692 2478 alicujus
1708 2407 1792 2459 con·

375 2508 578 2583 tradictione
596 2509 749 2582 vendere
763 2519 924 2605 poterunt
936 2511 1043 2582 veluti
1063 2532 1167 2582 sunm
1188 2509 1337 2606 pignns3
1358 2509 1456 2582 salvo
1474 2519 1588 2582 mmen
1607 2510 1703 2604 quod
1717 2510 1791 2606 ipse

374 2633 524 2707 lacobus
544 2643 580 2706 et
595 2635 672 2726 ejus
694 2633 842 2708 heredes
857 2633 933 2706 siue
951 2643 1076 2706 terram
1099 2633 1175 2706 sive
1193 2632 1367 2707 bisancius
1386 2633 1559 2706 tenuerint
1578 2633 1789 2724 antedictos,

375 2757 504 2832 debent
520 2757 614 2831 dicto
632 2758 798 2850 magistro
812 2767 847 2831 et
860 2759 990 2854 prelato
1004 2756 1125 2831 domni
1141 2779 1205 2830 sue
1217 2756 1507 2831 Thentonioorum
1524 2757 1711 2832 servicium
1729 2781 1792 2854 pro

374 2903 494 2956 eorum
517 2884 622 2956 altero
637 2885 768 2975 lacere,
786 2883 883 2978 quod
905 2883 978 2956 lieri
999 2882 1044 2957 de
1060 2885 1133 2977 jam
1150 2883 1242 2958 diota
1261 2895 1351 2957 terra
1375 2883 1580 2958 debebatur.
1599 2883 1668 2957 Nos
1686 2884 1792 2980 igitur

376 3017 446 3080 tam
464 3005 633 3080 dictorum
651 3007 806 3103 magistri
829 3017 864 3081 et
885 3009 1026 3080 fratrum
1045 3030 1187 3082 snorum
1204 3029 1309 3102 qnam
1324 3009 1441 3081 laoohi
1458 3007 1504 3082 de
1519 3007 1723 3103 Amigdala,
1744 3008 1793 3083 fi-

375 3256 697 3346 oommutationem,
716 3258 807 3329 sicut
822 3257 858 3328 in
885 3258 982 3330 curia
1003 3266 1118 3330 nostra
1137 3257 1355 3352 presentibus
1379 3256 1541 3331 fidelibus
1561 3259 1686 3331 nostris
1706 3259 1793 3332 inter

375 3401 435 3453 eos
460 3389 536 3452 acta
553 3389 624 3472 est,
654 3391 757 3476 prout
772 3381 933 3476 superius
957 3381 1169 3471 continetur,
1197 3391 1306 3454 ratam
1324 3379 1511 3473 habemus,
1537 3392 1572 3454 et
1590 3381 1635 3456 do
1651 3385 1791 3478 speciali

375 3503 484 3596 gratia
503 3503 719 3578 celsitudinis
733 3515 849 3578 nostre
863 3505 1088 3578 concedimus
1108 3515 1143 3578 et
1160 3517 1327 3602 perpetuo
1348 3505 1604 3580 confirmamus.
1622 3507 1679 3581 Ad
1693 3509 1793 3600 cnjus

375 3627 644 3720 ratihabitionis,
670 3629 902 3703 concessionis
923 3639 958 3701 et
980 3629 1250 3703 confirmationis
1274 3639 1389 3703 nostre
1413 3631 1613 3703 memoriam
1635 3641 1670 3704 et
1687 3631 1793 3705 robur

377 3761 542 3846 perpetuo
555 3752 761 3846 valiturum,
781 3774 922 3850 presens
936 3755 1155 3850 privilegium
1169 3753 1244 3828 fleri
1257 3765 1292 3828 et
1303 3755 1398 3827 bulla
1409 3777 1514 3830 aurea
1532 3756 1665 3850 typario
1679 3765 1794 3829 nostre

376 3877 561 3968 majestatis
577 3876 744 3974 impressa
753 3879 922 3971 jussimus
936 3879 1155 3953 communiri.

424 4001 537 4093 liujus
550 4011 667 4074 antem
682 4002 731 4075 rei
747 4011 851 4076 testes
873 4013 955 4076 sunt
971 4005 1134 4077 Balianns
1151 4003 1314 4077 dominus
1333 4000 1503 4098 sydonis,
1524 4002 1600 4076 Odo
1617 4002 1663 4077 de
1678 4003 1793 4077 Monte

376 4123 552 4218 Beliardo,
577 4125 832 4199 comestabulus
854 4127 953 4222 regni
983 4125 1261 4216 ierosolimitnni,
1288 4126 1462 4198 lohannes
1485 4125 1531 4198 de
1552 4127 1699 4200 Ybelino
1720 4127 1734 4222 (
1758 4128 1789 4223 ),

409 4473 447 4548 (t)
463 4475 557 4533 istest
570 4473 671 4534 tamilla
683 4491 746 4548 sua,
761 4482 824 4550 post
834 4481 943 4552 pactum
957 4477 985 4534 in
1000 4477 1090 4552 Cypro
1105 4493 1168 4535 orm
1184 4475 1320 4536 liriden'co
1336 4475 1447 4548 initum,
1460 4475 1642 4550 promiserant
1655 4477 1794 4550 ‹seguitm

378 4591 392 4622 ι
405 4569 586 4646 l'imperatore
596 4573 624 4629 in
638 4572 716 4630 Suria
726 4589 742 4631 a
751 4589 829 4648 spese
840 4574 907 4633 loro.
920 4574 1147 4645 »liubusuam«,
1160 4571 1582 4648 commentariensem.
1594 4576 1661 4644 tta,
1673 4573 1791 4632 etinlra:

377 4685 391 4720 α
407 4665 441 4724 ΑΙ
452 4668 533 4741 quale
546 4683 653 4742 sempre
666 4675 748 4727 tenne
761 4671 917 4746 compagnia
930 4677 959 4730 ct
971 4670 997 4730 lo
1010 4670 1239 4745 segnitoileignor
1251 4671 1280 4728 di
1288 4671 1395 4728 ltnmto.
1407 4689 1421 4723 ι
1435 4670 1572 4728 lohannes
1581 4671 1691 4742 etenim,
1703 4671 1794 4730 eccon

375 4781 439 4824 orm
448 4766 611 4842 imperatore
625 4783 765 4842 reversus,
780 4771 809 4828 ln
821 4770 873 4829 isto
885 4777 915 4830 et
930 4770 1107 4846 sequentibus
1119 4769 1288 4829 documentis
1301 4769 1371 4828 inter
1384 4775 1468 4828 testes
1477 4775 1652 4828 memorator.
1664 4767 1718 4826 scd
1731 4783 1793 4827 mox

455 4867 512 4929 lll.
1581 4867 1631 4930 lt*
