4710 6076
1090 589 1264 654 uenator
1288 589 1455 654 scrutur
1788 590 1867 674 [ssa
1887 591 1973 658 raas.

365 1091 541 1191 mm·
619 1093 802 1179 Henricus
824 1095 1084 1180 Romanorum
1107 1121 1173 1180 rex
1190 1105 1326 1181 notum
1342 1095 1434 1180 tacit
1451 1097 1629 1182 comitem
1649 1095 1906 1182 Dietbclmum
1927 1097 1977 1182 de

566 1227 822 1341 Toggenbnrg
844 1228 1032 1339 quidquid
1047 1227 1147 1340 juris
1168 1229 1209 1310 in
1232 1229 1427 1312 advocatia
1450 1229 1624 1315 abbatiae
1645 1229 1773 1316 Sancti
1794 1229 1976 1314 Iohannis

567 1361 756 1472 Baptistae
768 1361 809 1444 in
823 1361 982 1446 Turthal
997 1362 1139 1447 babere
1152 1363 1374 1448 aestimabat
1388 1389 1517 1448 eoram
1531 1391 1572 1448 se
1586 1363 1856 1474 resignavisse3
1873 1363 1977 1448 unde

567 1493 686 1580 abbas
699 1505 737 1578 et
753 1504 960 1580 conventus
973 1494 1048 1580 loci
1065 1495 1237 1608 ejusdem
1254 1523 1295 1582 se
1307 1497 1347 1580 in
1367 1499 1592 1584 advocatum
1608 1496 1787 1581 ecclesiae
1804 1497 1975 1608 ipsomm

411 1722 419 1746 .
565 1628 795 1712 unanimiter
806 1627 1015 1739 elegemnt.

399 1772 444 1888 'a
520 1833 531 1851 '
646 1822 1733 1908 (abraamem,cud.a1tmucu.d‘9am.,t.11.p.rca,axeotteuc
1751 1826 1974 1906 adunatas.

684 1935 748 1996 Em.
761 1934 799 1994 da
813 1930 936 2012 Hellen)

615 2093 785 2167 ltenricus
797 2093 965 2190 septimus
982 2093 1102 2166 divina
1117 2094 1255 2168 tarento
1270 2095 1450 2168 clementia
1468 2095 1700 2170 Romanorum
1715 2115 1780 2170 rex
1794 2105 1830 2170 et
1840 2117 1977 2192 semper

568 2227 753 2314 augustus,
771 2217 944 2290 universis
968 2216 1103 2312 imperii
1121 2215 1282 2292 fidelibus
1302 2217 1432 2312 quibus
1452 2239 1592 2314 presens
1612 2219 1778 2318 scriptum
1798 2229 1974 2293 catomum

567 2343 669 2416 tuerit
691 2342 836 2438 gratiam
863 2363 963 2415 suam
988 2353 1023 2415 et
1048 2362 1151 2416 omns
1173 2341 1316 2414 bonnm.
1336 2342 1381 2416 Ut
1397 2341 1444 2416 ad
1464 2351 1580 2417 nostre
1597 2343 1803 2438 posteritatis
1819 2343 1975 2416 notitiam

567 2489 607 2540 ea
626 2487 695 2562 que
715 2487 830 2538 coram
849 2463 950 2538 nobis
966 2473 1153 2538 tractantur
1169 2465 1373 2560 perveniant
1388 2465 1550 2556 emtam,
1571 2465 1760 2540 litterarum
1782 2466 1975 2540 testimonio

568 2587 851 2662 commendantur
874 2595 908 2660 et
935 2585 1109 2682 inscriptis
1128 2607 1248 2659 eorum
1273 2585 1472 2660 nominibus
1492 2607 1534 2660 ac
1559 2587 1704 2660 testibus
1725 2585 1787 2682 qni
1813 2587 1975 2680 gerendis

567 2711 713 2807 negotiis
727 2709 907 2793 affuerint,
926 2710 1051 2784 tuturis
1068 2709 1274 2805 calumpniis
1290 2709 1484 2784 obviamus.
1504 2709 1560 2784 Ad
1581 2709 1736 2784 notitiam
1755 2709 1873 2806 itaque
1887 2711 1975 2784 nni-

567 2855 746 2908 vereorum
768 2855 815 2906 ex
841 2833 1072 2906 insinuatione
1093 2833 1305 2930 presentium
1329 2833 1490 2930 cupimus
1512 2833 1694 2930 pervenire
1720 2833 1817 2930 qnod
1842 2834 1976 2908 consti·

569 2969 663 3033 tutus
678 2959 714 3032 in
740 2957 913 3054 presentia
928 2965 1044 3031 nostra
1061 2957 1156 3055 apud
1173 2957 1308 3032 Ulmam
1331 2957 1506 3031 civitatem
1528 2967 1680 3032 nostmm
1698 2957 1843 3032 dilectas
1864 2957 1976 3032 fidelia

568 3093 683 3158 noster
703 3081 812 3155 abbas
829 3083 945 3154 Sancti
964 3081 1129 3155 Iohannis
1146 3083 1298 3180 Baptista
1318 3081 1355 3154 in
1371 3083 1487 3156 Turtal
1510 3105 1572 3180 per
1591 3081 1811 3178 privilegium
1833 3083 1977 3158 ecclesie

568 3231 631 3282 sue
644 3208 803 3304 probavit
820 3207 1029 3281 sufficienter
1044 3205 1141 3302 quod
1156 3207 1223 3280 sibi
1242 3215 1277 3281 et
1297 3209 1482 3282 conventui
1506 3229 1570 3281 suo
1593 3207 1701 3282 libere
1722 3207 1840 3280 liceret
1855 3217 1974 3280 aucto·

566 3333 666 3406 ritate
689 3331 876 3429 apostolica
897 3331 1024 3427 eligere
1049 3329 1275 3424 advocatum
1299 3341 1334 3406 et
1351 3333 1380 3404 si
1397 3331 1491 3406 idem
1509 3331 1699 3406 advocatus
1720 3331 1757 3404 in
1779 3331 1896 3427 aliquo
1920 3351 1976 3406 ras

567 3456 710 3530 ecclesie
729 3455 935 3530 distraheret
954 3457 1013 3530 vei
1033 3455 1240 3554 dilapidaret
1263 3465 1325 3530 aut
1341 3478 1504 3553 personas
1528 3457 1682 3554 ipsorum
1706 3455 1742 3528 in
1759 3456 1877 3550 aliquo
1891 3477 1975 3552 pre-

567 3591 715 3655 sumeret
729 3601 941 3676 aggravare,
952 3581 1029 3678 ipso
1045 3581 1215 3655 advocato
1232 3581 1430 3678 reprobato,
1446 3581 1554 3656 alium
1567 3590 1708 3678 possent
1722 3580 1886 3654 Mensam
1907 3580 1975 3654 ali·

567 3728 648 3800 gere
665 3705 893 3799 advocatum3
910 3728 1034 3780 veram
1053 3729 1134 3780 cum
1150 3705 1274 3780 eodem
1291 3715 1444 3802 ternpore
1462 3728 1578 3780 eomes
1593 3705 1805 3778 DietheImus
1821 3703 1867 3778 de
1882 3705 1975 3779 Too-

568 3831 743 3904 ehenburc
757 3832 794 3902 in
811 3839 926 3904 nostm
943 3831 1116 3928 presentia
1135 3839 1227 3904 esset
1248 3831 1472 3922 constitutus,
1491 3831 1554 3925 qui
1573 3829 1733 3904 eamdem
1757 3828 1975 3903 advocatiam

568 3953 698 4028 ratione
712 3953 939 4028 successionis
957 3953 1004 4028 ad
1024 3965 1161 4053 tempus
1184 3955 1322 4028 tenebat
1338 3963 1374 4028 et
1394 3955 1470 4052 ipsa
1494 3953 1670 4028 abutendo
1688 3953 1780 4027 dicto
1802 3951 1920 4025 abbati
1940 3961 1976 4026 et

568 4099 631 4152 suu
649 4079 835 4154 conventui
853 4079 890 4152 in
907 4079 1008 4154 bonis
1019 4089 1054 4153 et
1066 4080 1223 4176 personis
1237 4080 1310 4154 suis
1323 4101 1392 4154 uon
1410 4079 1547 4154 modica
1562 4079 1763 4174 gravamina
1782 4087 1818 4150 et
1834 4075 1976 4152 violen-

570 4203 634 4276 tias
650 4204 768 4299 sepius
783 4203 963 4297 inserebat,
984 4202 1032 4277 ad
1050 4203 1247 4278 instantiam
1265 4212 1301 4278 et
1317 4203 1516 4300 petitionem
1537 4213 1688 4276 nostram
1704 4199 1874 4298 quiequid
1885 4199 1977 4294 juris

568 4331 604 4400 in
622 4327 745 4402 eadem
765 4325 948 4401 advocatia
974 4349 1014 4401 se
1034 4327 1216 4400 estimabat
1232 4327 1360 4401 habere
1382 4348 1497 4400 coram
1520 4326 1621 4400 nobis
1641 4335 1676 4399 at
1698 4323 1912 4422 principibus
1932 4343 1976 4396 ac

569 4453 711 4525 testibus
734 4451 937 4549 subscriptis
958 4451 1098 4548 publice
1117 4451 1326 4545 resignavit,
1352 4449 1422 4525 fide
1444 4449 1610 4547 corporali
1633 4449 1774 4546 prestita
1798 4447 1900 4521 nohis
1916 4445 1974 4520 n·

567 4577 668 4650 miter
680 4574 910 4674 promittendo
923 4574 1020 4672 quod
1037 4583 1107 4648 am
1123 4575 1199 4672 ipse
1215 4597 1320 4671 mam
1331 4573 1431 4672 pueri
1446 4575 1500 4648 sui
1514 4573 1672 4649 mandem
1684 4571 1901 4647 advocatiam
1919 4589 1975 4644 re·

567 4691 703 4795 quirere
716 4722 896 4798 nunquam
911 4707 1123 4800 presumant.
1142 4699 1350 4774 Memoratus
1368 4699 1486 4796 itaque
1500 4699 1609 4774 abbas
1629 4707 1665 4772 et
1680 4704 1873 4772 conventus
1888 4715 1975 4768 suus
