4658 6132
301 671 403 734 lucror.
417 669 462 754 2]
752 667 947 730 fllsronln
970 665 1260 730 clancularius.
1649 665 1708 729 159

302 815 485 902 postquam
504 803 727 877 denuntiatus
750 804 815 876 init
837 805 1193 878 excommunicatnsa
1216 801 1332 893 nobis,
1351 799 1471 874 divina
1493 821 1583 872 ausu
1602 807 1709 876 tenc

302 929 393 1002 ruric
413 929 629 1002 celebrarunt
652 929 709 1002 vel
733 937 918 1024 antequam
935 930 982 1003 ad
998 930 1200 1003 mandatum
1214 925 1366 1000 Ecclesie
1389 923 1508 998 redeat
1530 924 1576 998 de
1597 932 1709 998 celero

303 1053 538 1126 celebrabunt.

352 1177 436 1248 Item
446 1175 787 1249 excommunicamus
800 1183 835 1248 et
845 1173 1172 1248 anathematizamus
1183 1171 1400 1268 Raynaldnm
1414 1169 1708 1266 filiumqucndam

303 1296 451 1371 Conradi
467 1297 567 1370 ducis
582 1297 709 1392 Spoleti
723 1319 786 1393 pro
801 1317 844 1370 eo
858 1297 955 1392 quod
970 1296 1156 1393 occupavit
1172 1304 1207 1368 et
1224 1304 1369 1392 occupat
1386 1293 1628 1391 patrimonium
1642 1294 1709 1366 lte·

304 1420 407 1494 clesie
421 1421 457 1492 in
474 1421 625 1494 Marchia
642 1429 677 1494 et
695 1419 796 1512 alibi,
815 1428 850 1492 et
864 1441 984 1494 omnes
999 1429 1033 1494 et
1048 1419 1204 1515 singulus
1219 1421 1318 1514 cujus
1330 1420 1387 1492 vel
1400 1440 1547 1513 qnorum
1564 1417 1709 1490 auctori·

303 1553 385 1632 tate,
407 1545 552 1636 auxilio,
572 1545 713 1618 consilio
729 1545 784 1618 vel
800 1547 917 1618 lavore
935 1545 1016 1618 ulia
1033 1545 1112 1618 lecit
1128 1544 1185 1616 vel
1203 1543 1285 1616 lacit
1298 1544 1355 1616 vel
1370 1543 1472 1616 faciet
1486 1543 1521 1614 in
1539 1544 1705 1614 loturum.

304 1669 388 1742 Item
401 1668 574 1760 civitates,
591 1679 702 1752 castra
717 1679 752 1742 et
768 1669 836 1742 alia
848 1669 923 1743 loca
935 1669 1051 1743 omnia
1072 1668 1119 1742 ud
1139 1689 1209 1764 que
1225 1668 1316 1742 idem
1329 1665 1526 1762 Raynaldus
1546 1685 1712 1761 pervene-

304 1793 366 1884 rit,
391 1794 558 1888 quamdiu
591 1794 666 1890 ipse
696 1793 826 1868 ibidem
851 1814 991 1890 pausans
1015 1793 1137 1884 luerit,
1166 1791 1395 1866 ecclesiastico
1420 1791 1622 1882 subjaceant
1649 1789 1708 1861 in-

304 1916 458 1990 terdicto.

352 2040 436 2112 Item
452 2039 795 2114 excommunicamus
807 2048 842 2114 et
854 2039 1180 2114 anathematizamus
1195 2037 1393 2112 Bertoldum
1410 2035 1521 2108 filium
1531 2034 1709 2130 quondam

304 2162 452 2238 Conradi
467 2163 567 2237 duom
589 2163 716 2260 Spoleti
728 2185 791 2260 pro
804 2185 847 2237 ec
859 2163 955 2258 quod
972 2171 1082 2236 castra
1099 2163 1207 2235 suncti
1225 2161 1356 2248 Quirici
1371 2160 1554 2256 occuparit
1571 2168 1606 2234 et
1623 2159 1711 2234 deti·

302 2294 362 2358 net
379 2295 545 2381 occupata
562 2294 598 2358 et
616 2294 740 2360 terram
758 2285 908 2358 Ecclesie
931 2306 1073 2358 romane
1091 2283 1226 2358 invadit
1239 2283 1406 2356 hostiliter
1429 2292 1464 2358 et
1483 2283 1658 2374 molestat,
1673 2291 1709 2358 et

303 2429 423 2482 omnes
444 2409 506 2504 qni
522 2409 559 2481 in
573 2409 639 2484 hcc
651 2409 682 2482 ei
700 2418 853 2505 prestant
867 2408 1040 2482 auxilium
1052 2409 1109 2482 vel
1124 2409 1276 2482 favorem
1289 2405 1356 2504 (l).

351 2532 436 2604 Item
461 2533 802 2606 excommunicamus
817 2540 852 2606 et
866 2532 1192 2606 anathematizamus
1205 2532 1369 2628 Egidium
1383 2530 1428 2604 de
1440 2529 1656 2604 Palumbaria
1673 2540 1708 2604 et

302 2655 480 2730 Nicolaum
513 2657 558 2730 de
589 2653 737 2731 Aroicne
767 2667 803 2731 et
825 2658 963 2731 Petrum
989 2657 1143 2752 Gregorii
1169 2658 1304 2752 Pagure
1324 2656 1420 2730 cives
1441 2675 1619 2746 romanos,
1643 2677 1706 2750 pro

303 2797 345 2852 eo
363 2778 459 2872 quod
471 2778 644 2853 Friderico
662 2779 755 2854 dicto
773 2779 968 2876 imperatori
982 2789 1016 2854 et
1032 2779 1211 2877 llaynaldo
1228 2801 1269 2852 ac
1291 2779 1475 2852 Bartholdc
1497 2777 1576 2852 liliis
1595 2800 1707 2873 qucu-

305 2899 386 2974 darn
407 2901 507 2976 ducis
530 2901 677 2976 Conradi
702 2911 820 2978 contra
843 2925 1020 2978 romanam
1043 2903 1229 2986 Ecclesiam
1250 2905 1470 3000 prestiterunt
1495 2913 1531 2978 et
1551 2912 1705 3000 prestant

304 3025 502 3112 consilinm,
519 3027 692 3100 auxilium
706 3037 741 3100 et
756 3028 922 3100 favorem.
1054 3094 1057 3108 ‚

355 3203 647 3224 ........
664 3151 748 3224 Item
761 3151 1101 3224 excommunicamus
1114 3161 1148 3224 et
1161 3151 1484 3226 anathematizamus
1498 3171 1618 3224 omnes
1631 3149 1708 3224 illos

303 3273 365 3368 qui
380 3272 426 3345 ad
445 3274 665 3368 apostolicam
681 3273 799 3347 sedem
817 3283 937 3347 euntes
954 3275 1011 3348 vel
1030 3275 1213 3348 redeuntes
1234 3275 1393 3370 capiunt,
1411 3274 1559 3370 spoliant
1575 3274 1632 3346 vel
1647 3271 1708 3346 de-

305 3395 412 3469 tinere
426 3405 646 3492 presumunt,
666 3407 700 3470 et
716 3398 918 3472 nominatim
935 3398 1162 3472 Castellanum
1174 3397 1219 3472 de
1232 3408 1351 3472 sonmo
1367 3397 1508 3472 Miniatc
1521 3397 1604 3492 quia
1619 3397 1709 3470 mul·

304 3527 357 3591 tos
371 3519 547 3594 venientes
559 3520 736 3594 adsedem
749 3522 970 3617 apostolicam
983 3522 1144 3619 spoliavit
1147 3575 1441 3595 ........

359 4161 560 4271 Gregorius
575 4185 675 4270 papa
690 4159 850 4270 populos
864 4185 932 4270 per
946 4161 1185 4244 Amiternum
1205 4170 1243 4244 et
1258 4159 1468 4244 Furconem
1483 4171 1706 4248 constitutos
1735 4238 1750 4280 ,
1758 4181 1897 4293 ,ξῶ

305 4293 356 4376 ad
375 4293 595 4376 demanium
617 4291 805 4376 Ecclesiae
830 4301 980 4376 revocat
1002 4303 1039 4376 et
1063 4293 1195 4376 locum
1213 4292 1345 4376 Aoeuli
1370 4292 1448 4377 sive
1470 4294 1632 4379 Amalec
1656 4298 1705 4382 ud

342 4661 376 4735 tl)
394 4663 467 4731 Quae
479 4660 589 4734 quidem
599 4659 837 4718 excommunicatio
850 4665 976 4718 renovata
989 4660 1069 4718 etiam
1085 4659 1134 4718 luit
1147 4665 1241 4720 contra
1252 4661 1417 4736 mnndum
1433 4668 1462 4722 et
1478 4663 1647 4723 Buthcldum
1661 4665 1706 4724 die

304 4759 379 4818 Jorie
388 4759 473 4817 sancti
484 4773 548 4816 ann.
565 4761 634 4816 ⁴2³0
649 4757 680 4825 tl
693 4756 780 4832 april.)
795 4755 835 4815 Cf.
848 4757 965 4816 ilicone
976 4755 1116 4830 sumu,
1132 4757 1258 4818 Otrcate.
1268 4757 1306 4818 ccl
1316 4775 1383 4818 eeu.
