4642 6106
577 644 640 708 228
1073 657 1287 722 ratbsutct
1312 659 1485 724 sectam
1800 664 1882 744 [dart.
1900 665 1987 728 123⁰.

577 789 675 876 grata
691 783 830 858 luerunt
845 791 1030 884 apostolice
1040 793 1351 870 condescendimus
1367 797 1552 889 voluntati,
1568 797 1829 874 habenteseum
1844 800 1988 874 inomni

577 907 772 980 reverentia
789 912 940 1005 quesibi
957 923 1121 1012 tanquam
1140 920 1245 993 unico
1263 931 1299 994 et
1313 922 1501 998 universali
1521 923 1610 1020 patri
1628 933 1797 1016 tenemur,
1819 933 1855 998 et
1870 947 1934 998 nos
1955 927 1988 998 ei

576 1049 641 1122 pro
662 1027 788 1105 devoto
802 1033 952 1111 Ecclesia
970 1039 1042 1114 filio
1058 1042 1263 1118 exhibentes
1279 1045 1316 1118 in
1330 1067 1373 1120 so
1391 1047 1533 1122 vinculo
1550 1045 1725 1121 charitatis
1742 1069 1813 1142 quo
1830 1048 1989 1123 sacerdo·

577 1151 663 1224 tium
679 1163 715 1226 et
730 1155 913 1254 imperium
929 1162 1140 1240 adinvicem
1155 1172 1444 1266 suutcoujuucta.
1460 1171 1710 1268 Superqnibus
1726 1171 1888 1245 omnibus
1905 1173 1988 1268 quia

576 1296 641 1350 vos
663 1279 824 1376 cupimus
840 1295 1035 1362 nostrorum
1054 1311 1131 1364 esse
1146 1295 1349 1390 participem
1369 1295 1591 1390 gaudiorum,
1606 1294 1821 1369 dilectionem
1838 1305 1988 1372 varam

574 1403 676 1498 plene
690 1415 817 1480 certum
833 1407 908 1484 lieri
923 1413 1085 1488 volumus
1101 1427 1136 1490 et
1148 1417 1350 1510 jocundam.

790 1713 1133 1732 msa-uun*-

401 1997 526 2094 ⁸,·,¹’,l,·,¹,¹²,3‚'¹
630 2001 835 2114 Gregorius
853 2029 953 2114 papa
967 2005 1120 2088 cuidam
1138 2005 1240 2089 fideli
1260 2033 1330 2090 suo
1343 2016 1479 2090 notum
1492 2005 1582 2088 facit
1598 2005 1763 2115 qualiter
1776 2007 1987 2094 Fridericus

574 2135 835 2221 Romanorum
854 2137 1059 2247 imperator
1074 2139 1124 2222 ad
1142 2165 1183 2222 se
1209 2140 1364 2223 veniens
1391 2139 1431 2222 in
1459 2139 1744 2250 participatione
1766 2141 1926 2224 convivii
1948 2155 1986 2226 et

570 2267 739 2378 jocunda
756 2270 1006 2354 collocutione
1020 2281 1101 2354 tana
1127 2275 1176 2358 de
1198 2273 1312 2356 rebus
1333 2297 1433 2382 quae
1457 2272 1507 2354 ad
1532 2271 1663 2354 divine
1682 2280 1853 2382 spectent
1866 2298 1985 2383 quam

573 2402 622 2484 de
643 2401 690 2484 iis
708 2428 807 2512 quae
830 2404 880 2486 ad
895 2403 1084 2489 Ecclesiae
1106 2405 1380 2516 patrimonium
1403 2405 1592 2514 pertinent
1613 2415 1789 2514 paratum
1812 2407 1985 2488 animum

572 2535 797 2642 ostenderit,
812 2547 1017 2648 monetque
1035 2549 1078 2622 ut
1094 2539 1189 2622 haec
1207 2539 1338 2622 omnia
1354 2537 1530 2622 fidelibus
1545 2538 1734 2622 Ecclesiae
1749 2539 1816 2649 qui
1840 2548 1929 2622 suut
1943 2539 1982 2620 ia

573 2667 781 2778 Campania
799 2670 1020 2779 revelando,
1038 2673 1141 2782 ipsos
1155 2672 1196 2754 iu
1218 2671 1403 2782 obsequio
1430 2670 1529 2756 beati
1554 2673 1653 2756 Petri
1683 2682 1721 2756 et
1742 2697 1813 2756 suo
1839 2672 1986 2758 fortiter

573 2801 714 2885 enimet
727 2811 765 2886 et
777 2801 968 2888 informet.

651 3019 774 3096 (lnedtt.
784 3019 949 3084 exBlbliot.
965 3019 1074 3100 inpar.
1090 3019 1276 3102 vindobon,
1289 3020 1484 3086 ert.1’httot.
1500 3029 1571 3097 tot,
1586 3021 1639 3084 tol.
1652 3031 1690 3086 tt
1705 3022 1810 3104 recto.)

619 3209 826 3303 Gregorius,
847 3218 914 3284 etc.
932 3209 1021 3296 Quia
1037 3209 1082 3284 de
1101 3219 1192 3284 stetu
1211 3219 1326 3285 nostro
1348 3219 1383 3286 te
1403 3219 1568 3307 anquam
1590 3211 1773 3308 specialem
1793 3219 1827 3284 et
1843 3210 1982 3284 karissi-

570 3356 667 3407 mum
689 3333 798 3408 filium
818 3355 981 3432 prospera
997 3357 1132 3432 semper
1153 3335 1277 3410 audire
1297 3337 1388 3410 velle
1411 3335 1642 3426 confidimus,
1663 3357 1705 3409 aa
1720 3356 1790 3430 que
1807 3335 1898 3408 circa
1918 3355 1981 3408 uos

570 3459 639 3531 biis
653 3458 778 3533 diebus
789 3469 941 3554 aguntur
954 3459 1131 3534 devotioni
1146 3469 1205 3533 tue
1222 3481 1285 3556 per
1295 3459 1481 3535 familiares
1492 3461 1621 3534 litteras
1638 3459 1825 3556 aperimus.
1841 3459 1979 3531 Noverit

570 3603 653 3677 ergo
668 3592 728 3656 tue
745 3582 938 3657 devotionis
954 3583 1124 3658 industria
1134 3583 1232 3680 quod
1248 3583 1312 3656 tali
1326 3583 1380 3656 die
1397 3581 1450 3680 (t)
1468 3583 1670 3656 karissimus
1689 3583 1725 3654 iu
1739 3581 1872 3654 Christo
1888 3581 1983 3654 iilius

570 3707 712 3779 illustris
724 3707 955 3780 Romanorum
978 3707 1163 3804 imperator
1179 3729 1261 3780 curn
1275 3707 1405 3782 honore
1419 3716 1454 3781 et
1467 3707 1630 3781 comitatu
1651 3705 1836 3799 magnifico
1855 3704 1902 3780 ad
1917 3727 1980 3778 uos

572 3853 652 3903 curu
669 3831 763 3904 omni
778 3830 1047 3927 promptitudine
1068 3831 1182 3904 filialis
1199 3830 1393 3906 devotionis
1408 3832 1571 3924 accessit,
1593 3852 1801 3927 omnemque
1820 3829 1857 3901 iu
1880 3829 1980 3902 nobis

571 3955 673 4027 beato
696 3955 796 4030 Petro
821 3955 1053 4052 apostolorum
1078 3955 1225 4052 principi
1254 3956 1481 4030 reverentiam
1505 3965 1541 4030 et
1569 3955 1796 4028 humilitatem
1819 3951 1979 4027 exhibuit

569 4101 675 4174 quam
687 4088 722 4151 et
738 4079 805 4176 ipsi
817 4077 1075 4176 predecessores
1089 4083 1165 4172 ejus
1178 4079 1302 4151 uostris
1313 4079 1615 4176 predecessoribus
1631 4085 1886 4152 consueverunt
1899 4077 1981 4150 hac·

569 4203 663 4274 tinus
680 4202 858 4296 exhibere,
875 4201 963 4276 illud
975 4203 1118 4299 insuper
1132 4203 1168 4274 iu
1187 4203 1363 4277 evidentia
1377 4204 1486 4298 gratie
1498 4203 1663 4300 plenioris
1681 4225 1723 4276 ac
1742 4199 1980 4275 familiaritatis

569 4327 736 4421 adjiciens
750 4327 846 4422 quod
869 4327 1023 4401 secundo
1040 4327 1097 4400 die
1115 4335 1193 4424 post
1208 4328 1285 4421 ejus
1305 4327 1494 4402 adventurn
1516 4327 1553 4400 iu
1572 4327 1715 4402 domum
1732 4333 1884 4398 nostram
1908 4343 1977 4395 uou

569 4473 650 4524 cum
666 4451 834 4548 imperiali
849 4451 998 4546 fastigio,
1013 4453 1077 4525 sed
1090 4451 1186 4525 velut
1197 4474 1277 4526 cum
1290 4451 1440 4548 quadam
1455 4451 1591 4548 privata
1605 4449 1822 4546 simplicitate
1838 4445 1978 4522 divertit

602 4783 637 4858 tt)
655 4781 763 4844 Scilicet
775 4782 919 4860 primodie
932 4781 1102 4858 septembris.
1114 4783 1175 4842 Vid.
1190 4798 1272 4858 supra
1284 4799 1312 4858 p.
1322 4783 1376 4842 227
1387 4789 1416 4842 et
1429 4789 1485 4842 not.
1501 4787 1527 4841 t.
