4710 6076
385 581 542 666 lentonh]
838 581 1037 644 HISTORIA
1062 581 1359 643 ollnontltlctl.
1745 579 1806 640 295

387 727 561 792 cremento
585 727 756 808 tenemur,
784 739 865 790 eum
892 718 1059 791 illustrem
1085 717 1240 812 reginam
1259 715 1478 791 catharinam
1502 713 1663 787 dilectam
1684 735 1805 788 conso·

385 845 523 918 brinam
547 853 697 916 nostram
723 841 848 915 haheat
872 843 1016 916 feliciter
1044 842 1080 912 in
1101 851 1292 915 oonsortem
1318 839 1391 938 (l),
1417 839 1648 912 concessionis
1670 837 1806 912 dudum

386 968 504 1042 habite
517 989 664 1040 munera
680 966 866 1040 liberaliter
879 975 1126 1062 persequentes
1140 987 1288 1059 rognum
1301 964 1465 1038 Bohemie
1476 985 1556 1036 cnm
1569 963 1664 1036 omni
1675 963 1806 1038 honore

386 1113 429 1166 ao
447 1092 633 1186 dignitate,
656 1089 874 1182 civitatibus,
900 1091 1039 1181 castris,
1069 1090 1166 1163 villis
1183 1100 1217 1164 et
1242 1089 1341 1162 terris
1364 1088 1479 1162 eidem
1499 1107 1607 1182 regno
1632 1089 1805 1184 pertinen·

391 1217 500 1308 tibus,
520 1225 556 1288 et
573 1237 653 1288 oum
675 1215 769 1288 omni
782 1216 861 1307 jure
878 1235 949 1310 qno
970 1213 1084 1288 dietus
1099 1236 1163 1288 rex
1182 1225 1280 1310 pater
1294 1215 1369 1306 ejus
1384 1211 1478 1285 idem
1492 1233 1639 1308 regnum
1652 1213 1807 1286 rationa-

388 1341 503 1414 biliter
520 1339 674 1412 noscitur
690 1339 887 1435 possedisse
909 1338 1097 1434 imperialis
1117 1337 1334 1410 authoritatis
1353 1335 1544 1408 munimine
1562 1335 1806 1410 confirmamus
1930 1420 1935 1430 Ι

388 1465 520 1562 prelato
531 1463 691 1536 Waezlao
706 1463 838 1557 juniori
853 1464 926 1556 regi
938 1463 1127 1536 tenendum
1145 1471 1180 1536 et
1196 1461 1459 1558 possidendum,
1472 1461 1562 1533 sicut
1575 1469 1692 1534 tenere
1702 1460 1806 1534 dehet

389 1611 410 1661 a
431 1588 532 1660 nobis
557 1597 591 1660 et
618 1588 781 1683 imperio,
798 1588 965 1682 presentis
981 1589 1155 1683 privilegii
1179 1588 1386 1660 authoritate
1406 1586 1612 1659 mandantes
1633 1595 1806 1680 quatenns

389 1713 506 1785 nullus
523 1712 697 1808 princeps,
713 1713 801 1804 dux,
822 1713 987 1796 marchio,
1000 1734 1127 1803 nomes,
1141 1713 1289 1806 legatus,
1304 1712 1468 1805 nullaque
1484 1710 1642 1782 sublimis
1658 1732 1804 1806 persona

388 1837 445 1908 vel
469 1835 627 1926 humilis,
648 1835 878 1910 ecclesiastica
900 1837 956 1909 vel
974 1837 1173 1927 mundana,
1205 1846 1323 1908 eontra
1345 1837 1512 1930 presentis
1539 1834 1807 1908 confirmationis

389 1969 506 2033 nostre
521 1959 673 2034 divalem
691 1961 853 2056 paginam
869 1961 990 2033 venire
1005 1970 1192 2056 presumat.
1211 1960 1313 2046 Quod
1330 1960 1392 2054 qni
1411 1961 1660 2055 presumpserit
1683 1983 1807 2055 penam

389 2085 483 2157 mille
497 2085 661 2158 librarum
680 2086 755 2158 auri
771 2109 808 2158 se
830 2087 1101 2181 compositurum
1115 2094 1300 2180 agnoscat,
1318 2107 1467 2178 quarum
1481 2085 1700 2160 medietatem
1713 2087 1808 2159 curie

389 2217 504 2282 nostre
522 2219 557 2284 et
578 2211 748 2304 reliquam
768 2211 856 2306 parti
874 2233 976 2307 passo
996 2211 1160 2304 injuriam
1182 2233 1220 2284 se
1241 2211 1376 2284 noverit
1399 2211 1606 2284 soluturum.
1630 2209 1686 2284 Ad
1702 2209 1807 2304 hujus

389 2333 506 2428 itaque
523 2344 637 2408 nostre
654 2334 923 2409 confirmationis
942 2336 1142 2410 memoriam
1160 2345 1195 2410 et
1215 2336 1321 2411 robur
1338 2343 1504 2431 perpetuo
1521 2335 1709 2408 valiturum
1728 2358 1806 2432 pre-

388 2481 469 2532 sens
491 2459 713 2554 privilegiom
735 2458 808 2532 lieri
825 2468 860 2532 et
881 2459 976 2532 bulla
999 2481 1104 2532 aurea
1131 2460 1266 2556 typario
1291 2469 1407 2532 nostro
1430 2460 1617 2552 majestatis
1640 2460 1807 2556 impressa

385 2583 553 2675 jussimus
569 2584 797 2662 communiri„

437 2707 548 2800 Hujus
563 2716 680 2779 nutem
695 2708 746 2779 rei
761 2717 865 2780 testes
881 2715 964 2780 sunt
977 2707 1096 2780 Lando
1110 2707 1275 2803 Reginus,
1288 2709 1467 2798 Ja[oobus]
1479 2707 1664 2804 Capuaene
1685 2719 1719 2782 et
1735 2711 1807 2783 lta-

389 2829 487 2902 rinus
503 2829 553 2928 (a)
567 2833 725 2905 Berensis
743 2833 1007 2927 archiepiscopi,
1026 2833 1212 2906 familiares
1231 2842 1266 2906 et
1286 2833 1406 2906 fideles
1428 2833 1601 2924 nostri,...
1623 2835 1807 2908 Salernita-

390 2977 456 3026 nns
481 2951 528 3051 (h)
551 2964 586 3027 et
610 2957 730 3028 Petrus
754 2953 999 3027 Brundusinus
1026 2949 1296 3052 archiepiscopi,
1325 2957 1366 3027 ll.
1396 2955 1582 3029 Melfiensis
1609 2966 1643 3029 et
1669 2958 1708 3028 P.
1740 2959 1807 3031 Ra·

388 3080 539 3152 velensis
564 3081 740 3177 episcopi,
772 3081 875 3153 irater
898 3081 1116 3154 Hermannus
1147 3080 1310 3176 magister
1337 3081 1517 3177 hospitalis
1548 3083 1672 3156 Sancte
1698 3083 1806 3158 lllarie

389 3203 677 3278 'theotonicorum
696 3205 952 3292 interemtam,
971 3202 1151 3278 Gohardus
1170 3205 1215 3278 de
1230 3203 1412 3278 Arnestein
1430 3205 1565 3298 legatos
1588 3207 1624 3278 in
1643 3207 1802 3297 ltalia...

391 3327 616 3423 landgravius
634 3329 680 3402 de
696 3329 943 3423 Luokimherg,
962 3351 1078 3402 comes
1100 3328 1275 3402 Gerardns
1292 3330 1337 3402 de
1363 3331 1526 3421 Saumes,
1549 3330 1743 3403 Friderions
1763 3333 1808 3406 de

390 3453 481 3526 Karo
494 3461 530 3526 et
545 3453 723 3526 Comedus
736 3453 782 3528 de
794 3453 1000 3545 Smidilvelt,
1019 3453 1213 3526 lllanlridns
1228 3453 1380 3525 marchio
1393 3455 1518 3542 Lunna,
1535 3455 1682 3528 Thomas
1694 3477 1809 3529 comes

390 3577 617 3669 Acerrarum,
650 3577 838 3652 Riooardns
872 3577 1123 3670 marescalcus,
1159 3575 1347 3649 lliccardus
1375 3577 1607 3670 camerarius,
1640 3578 1808 3652 llenrious

391 3724 518 3797 magne
534 3701 630 3775 curio
644 3701 831 3798 imperialis
849 3703 1012 3796 magister
1027 3701 1247 3796 justitiarius,
1265 3711 1300 3774 ct
1315 3701 1374 3774 alii
1391 3725 1496 3796 qnam
1512 3703 1641 3798 plures,

440 3827 525 3900 Aeta
540 3836 622 3899 sunt
641 3825 707 3900 heo
720 3847 813 3900 anno
831 3825 1004 3900 dominice
1019 3826 1264 3899 incarnationis
1282 3827 1331 3898 M.
1348 3825 1410 3898 CC.
1428 3827 1554 3917 XXXI,
1574 3849 1693 3900 mense
1704 3829 1806 3920 julio,

391 3961 513 4046 quarte
527 3951 738 4043 indictionis,
756 3952 948 4047 imperante
961 3949 1103 4024 domino
1119 3963 1236 4023 nostro
1253 3949 1427 4023 Friderico
1441 3951 1504 4023 Dei
1523 3952 1632 4045 gratia
1647 3952 1810 4026 illustris-

392 4075 483 4148 simo
496 4077 728 4148 Romanorum
747 4075 971 4170 imperatore,
989 4095 1125 4169 semper
1137 4085 1306 4169 augusto,
1325 4075 1513 4146 Jerusalem
1527 4083 1562 4147 et
1577 4075 1691 4148 Sicilie
1705 4099 1805 4172 rege,

432 4261 473 4344 (a)
493 4265 530 4324 In
540 4263 692 4340 impressis
705 4259 852 4334 naum,
866 4261 953 4320 mole.

435 4367 475 4450 (h)
498 4371 534 4430 ln
547 4369 696 4447 lmpressls
708 4364 885 4429 Soloioorrm
897 4367 986 4428 mole.

433 4711 469 4782 (tl
488 4707 596 4766 Scilicet
609 4707 689 4766 liliam
698 4708 814 4784 Philippi
829 4711 1007 4768 Romanorum
1021 4711 1099 4784 regis.
1111 4709 1190 4784 Apud
1200 4709 1342 4768 historiens
1353 4717 1443 4769 antem
1455 4711 1618 4786 cunigundis
1628 4713 1716 4771 vocari
1729 4713 1807 4772 solet.
