4710 6076
1076 701 1245 766 usuale!
1270 701 1436 764 suellen

357 1313 514 1414 consp
606 1281 794 1365 Henriens
806 1279 1066 1364 Romanorum
1081 1305 1163 1384 rex,
1175 1279 1224 1362 ad
1238 1303 1367 1390 preces
1383 1277 1555 1362 lleinoldi
1564 1276 1766 1386 praepositi
1781 1275 1958 1358 ecclesiae

467 1369 680 1498 Sancti
702 1412 806 1499 Lucii
824 1412 1124 1496 Reneduranae
1114 1439 1155 1493 111
1172 1411 1333 1494 dioecesi
1353 1409 1545 1514 Curiensi,
1564 1407 1662 1492 illud
1686 1407 1958 1492 monasterium

553 1547 603 1630 ab
618 1573 723 1632 omni
713 1545 961 1630 advocatia'
950 1572 989 1628 m
1003 1556 1227 1655 perpetuum
1241 1544 1404 1628 liberum
1421 1543 1602 1626 declarat.

635 1761 805 1842 (Memorat.
828 1779 876 1840 ap.
898 1763 1075 1836 Erennonn,
1091 1759 1255 1840 Episcopus.
1272 1759 1417 1832 eoam„
1435 1774 1466 1836 p.
1483 1767 1551 1832 ata,
1568 1757 1621 1818 ubl
1638 1763 1726 1820 notae
1738 1757 1957 1836 chronologicae

669 1869 875 1930 tantummodo
893 1867 1082 1928 exhtbentur.
1096 1868 1252 1945 Perperam
1270 1873 1369 1928 auten
1381 1863 1528 1926 maleto
1543 1865 1744 1927 Romanorum
1757 1867 1819 1944 regi
1831 1865 1888 1927 boc
1904 1867 1956 1925 ln-

668 1981 865 2037 strumentum
878 1972 1040 2052 adscribit.)

599 2161 723 2232 Datum
737 2159 943 2252 Constantia,
963 2180 1054 2232 auno
1067 2161 1114 2232 M.
1135 2157 1198 2232 CC.
1213 2159 1350 2249 XXVII,
1364 2159 1534 2254 vigesimo
1550 2160 1710 2234 octobris.

399 2786 461 2840 aaa
599 2743 784 2828 Hennicus
802 2741 1062 2826 Romanorum
1078 2767 1145 2823 rex
1158 2739 1383 2824 coenobium
1398 2741 1446 2823 de
1459 2739 1677 2852 Wettingcn
1701 2740 1955 2824 cisterciensis

405 2851 508 2936 'ffb
545 2878 691 2964 ordinis
703 2901 792 2959 oum
807 2875 978 2984 personis
996 2883 1034 2956 et
1050 2873 1191 2957 rebus
1181 2901 1221 2954 ιιι
1244 2874 1445 2984 specialem
1468 2900 1578 2958 suam
1590 2875 1868 3022 possessionem
1889 2902 1955 2958 re—

544 3011 653 3120 cipit,
618 3009 842 3092 tscultetis
865 3007 1112 3117 officiatisque
1134 3007 1213 3088 suis
1239 3007 1396 3089 mandat
1421 3015 1465 3090 ut
1448 3007 1536 3089 tab
1558 3007 1663 3090 omni
1685 3007 1825 3117 inju1ia
1851 3007 1953 3091 idem

545 3151 768 3254 protegant,
792 3151 830 3222 et
858 3139 907 3222 ab
933 3140 1038 3222 omni
1067 3139 1260 3222 exactione
1286 3140 1417 3222 eximit
1447 3141 1582 3223 domos
1611 3165 1708 3250 quas
1740 3140 1779 3222 in
1812 3141 1952 3252 Tiguro

545 3277 706 3386 aliisque
719 3273 933 3358 civitatibus
953 3273 1031 3356 suis
1049 3271 1169 3356 abbas
1185 3281 1222 3354 ct
1237 3283 1445 3356 conventus
1459 3273 1653 3382 acquirere
1666 3283 1856 3384 poterunt.

347 2837 479 2934 1Turegcm

626 3491 729 3570 (Edld.
743 3491 920 3564 Heracon,
938 3485 1055 3550 Gestat.
1070 3485 1248 3569 Habora,
1263 3487 1329 3548 cod.
1345 3487 1475 3565 probat„
1489 3493 1514 3548 t.
1529 3487 1578 3566 11,
1593 3485 1678 3566 aaa.)

588 3675 769 3750 Heinncus
778 3673 1044 3748 divinaiavente
1060 3673 1240 3746 elementia
1253 3673 1483 3746 Romanorum
1494 3693 1557 3744 rex
1569 3681 1605 3744 et
1617 3693 1754 3768 semper
1765 3683 1947 3768 augustus,

542 3801 713 3876 universis
738 3799 872 3895 imperii
893 3796 1056 3872 fidelibus
1075 3796 1205 3891 quibus
1223 3815 1364 3891 presens
1380 3795 1544 3890 scriptum
1564 3795 1760 3868 exhibitum
1786 3797 1890 3870 luerit
1912 3799 1948 3870 in

541 3933 759 4022 perpetuum.
781 3921 839 3996 Ad
857 3922 930 3997 vite
953 3922 1134 4015 utriusque
1158 3919 1324 4015 presentis
1345 3927 1380 3992 et
1405 3919 1520 3992 future
1544 3918 1740 3992 felicitatem
1757 3921 1858 3994 nobis
1880 3941 1948 3994 non

539 4049 748 4144 ambigimus
772 4049 988 4143 profuturnm
1008 4046 1038 4118 si
1054 4046 1130 4118 loca
1144 4044 1265 4118 divino
1283 4045 1392 4117 cultui
1409 4043 1604 4138 mancipata
1619 4045 1856 4118 curaverimus
1877 4067 1949 4118 am·

540 4174 648 4268 pliare
669 4180 704 4247 et
723 4171 774 4244 eis
793 4171 935 4265 suisque
955 4191 1000 4242 ne
1022 4178 1210 4261 gravemur
1224 4167 1376 4241 indebite
1389 4165 1625 4240 studuerimus
1641 4167 1700 4263 pia
1718 4167 1949 4244 sollieitudine

540 4295 737 4392 providere.
771 4295 883 4386 Hujus
906 4294 1023 4388 itaque
1052 4291 1102 4364 rei
1133 4290 1242 4386 gratia
1265 4290 1311 4364 ad
1340 4289 1496 4364 notitiam
1523 4290 1762 4364 universorum
1788 4291 1948 4386 cupimus

539 4420 721 4516 pervenire
739 4417 836 4514 quod
856 4438 920 4490 nos
938 4415 1156 4490 attendentes
1173 4415 1384 4488 honestatem
1400 4423 1434 4488 et
1447 4414 1666 4488 devotionem
1680 4413 1813 4488 ordinis
1826 4414 1948 4488 Cister-

539 4543 678 4634 ciensis,
700 4541 844 4615 domum
861 4549 896 4613 et
912 4539 1096 4613 cenobium
1117 4539 1315 4632 Wettingen
1330 4536 1376 4610 da
1392 4558 1484 4611 novo
1500 4537 1683 4612 fundatum
1699 4545 1735 4610 et
1748 4535 1946 4610 edificatum

540 4668 577 4740 in
597 4667 764 4764 personis,
786 4665 891 4739 rebus
909 4672 944 4738 et
964 4662 1241 4761 possessionibus
1259 4683 1347 4757 quas
1364 4683 1457 4734 nunc
1472 4661 1649 4760 possident
1664 4669 1699 4734 et
1713 4661 1750 4734 in
1763 4643 1945 4758 posterum

537 4800 698 4887 poterunt
711 4790 858 4888 adipisci
869 4789 905 4863 iu
915 4797 1067 4864 nostram
1082 4786 1266 4884 specialem
1277 4786 1470 4882 recepimus
1480 4787 1737 4882 protectionem,
1749 4786 1947 4861 auctoritate
