4710 6076
568 607 629 670 ³28
1094 605 1264 668 llElllilGl
1290 605 1456 668 suurltit
1793 606 1872 688 [Am.
1891 607 1977 670 122⁷.

568 743 662 814 nitus
683 749 718 814 et
739 739 925 814 subtracta.
950 739 1038 826 Quia
1064 759 1148 812 vem
1171 739 1370 834 hujusmodi
1395 739 1616 838 privilegium
1640 760 1701 836 per
1719 741 1979 838 occupationem

569 866 712 938 nimiam
732 873 767 936 et
784 871 902 936 contra
921 863 1086 936 honorem
1107 863 1242 959 imperii
1266 875 1301 938 ct
1319 863 1517 940 fidelitatem
1536 885 1607 958 qua
1624 863 1840 960 principibus
1856 865 1981 938 uostris

570 999 726 1062 tenemur
744 987 834 1060 siout
844 997 879 1059 et
892 986 958 1082 ipsi
973 986 1086 1078 nobis,
1108 987 1333 1082 cognovimus
1350 1009 1561 1060 emanassea
1578 986 1691 1080 nobis,
1711 1008 1774 1083 per
1786 987 1980 1084 predictum

569 1110 864 1206 archiepiscopum
891 1111 1135 1182 Trevereusem
1169 1109 1299 1182 litteras
1331 1119 1446 1182 nostre
1481 1110 1667 1204 majestatis
1694 1117 1849 1204 patentes
1878 1109 1980 1184 vobis

568 1233 819 1306 transmisimus
843 1254 913 1328 que
936 1231 1069 1306 dictum
1090 1232 1312 1329 privilegium
1338 1242 1511 1326 vestrum,
1531 1233 1561 1306 si
1585 1232 1807 1328 privilegium
1829 1233 1899 1308 dici
1917 1233 1980 1307 de-

567 1359 666 1452 beat,
686 1379 851 1454 expresse
866 1357 1089 1446 revocabant,
1109 1357 1145 1428 iu
1160 1357 1291 1452 quibus
1304 1366 1339 1430 et
1351 1357 1453 1431 vobis
1471 1367 1666 1432 constanter
1679 1339 1922 1430 inbibebamus
1935 1378 1980 1430 ne

569 1481 662 1556 dioto
685 1482 869 1578 privilegio
890 1482 1108 1576 aliquatenus
1133 1481 1183 1552 uti
1206 1481 1459 1577 presumeretis.
1484 1482 1554 1554 llos
1576 1489 1692 1554 autem
1712 1481 1842 1554 malitie
1865 1491 1980 1556 vestre

568 1606 793 1680 obstinaciam
822 1605 1034 1678 inculcantes
1058 1605 1283 1702 respondistis
1310 1605 1462 1702 sepelato
1492 1603 1692 1678 vaercusi
1722 1603 1980 1700 archiepiscopo

568 1732 663 1826 quod
679 1731 725 1804 ab
743 1752 811 1802 nen
828 1729 984 1822 ejusdem
1004 1729 1177 1824 privilegii
1197 1731 1394 1804 nullatcnus
1411 1729 1599 1804 cessaretis.
1618 1729 1705 1802 Cum
1718 1728 1825 1824 igitur
1838 1727 1980 1802 cuilibet

568 1854 689 1927 nuntio
712 1854 758 1926 ab
780 1852 982 1926 excellentia
1003 1862 1118 1926 uostm
1137 1853 1286 1926 subditis
1304 1855 1428 1928 nostris
1445 1853 1616 1929 destinato
1641 1853 1806 1926 bonorem
1824 1861 1860 1924 et
1878 1872 1978 1926 reve-

569 1980 714 2051 rentiam
737 1978 885 2050 velimus
914 1977 1072 2050 exbiberi
1096 1987 1131 2050 et
1151 1976 1255 2052 fidem
1276 1977 1452 2066 adbiberi,
1480 1977 1745 2051 conniventibus
1767 1975 1877 2048 oculis
1899 1996 1978 2071 per·

569 2103 713 2176 transire
742 2123 811 2174 uon
842 2123 1026 2197 possumus
1053 2123 1119 2174 uec
1148 2101 1316 2176 debemus
1350 2101 1447 2198 quod
1474 2123 1539 2174 vos
1569 2100 1662 2175 dicto
1692 2097 1975 2196 archiepiscopo,

572 2236 685 2324 preter
704 2225 950 2322 specialitatem
970 2225 1186 2298 discretionis
1208 2234 1244 2300 ct
1264 2226 1442 2320 diguitatis
1464 2225 1792 2318 excellentiamque
1815 2243 1978 2320 preroga·

570 2351 676 2424 tivum
698 2348 929 2423 venerationis
955 2349 988 2422 ei
1013 2359 1213 2422 meruerunt
1234 2351 1331 2446 apud
1349 2359 1548 2442 extraneos,
1570 2349 1690 2422 saltem
1707 2358 1872 2443 tauquam
1888 2345 1978 2444 patri

569 2483 682 2550 vestro
699 2472 889 2569 spirituali,
908 2471 1050 2546 obedire
1065 2482 1101 2546 et
1113 2473 1254 2548 credere
1270 2474 1484 2568 neglexistis.
1505 2475 1578 2546 lmo
1593 2471 1689 2567 quod
1707 2471 1859 2546 deterius
1874 2481 1927 2543 est
1944 2479 1979 2544 et

568 2599 711 2696 gravius
726 2597 885 2687 ierimus,
906 2595 1022 2692 ipsum
1039 2597 1101 2690 qui
1121 2619 1183 2691 pro
1203 2619 1288 2694 pace
1305 2607 1420 2670 vestra
1437 2608 1472 2670 et
1491 2619 1538 2670 ex
1552 2605 1649 2692 parte
1666 2605 1781 2670 nostre
1794 2595 1890 2690 regie
1903 2616 1978 2667 ma-

564 2721 753 2815 jestatiead
767 2741 833 2794 vos
854 2729 996 2793 venerat
1009 2719 1045 2791 in
1066 2720 1243 2815 aliquibus
1260 2721 1410 2816 graviter
1422 2719 1625 2794 offendistis.
1648 2720 1717 2793 Nos
1738 2719 1861 2814 igitur,
1882 2739 1977 2792 com·

567 2847 743 2920 munieato
769 2843 963 2940 principum
989 2853 1183 2917 nostrorum
1210 2845 1371 2938 consilio,
1404 2845 1505 2918 vobis
1532 2843 1738 2918 mandamus
1763 2852 1798 2916 et
1825 2841 1978 2918 districte

568 2969 777 3066 precipimus
795 2977 968 3062 quatenus
982 2965 1114 3040 dictum
1129 2968 1350 3064 privilegium
1370 2967 1578 3063 Aquisgraui
1593 2967 1629 3040 iu
1645 2967 1865 3040 oomuaticue
1880 2987 1977 3040 sere·

569 3095 710 3168 nissime
722 3091 880 3186 conjugis
895 3101 1011 3164 nostre
1026 3091 1223 3184 obtentum,
1242 3093 1278 3164 in
1292 3113 1363 3188 qno
1377 3093 1572 3166 continetur
1585 3091 1681 3186 quod
1695 3112 1761 3166 vos
1773 3099 1903 3186 septem
1917 3091 1976 3183 ju-

570 3229 660 3292 ratos
679 3215 836 3290 habeatis
855 3216 916 3309 qui
935 3214 1066 3288 civitati
1089 3215 1307 3288 verdunensi
1328 3217 1549 3290 dominentur
1566 3225 1600 3288 et
1620 3214 1881 3310 quatuordecim
1900 3237 1975 3288 sca-

569 3345 685 3431 binos,
714 3349 844 3436 septem
868 3339 913 3412 de
939 3339 1066 3434 palatio
1084 3349 1119 3412 et
1135 3349 1266 3436 septem
1284 3340 1328 3414 de
1349 3340 1609 3424 vicecomitatu,
1631 3339 1693 3434 qui
1713 3361 1735 3413 a
1756 3339 1858 3412 vobis
1877 3339 1976 3413 electi

568 3468 730 3563 episcopo
743 3473 857 3538 vestro
870 3472 1121 3560 presentemur,
1131 3473 1180 3552 et,
1194 3465 1224 3536 si
1239 3485 1298 3538 eos
1309 3465 1463 3561 racipere
1474 3465 1634 3554 noluerit,
1645 3463 1852 3537 authoritate
1860 3471 1976 3537 nostra

569 3591 792 3664 nihilominus
813 3587 988 3681 judicatur
1012 3585 1084 3680 (sic)
1102 3587 1173 3685 (a),
1200 3588 1328 3684 pariter
1347 3597 1383 3662 et
1406 3587 1503 3683 quod
1525 3587 1678 3662 decanus
1697 3587 1846 3660 civitatis
1866 3587 1976 3660 laicus

568 3714 746 3789 annuatim
769 3711 1008 3786 subdecanum
1036 3711 1161 3784 laicum
1182 3711 1287 3806 eligat
1305 3721 1340 3784 et
1360 3713 1427 3786 sub
1444 3711 1567 3786 eadem
1587 3712 1696 3785 lorma
1716 3711 1879 3808 episcopo
1898 3733 1976 3808 pre·

568 3849 721 3914 sectetur
734 3835 984 3920 investiendus,
998 3842 1034 3906 et
1049 3835 1145 3929 quod
1158 3856 1222 3930 pro
1234 3835 1373 3909 civitate
1389 3845 1504 3910 vestra
1518 3835 1565 3932 (l)
1580 3833 1768 3908 munienda
1782 3845 1817 3907 et
1830 3835 1907 3908 aliis
1921 3835 1975 3906 oi-

568 3963 685 4036 vitatis
704 3960 852 4054 negotiis
870 3957 1087 4053 exequendis
1105 3957 1268 4031 eumdem
1289 3959 1489 4054 episcopum
1507 3947 1841 4054 quaudo'volueritis
1858 3958 1974 4054 requi·

569 4087 652 4160 ratis
663 4095 699 4159 et
714 4085 744 4158 ei
760 4103 825 4157 vos
838 4103 943 4177 super
957 4081 1025 4154 biis
1037 4082 1163 4174 juvare
1178 4083 1343 4172 noluerit,
1356 4103 1420 4156 vos
1434 4083 1641 4157 authoritate
1659 4091 1775 4156 nostra
1787 4105 1850 4178 per
1869 4093 1974 4156 totam

568 4210 741 4282 civitatem
762 4217 797 4280 et
818 4205 1005 4297 suburbia,
1023 4203 1185 4278 videlicet
1198 4205 1234 4278 iu
1253 4206 1365 4299 burgo
1380 4206 1495 4278 Sancti
1518 4206 1650 4294 Vitoni,
1675 4207 1867 4282 lislacautia
1883 4218 1918 4281 et
1937 4207 1973 4279 in

566 4335 667 4409 Prato
684 4331 850 4429 episcopi,
869 4339 904 4403 et
921 4350 1026 4426 super
1043 4350 1163 4403 omnes
1180 4331 1257 4404 illos
1272 4331 1334 4426 qni
1352 4331 1507 4404 bannum
1527 4342 1562 4404 et
1582 4332 1695 4405 lorum
1711 4331 1859 4405 civitatis
1880 4353 1972 4404 mar·

609 4617 647 4693 (a)
667 4613 736 4675 Vld.
750 4612 960 4674 documentum
969 4609 1160 4688 subsequens,
1176 4609 1256 4672 unde
1268 4627 1372 4674 seusus
1384 4611 1462 4674 clare
1473 4611 1622 4674 delinitur.

608 4720 648 4800 (i)
667 4723 703 4783 In
715 4721 856 4796 lmpresso
868 4723 979 4792 nostra,
993 4717 1081 4779 mule.
