4642 6106
603 675 665 738 eso
1104 674 1319 739 rnronarcr
1344 673 1518 736 succum
1830 674 1908 760 [an.
1929 677 2014 740 rear.

601 813 712 884 lorum
727 833 817 907 quos
834 813 973 886 vocavit
990 815 1105 888 senior
1119 811 1337 908 magnificus,
1351 811 1575 884 honorandus
1587 821 1622 884 et
1634 809 1838 885 benedictus
1849 823 1885 885 et
1896 833 2017 887 corro-

601 937 742 1008 boratus
753 936 880 1010 virtute
889 939 952 1010 Dei
964 937 1157 1012 Abbnissac
1169 937 1346 1034 predictus
1356 933 1464 1032 (Dens
1475 943 1654 1032 perpetuet
1664 935 1881 1008 altitudinem
1894 958 2015 1010 eorum

598 1071 633 1134 et
649 1062 908 1158 prosperitatem
925 1063 1077 1162 illorum)
1095 1063 1191 1160 quud
1209 1063 1294 1160 ipsis
1308 1063 1428 1135 attinet
1443 1059 1488 1134 de
1502 1061 1569 1134 hoc
1581 1070 1616 1133 et
1633 1059 1677 1134 de
1695 1061 1891 1134 testimonio
1908 1061 2015 1135 inter·

598 1196 732 1281 pretum
748 1185 1010 1260 infradictorum
1023 1199 1057 1262 et
1070 1189 1166 1283 quod
1182 1188 1267 1284 ipsis
1283 1187 1422 1272 attinet,
1441 1183 1538 1280 quod
1552 1185 1769 1259 declararunt
1784 1195 1818 1256 et
1834 1185 2014 1260 intellexe-

595 1318 677 1380 runt
690 1311 785 1403 qnod
803 1311 999 1384 christianis
1019 1313 1197 1408 predictus
1216 1333 1318 1384 omne
1339 1310 1406 1382 hnc
1422 1307 1658 1382 confirmasset
1675 1310 1847 1403 accepisse
1864 1318 1899 1382 et
1913 1311 2014 1382 testi-

596 1433 712 1506 monia
727 1433 867 1508 dedisse
884 1435 929 1508 de
943 1445 1027 1524 toto,
1047 1435 1193 1511 dimidio
1206 1436 1336 1508 mensis
1347 1433 1618 1508 Jamadalachsri
1632 1433 1957 1530 annollCXXVlll(
1982 1435 2009 1530 ).

643 1558 686 1630 Et
700 1580 747 1631 ex
761 1561 871 1654 pactis
884 1559 1014 1654 quibus
1026 1560 1091 1632 hec
1105 1581 1176 1656 pax
1191 1569 1365 1632 eontracta
1379 1559 1455 1649 luit,
1472 1559 1611 1655 expleto
1625 1567 1661 1630 et
1671 1561 1834 1654 perlecta,
1850 1559 2013 1654 estquod

594 1703 696 1754 nemo
718 1705 765 1756 ex
787 1685 1035 1757 mercatoribus
1052 1683 1372 1756 mahometanorum
1393 1681 1455 1778 qui
1478 1683 1621 1772 navigat
1636 1681 1755 1754 eundo
1774 1690 1809 1754 et
1833 1681 2012 1756 redeundo

592 1807 637 1880 ad
655 1807 813 1900 regium
827 1819 861 1880 et
874 1809 1071 1903 provincias
1085 1809 1232 1905 predicti
1246 1807 1337 1902 regis
1350 1807 1396 1881 ad
1414 1827 1545 1880 merces
1560 1815 1692 1879 tantum
1708 1805 1932 1902 impediatur,
1952 1827 2011 1880 se-

591 1933 746 2005 cundum
764 1933 1060 2006 confederationes
1078 1933 1263 2029 predictas,
1279 1941 1315 2004 et
1327 1933 1500 2028 persolvat
1516 1931 1700 2006 decimam.
1718 1931 1760 2002 Et
1777 1931 1844 2003 hoc
1856 1930 2009 2026 diploma

591 2065 643 2128 est
663 2064 808 2144 certum,
826 2079 949 2130 verum
963 2068 998 2130 et
1015 2059 1111 2148 utile,
1130 2067 1169 2130 ut
1183 2057 1356 2154 petierunt
1368 2058 1473 2147 illud,
1491 2065 1525 2128 et
1536 2065 1589 2128 est
1603 2057 1734 2128 clarum
1752 2063 1787 2127 et
1803 2055 2006 2151 perfectum.

640 2183 800 2254 Hametes
822 2181 1026 2256 Mahometis
1049 2183 1142 2256 filius
1166 2183 1229 2256 lilii
1249 2183 1360 2256 Geber
1384 2182 1565 2255 Alceroani
1588 2191 1622 2254 et
1640 2181 1800 2254 Hametes
1820 2180 1926 2253 Omar
1947 2179 2009 2252 filii

590 2305 694 2378 Omer
707 2307 859 2378 llametis
874 2307 935 2378 filii
951 2307 1099 2380 Albilbal
1117 2318 1152 2382 et
1172 2308 1402 2382 Abdumrami
1421 2306 1569 2380 Abdalla
1582 2305 1676 2379 filius
1695 2305 1868 2378 Alcorasci
1886 2314 1922 2378 et
1935 2305 2009 2378 lla·

591 2431 743 2502 hemetes
761 2431 999 2504 Benabilcazin
1025 2433 1105 2505 lirin
1133 2433 1255 2506 Balbin
1278 2433 1474 2520 Alcorasci,
1496 2434 1630 2506 Hascan
1659 2431 1807 2504 Abdalla
1829 2429 1923 2502 lilius
1951 2429 2009 2502 Bi·

590 2553 761 2626 nalehaim
775 2551 927 2628 Athami.

637 2677 676 2749 ln
690 2699 733 2750 eo
746 2689 827 2752 sunt
840 2681 943 2754 etiam
966 2681 1094 2778 scripta
1109 2682 1304 2757 testimonia
1317 2681 1439 2756 litteris
1457 2681 1573 2756 latinis
1592 2681 1730 2754 testium
1747 2689 1782 2754 et
1796 2679 1914 2774 magni
1933 2679 2007 2752 llo-

590 2823 770 2874 mauorum
784 2804 889 2897 regis.

825 3113 1646 3126 —————-——-—--.-————--—-....-...-.
1656 3117 1687 3123 ...
1709 3119 1715 3122 .
1726 3115 1766 3124 ...μ

448 3395 480 3434 ¹⁸¹
521 3421 534 3488 ν,
641 3384 847 3493 Gregorius
860 3409 960 3492 papa
974 3383 1206 3469 Friderioum
1219 3385 1478 3470 Romanorum
1494 3385 1760 3494 imperatorem
1773 3385 1900 3468 denuo
1913 3385 2009 3469 hor-

585 3525 688 3599 tatur
702 3525 746 3600 nt
759 3516 1023 3626 Hospitalariis
1035 3528 1074 3600 et
1086 3517 1310 3626 templariis
1327 3541 1495 3628 quonum
1515 3517 1656 3602 anxilio
1674 3544 1715 3602 se
1732 3517 1848 3602 Terra
1863 3517 2007 3602 Sancta

584 3649 780 3758 potissime
814 3651 1022 3756 sustineat,
1054 3649 1182 3734 ablata
1213 3651 1360 3734 restitui
1396 3649 1511 3734 iaciat
1544 3652 1741 3756 universa,
1775 3653 2006 3761 nuntiatque

584 3783 740 3866 eosdem
752 3809 836 3866 esse
848 3795 1002 3894 paratos
1016 3783 1255 3893 adponenda
1272 3782 1438 3866 leudnlia
1452 3809 1553 3893 quae
1566 3783 1616 3867 ab
1629 3784 1715 3866 aliis
1726 3811 1846 3895 quam
1859 3810 1882 3867 a
1895 3783 2005 3867 curia

584 3915 803 4000 habueruut
826 3917 863 3998 in
886 3943 1025 4000 manus
1044 3917 1218 4026 magistri
1234 3915 1576 4022 Theutonicomm,
1591 3917 1645 3998 itu
1666 3918 1771 4026 quod
1793 3927 2003 4027 proventus

584 4073 716 4130 eorum
738 4059 864 4131 teneat
886 4059 924 4131 ct
945 4059 1141 4132 conservet
1164 4073 1365 4158 quousque
1388 4048 1484 4157 quid
1510 4049 1560 4131 ad
1581 4075 1697 4160 quem
1722 4051 1908 4160 pertineat
1931 4063 2004 4159 p'er

585 4181 747 4264 arbitros
760 4171 985 4266 declaretur,

664 4367 788 4449 (lnedlt.
803 4371 951 4449 ellegest.
967 4371 1090 4450 ungor.
1105 4373 1159 4445 lx,
1175 4387 1247 4433 anu.
1263 4371 1303 4444 V,
1319 4381 1353 4432 n⁰
1368 4377 1430 4446 ⁵1.)

623 4602 659 4672 (tl
679 4602 768 4672 Quum
788 4620 875 4662 annus
895 4605 1002 4678 hegirae
1021 4608 1072 4664 628
1089 4623 1161 4664 nono
1178 4607 1222 4664 die
1242 4606 1396 4665 novembris
1410 4624 1472 4664 suu.
1488 4607 1556 4666 ta.
1572 4611 1641 4664 ⁴230
1654 4609 1798 4684 inceperit,
1811 4624 1845 4666 ex
1856 4609 2004 4668 undatione

585 4697 710 4754 feriarum
729 4705 757 4756 et
772 4700 920 4756 litterarum
937 4700 1133 4759 dominicalium
1151 4703 1222 4760 clare
1240 4702 1324 4776 liquet
1344 4719 1463 4761 mensem
1485 4703 1745 4763 clamanter-Anna
1759 4706 1787 4762 in
1806 4712 1914 4764 sextum
1927 4707 2004 4764 dien

584 4795 676 4867 aprilis
689 4811 751 4851 ann.
765 4799 829 4854 litt
846 4797 979 4855 incidisse.
