4602 6084
340 649 438 711 lrturcr.
457 646 496 730 l.]
786 643 984 707 HISTORIA
1007 643 1302 706 llll’LOllA'l'lCll.

396 1239 890 1346 Fridericus,llomanorum
905 1240 1124 1349 imperator,
1136 1243 1185 1324 ad
1200 1241 1513 1351 supplicationem
1529 1241 1678 1324 Geroldi
1698 1243 1757 1326 Je-
1805 1249 1935 1358 affigat.

344 1372 594 1456 rosolimitani
621 1371 855 1480 patriarchae
881 1372 1104 1456 Ecclesiam·
1122 1374 1160 1454 in
1189 1374 1436 1457 Denkendorl
1459 1375 1508 1456 ad
1531 1374 1756 1482 Sepulcrum

345 1505 585 1588 Dominicum
600 1505 849 1613 pertinentem
859 1504 932 1586 sub
946 1531 1016 1587 sua
1024 1515 1062 1587 et
1070 1506 1217 1614 imperii
1226 1507 1456 1614 protectione
1465 1507 1611 1615 recipit,
1622 1533 1755 1592 omnes

346 1663 420 1746 que
434 1637 626 1718 libertates
642 1645 679 1718 et
693 1636 948 1744 possessiones
961 1635 1044 1746 ejus
1059 1637 1272 1720 confirmat.

428 1877 543 1950 (Eddt
554 1877 684 1950 anouu,
695 1878 811 1937 mmm.
823 1873 910 1937 radio.
924 1885 1044 1939 munau.
1066 1877 1275 1959 wimarcham„
1286 1885 1358 1940 tom.
1370 1879 1396 1954 l,
1406 1897 1438 1957 p.
1452 1880 1534 1959 288.)

394 2087 670 2172 Fridericus,l)ei
679 2087 1025 2182 gratiallomanorum
1033 2088 1228 2183 imperator,
1236 2101 1560 2185 semperaugustus,
1568 2093 1756 2166 Jerusalem

348 2221 384 2286 et
397 2211 513 2284 Sicilie
528 2233 604 2284 rex.
631 2211 723 2284 luter
747 2220 947 2304 ceteraque
969 2211 1145 2306 religionis
1158 2213 1300 2285 obtentu
1320 2223 1472 2286 nostram
1486 2215 1553 2286 sibi
1569 2215 1757 2289 vendicant

349 2337 565 2410 clementiam
582 2345 618 2408 et
637 2338 807 2427 favorem,
829 2334 916 2408 illud
934 2335 1068 2408 accedit
1086 2347 1168 2410 voto
1188 2337 1392 2432 precipuum
1409 2347 1447 2408 ut
1461 2360 1593 2412 sacram
1613 2339 1755 2412 domum

349 2459 503 2555 Sepulcri
527 2459 713 2550 Damnioi,
731 2458 788 2530 cui
809 2458 1036 2533 reverentiam
1061 2459 1225 2551 majorem
1251 2480 1350 2550 reges
1372 2469 1408 2532 et
1432 2461 1606 2556 principes
1629 2461 1757 2534 habere

350 2582 497 2671 debent,
515 2581 644 2655 lavaris
666 2591 700 2654 et
718 2581 937 2676 protectionis
961 2593 1075 2654 nostre
1093 2583 1216 2655 robore
1236 2583 1431 2656 munientes
1452 2585 1635 2678 tranquillo
1649 2595 1683 2656 et
1701 2607 1756 2656 sa·

350 2706 440 2778 lubri
467 2707 570 2778 statui
600 2726 663 2778 suo
693 2703 938 2800 provideamus
963 2706 998 2776 in
1024 2717 1217 2802 postemm,
1250 2706 1335 2780 dnm
1360 2729 1440 2779 cum
1473 2728 1537 2780 sue
1565 2707 1701 2780 utilitati
1723 2717 1758 2780 et

350 2831 458 2924 quieti
468 2829 709 2926 prospicimus,
720 2829 820 2901 nobis
833 2851 975 2924 quoque
984 2829 1103 2904 divine
1117 2831 1349 2903 retributionis
1362 2831 1493 2926 premia
1503 2852 1753 2926 comparemus.

351 2953 438 3024 llinc
449 2963 502 3026 est
520 2953 625 3047 igitur
642 2953 832 3047 quodcum
846 2953 968 3026 eadem
986 2975 1083 3026 sacra
1102 2953 1227 3026 domus
1239 2953 1394 3048 Sepulcri
1407 2953 1574 3026 Dominici
1588 2973 1669 3026 oum
1682 2975 1756 3026 om·

352 3077 455 3148 nibus
474 3076 681 3149 obedientiis
701 3075 934 3170 subjectisque
951 3077 1018 3148 sibi
1035 3077 1119 3149 locis
1135 3078 1277 3172 speciali
1295 3077 1447 3170 gaudeat
1462 3077 1644 3171 privilegio
1659 3077 1759 3150 liber·

352 3203 431 3276 tatis
443 3214 478 3274 et
497 3203 565 3274 snb
578 3204 819 3275 universorum
833 3203 1028 3298 principum
1049 3213 1084 3276 et
1106 3226 1228 3297 regum
1253 3204 1453 3278 defensione
1472 3204 1608 3288 latetur,
1632 3225 1696 3276 nos
1713 3205 1758 3276 ob

353 3327 476 3400 Christi
495 3327 722 3400 reverentiam
752 3325 797 3399 de
822 3328 922 3418 cujus
946 3348 1090 3399 munere
1118 3329 1277 3422 provenit
1300 3337 1339 3400 ut
1354 3329 1470 3400 locum
1491 3337 1525 3400 at
1551 3347 1675 3399 nomen
1698 3348 1760 3422 pre

354 3451 486 3522 cunctis
503 3461 592 3523 terre
605 3449 747 3543 regibus
763 3450 973 3536 habeamus,
994 3449 1040 3523 ad
1057 3451 1317 3546 supplicationis
1333 3451 1531 3524 instantiam
1551 3451 1759 3523 venerabilis

354 3574 460 3668 patris
485 3573 769 3646 lherosolimitani
789 3573 981 3668 patriarcha
998 3571 1063 3670 (t),
1085 3574 1251 3646 libertatis
1278 3597 1342 3648 sue
1371 3583 1499 3647 statum
1526 3573 1760 3648 munificentie

355 3709 469 3770 nostre
482 3698 685 3770 liberalitate
706 3697 893 3792 benignius
916 3707 1160 3792 prosequentes
1178 3699 1365 3771 Ecclesiam
1386 3697 1421 3769 in
1444 3698 1669 3772 Denkendorl
1680 3721 1759 3770 cum

259 3897 262 3903 ,
355 3823 517 3895 omnibus
530 3823 603 3895 suis
619 3822 719 3894 bonis
737 3833 771 3895 et
787 3821 1001 3917 pertinentiis
1017 3822 1063 3896 ad
1083 3825 1287 3918 Sepulcrum
1305 3823 1521 3894 Dominicum
1536 3823 1761 3916 pertinentem

355 3947 422 4018 sub
440 3956 554 4018 nostra
577 3945 785 4042 protectione
806 3955 841 4018 et
863 3946 996 4040 imperii
1024 3945 1224 4019 defensione
1241 3946 1434 4041 recepimus
1454 3945 1616 4039 speciali,
1638 3945 1762 4016 confir-

356 4079 489 4142 mantes
507 4069 539 4140 oi
556 4091 674 4142 omnes
689 4069 862 4142 libertates
876 4079 910 4142 et
930 4069 1163 4142 immunitates
1179 4091 1268 4164 quas
1283 4091 1344 4164 per
1357 4068 1560 4140 universum
1580 4069 1760 4162 imperium

393 4403 431 4476 (t)
449 4403 602 4461 Notandum
616 4404 689 4477 quod
700 4403 853 4461 Patrimcha
864 4403 1005 4474 Geroldus,
1018 4419 1080 4460 mox
1092 4402 1213 4476 capitalis
1227 4401 1353 4459 Fridericl
1372 4401 1505 4470 inimicus,
1517 4399 1645 4474 imperiali
1662 4399 1762 4469 curiae,

355 4515 410 4558 non
426 4501 552 4557 obstante
570 4501 658 4574 papali
671 4501 953 4571 excommunicatione,
971 4499 1060 4558 adhuc
1077 4499 1180 4557 aderat.
1197 4499 1358 4570 (Videbam
1372 4514 1467 4571 supra,
1478 4498 1546 4554 inter
1559 4503 1655 4568 testes,
1669 4514 1697 4570 p.
1708 4498 1762 4569 2³).

356 4597 626 4671 Papnautemlitteris
632 4599 758 4656 uniuerso
766 4599 838 4655 clero
848 4597 1102 4672 llicrosolymitanae
1115 4597 1243 4654 eudesius
1252 4597 1359 4653 ducetis
1368 4611 1398 4651 n⁰
1406 4597 1450 4665 56,
1462 4595 1516 4652 dat.
1528 4594 1657 4664 lateram,
1666 4593 1701 4651 lll
1711 4594 1762 4651 lral.

357 4694 433 4765 mail,
444 4711 507 4752 ann.
522 4697 534 4752 l
549 4695 592 4768 (2⁸
604 4695 679 4769 april.
692 4695 780 4770 ⁴227),
790 4695 961 4754 nunciaverat
974 4695 1120 4753 Geroldum
1134 4695 1168 4753 ad
1182 4694 1323 4753 ecclesiam
1335 4693 1387 4750 sibl
1402 4692 1571 4752 commissam
1583 4691 1690 4750 undem
1701 4698 1765 4750 tunc

358 4792 486 4866 temporis
503 4807 684 4850 acooesurum.
