4710 6076
392 685 489 748 lunum.
509 683 550 763 l.]
841 681 1039 744 HISTORIA
1064 677 1356 742 BIPLOMATICA.

444 1243 630 1328 Henricus
643 1243 904 1328 Romanorum
916 1271 983 1328 rex
995 1243 1237 1354 privilegium
1249 1242 1461 1352 Berengero
1476 1237 1604 1322 abbati
1617 1235 1804 1322 deOdeu·
1845 1253 1982 1354 *ma

393 1377 496 1462 heim
514 1403 538 1459 a
559 1376 748 1460 Friderieo
766 1377 799 1460 11
814 1377 1041 1488 imperatore
1064 1403 1156 1460 ann.
1186 1376 1304 1482 1219,
1322 1377 1348 1458 6
1367 1373 1511 1484 apulia,
1536 1373 1584 1456 de
1610 1369 1806 1454 advocatia

393 1507 564 1618 ejusdem
579 1507 754 1594 abbatiae
769 1534 1007 1616 eoncessum,
1022 1507 1275 1620 Degenhardo
1293 1506 1421 1592 abbati
1438 1515 1593 1590 renovat
1607 1513 1645 1588 et
1662 1503 1807 1588 confir-

394 1651 494 1750 mat,
517 1642 798 1726 conditionibus
817 1641 961 1726 ibidem
982 1642 1169 1752 expressis
1189 1641 1330 1752 quihus
1351 1641 1485 1724 eadem
1507 1637 1704 1724 advocatia
1724 1662 1806 1720 no-

394 1774 498 1858 mine
513 1801 584 1858 sno
601 1775 844 1885 procuranda
859 1774 922 1856 sit.

475 1989 592 2069 (Edidit
611 1991 767 2065 Wrunnn,
795 1985 985 2052 Wctzlcrvclu
1006 1987 1112 2060 Beda,
1133 1989 1164 2062 1,
1186 1996 1255 2050 1³7.
1275 1986 1349 2050 Gall.
1369 2003 1439 2048 cnm
1456 1985 1589 2050 Ghmtul.
1611 1984 1746 2047 abbatiae
1766 1983 1806 2045 dc

514 2095 697 2175 Odenheim,
711 2095 765 2158 fol.
780 2103 834 2170 19,
848 2097 880 2156 tn
892 2095 1014 2156 archivo
1026 2093 1254 2170 Cnrlsruheust.)

443 2283 484 2354 ln
496 2281 638 2356 numine
656 2293 775 2358 sancte
791 2292 827 2358 et
844 2282 1029 2358 individue
1041 2283 1229 2356 Trinitatis.
1245 2282 1415 2356 Haurieus
1432 2281 1601 2378 septimus
1618 2281 1740 2356 divine
1755 2283 1807 2356 ta·

395 2415 499 2480 vente
523 2407 705 2480 clementia
728 2407 959 2480 Romanorum
982 2428 1047 2480 rex
1071 2415 1106 2479 et
1126 2426 1262 2501 semper
1283 2415 1466 2500 augustus.
1488 2406 1583 2480 Licet
1597 2428 1645 2479 ex
1668 2405 1806 2504 incepto

393 2530 492 2625 regni
514 2529 750 2624 gubernaculo
763 2530 926 2604 ecclesiae
939 2530 1061 2605 divino
1081 2530 1191 2603 cultui
1211 2530 1425 2625 mancipatas
1439 2539 1474 2604 et
1494 2551 1657 2625 personne
1668 2551 1805 2606 earum·

395 2651 476 2728 dem
499 2653 693 2748 specialiter
710 2653 899 2728 defendere
913 2662 1109 2746 teneamur,
1132 2653 1340 2750 propensius
1354 2661 1471 2726 tamen
1495 2653 1648 2728 virorum
1669 2654 1807 2749 religio·

394 2799 513 2852 sorum
527 2777 590 2874 qui
605 2780 695 2852 ultro
714 2787 750 2853 et
768 2778 814 2853 de
831 2801 927 2853 mera
943 2779 1123 2852 voluntate
1146 2779 1300 2874 ipsorum
1321 2800 1361 2852 sa
1379 2785 1495 2852 nocue
1514 2777 1723 2852 submittunt
1744 2799 1808 2875 po·

393 2903 521 2992 testati,
548 2925 753 2999 promovere
775 2903 943 2978 debemus
963 2912 998 2978 et
1018 2903 1246 3000 proponimus
1272 2902 1432 2995 diligere.
1462 2901 1611 2976 Proinde
1634 2901 1806 2997 estquod

393 3035 512 3102 tenore
536 3029 750 3124 presentium
775 3037 896 3102 notum
921 3049 998 3102 esse
1017 3027 1180 3101 volumus
1203 3027 1379 3102 universis
1400 3025 1496 3123 quod
1521 3027 1613 3102 boue
1641 3028 1807 3102 memorie

395 3153 589 3247 Berngerns
618 3152 827 3226 venerabilia
857 3153 968 3228 abbas
994 3151 1040 3226 de
1061 3152 1255 3226 Odenheim
1275 3161 1311 3228 et
1333 3159 1525 3226 conventus
1551 3151 1708 3244 ejusdem
1730 3161 1809 3248 post

395 3285 541 3350 mortem
558 3275 693 3350 comitis
709 3275 883 3373 Poppouie
905 3276 950 3350 de
966 3277 1107 3350 Lauffeu
1124 3277 1286 3352 advocati
1309 3277 1392 3352 olim
1416 3275 1509 3350 dicte
1529 3274 1674 3349 ecclesie
1696 3275 1807 3370 privi-

395 3399 486 3494 legio
503 3421 567 3473 suo
590 3401 642 3473 uti
666 3401 836 3492 volentes,
862 3399 907 3474 de
924 3401 1100 3474 communi
1117 3423 1263 3476 assensu
1284 3409 1319 3474 et
1340 3421 1514 3476 consensu
1535 3399 1676 3495 capituli
1700 3399 1756 3472 sui
1773 3411 1809 3474 et

396 3525 604 3597 contratrum
623 3547 765 3598 snorum
784 3526 1044 3600 serenissimum
1066 3526 1248 3600 dominum
1265 3530 1507 3623 imperatorem
1523 3525 1735 3600 Fridericum
1751 3546 1808 3598 se·

396 3645 551 3720 cundum
574 3649 766 3742 genitorem
787 3659 944 3728 nostrum
962 3659 997 3724 et
1015 3671 1137 3724 ornnes
1154 3671 1370 3724 successures
1387 3671 1481 3742 nuce,
1506 3650 1729 3746 imperatores
1748 3649 1807 3722 vel

397 3787 498 3860 reges
519 3789 681 3844 romanos
701 3771 763 3866 qui
786 3791 849 3867 pro
872 3779 1025 3869 tempore
1048 3781 1127 3868 pust
1146 3793 1229 3846 eum
1255 3772 1496 3862 successerint,
1521 3779 1737 3845 vocaverunt
1762 3769 1809 3846 ed

398 3891 615 3966 advocatiam
638 3892 732 3968 dicte
749 3896 894 3970 ecclesie
911 3907 948 3970 et
968 3919 1048 3971 eum
1074 3899 1253 3991 elegerunt
1273 3896 1310 3968 in
1328 3895 1538 3970 advocatum
1554 3895 1592 3968 in
1614 3894 1808 3970 Odenheim

397 4014 493 4109 quod
510 4016 699 4108 vulgariter
716 4017 844 4092 dicitur
860 4019 1033 4116 Caetvogt.
1054 4019 1111 4096 Ad
1133 4021 1234 4114 cujus
1252 4041 1336 4094 vero
1352 4019 1488 4094 abbatie
1503 4019 1729 4094 imitationem
1745 4019 1808 4094 di-

397 4139 506 4212 lectus
521 4147 637 4214 noster
653 4141 763 4216 abhas
775 4143 1025 4238 [tegenhardus
1042 4143 1089 4222 de
1103 4143 1300 4218 ottenheim
1312 4165 1490 4218 successor
1500 4141 1658 4236 ejusdem
1670 4143 1808 4239 predic·

397 4271 469 4334 tam
483 4261 702 4340 advocatiam
721 4265 767 4340 de
786 4287 958 4342 consensu
979 4269 1189 4342 confratrum
1207 4287 1349 4342 suorum
1372 4268 1474 4343 nobie
1492 4268 1637 4342 contulit
1651 4275 1688 4344 et
1711 4289 1809 4343 reco-

398 4387 531 4481 gnovit.
563 4387 633 4462 Nos
650 4409 735 4463 veru
759 4389 921 4464 videntes
942 4393 1022 4486 iura
1047 4391 1157 4488 ipsius
1180 4391 1324 4464 ecclesie
1346 4391 1563 4487 potissimum
1589 4412 1652 4489 per
1676 4391 1809 4466 dictum

399 4509 580 4584 dominnm
596 4512 837 4610 imperatorem
854 4525 890 4589 et
903 4537 966 4614 per
977 4537 1041 4590 nos
1051 4537 1337 4611 successoresque
1347 4525 1482 4590 naeuus
1499 4517 1535 4590 in
1551 4527 1654 4592 antea
1667 4516 1809 4594 defendi

400 4643 437 4707 et
452 4637 668 4710 manuteneri
684 4638 902 4714 advocatiam
920 4640 1115 4736 predictam
1130 4640 1340 4730 exercendo,
1365 4663 1486 4716 eurum
1499 4653 1581 4716 vota
1604 4641 1808 4718 admisimus

399 4766 435 4832 et
451 4779 571 4834 eorum
586 4762 745 4838 electioni
766 4764 1007 4846 deadvocatia
1027 4767 1101 4860 jam
1125 4765 1219 4845 dicta
1243 4765 1281 4838 in
1300 4786 1365 4840 nos
1386 4774 1422 4838 et
1440 4787 1656 4844 succoesurce
1675 4776 1810 4844 naeuos

498 4884 555 4945 111.
1614 4898 1650 4952 tr
