4658 6132
303 709 400 770 lunrm.
417 705 462 784 2.]
755 702 951 765 HISTORIA
977 699 1266 763 blubouellca
1648 705 1703 768 161

303 841 349 915 de
361 837 502 936 speciali
515 836 624 933 gratie
633 834 867 927 concedendo,
877 836 1055 934 presertim
1066 858 1144 908 cum
1155 856 1220 908 vos
1229 835 1373 930 provide
1384 835 1599 910 attendentes
1609 839 1706 932 qnod

304 966 340 1036 in
357 961 556 1055 hujusmodi
578 959 729 1033 novitate
746 960 847 1032 vobis
864 959 986 1033 adesse
998 960 1073 1032 sine
1089 959 1284 1053 sumptibus
1301 980 1371 1031 non
1389 981 1580 1054 possemus,
1596 963 1707 1057 parati

303 1089 379 1161 sitis
393 1087 493 1158 nobis
510 1084 631 1158 decem
648 1083 754 1156 millia
767 1083 949 1156 unciarum
970 1083 1047 1176 anri
1067 1084 1283 1180 persolvere,
1308 1083 1590 1176 quinquemillia
1611 1084 1708 1158 vide-

303 1213 384 1284 licet
400 1211 487 1282 inira
502 1208 621 1282 decem
640 1206 716 1280 dies
728 1215 908 1302 postquam
924 1206 971 1280 ad
987 1228 1051 1280 vos
1073 1205 1180 1278 iidem
1201 1204 1315 1277 nuntii
1333 1213 1558 1298 revertentur,
1575 1209 1709 1302 reliquo

305 1355 387 1406 vero
412 1331 697 1427 quinquemillia
720 1329 873 1402 terminis
897 1351 986 1424 qnos
1001 1329 1102 1404 vobis
1125 1329 1329 1402 duxerimus
1353 1329 1570 1421 statuendum
1595 1339 1630 1402 et
1646 1353 1710 1426 pro

305 1456 535 1530 construenda
549 1454 739 1526 munitione
753 1464 789 1526 et
805 1452 1008 1526 edificandis
1027 1452 1163 1548 palatiis
1182 1453 1229 1526 ad
1245 1473 1334 1548 opus
1351 1463 1506 1525 nostrum
1523 1455 1616 1526 mille
1633 1454 1709 1528 nuri

306 1581 426 1653 uncins
451 1579 605 1651 conferre
624 1576 737 1649 velitis
758 1584 792 1648 et
815 1575 1024 1648 sufficienter
1047 1575 1240 1648 ministrare
1262 1577 1409 1665 calcem,
1429 1577 1562 1672 lapides
1586 1587 1620 1649 et
1639 1598 1711 1650 are·

307 1725 400 1793 nam,
422 1700 567 1774 soluturi
584 1699 736 1771 Ecclesie
750 1720 890 1771 romane
914 1719 977 1794 pro
1001 1681 1106 1770 censu
1129 1708 1268 1770 centum
1283 1698 1359 1770 auri
1380 1699 1501 1770 uncias
1516 1699 1706 1772 annuatim.

307 1825 523 1900 Medietatem
536 1845 676 1918 quoque
692 1822 895 1918 placitorum
914 1831 949 1895 et
964 1821 1160 1915 sanguinis,
1182 1821 1393 1894 iorislucture
1414 1830 1449 1894 et
1468 1822 1612 1894 aliorum
1628 1823 1712 1896 ban·

307 1971 430 2022 norum
450 1947 605 2022 omnium
627 1947 743 2020 balivo
766 1946 862 2018 curie
882 1956 997 2019 nostre
1022 1944 1149 2018 dabitis
1171 1944 1208 2016 in
1232 1944 1417 2034 minutam,
1435 1954 1470 2017 et
1490 1967 1570 2016 cnm
1588 1945 1633 2019 de
1650 1946 1712 2018 eli·

308 2073 421 2166 gendo
435 2071 594 2144 consules
608 2070 665 2142 vel
679 2077 881 2165 potestatem
897 2068 1086 2142 concordes
1102 2067 1252 2158 fueritis,
1271 2089 1335 2140 nos
1349 2077 1384 2140 et
1405 2089 1619 2140 successores
1637 2091 1713 2142 nos·

307 2207 377 2270 tros
400 2195 575 2269 humiliter
597 2193 779 2288 requiretis
802 2201 842 2264 ut
863 2191 892 2264 si
919 2190 965 2264 de
990 2190 1151 2265 fidelibus
1168 2191 1321 2264 Ecclesie
1341 2191 1485 2283 luerint,
1509 2192 1608 2264 vobis
1638 2193 1714 2266 sine

309 2319 508 2392 difficuuats
530 2318 647 2412 aliqua
671 2317 765 2414 ipsos
788 2315 980 2390 concedent
993 2315 1132 2409 eligere.
1153 2315 1218 2387 Pro
1230 2313 1405 2410 premissis
1420 2323 1536 2388 autem
1551 2315 1714 2387 omnibus

307 2441 532 2516 observandis
547 2439 760 2534 juratoriam,
782 2438 1032 2532 fidejussoriam
1062 2448 1098 2510 et
1126 2437 1288 2510 obsidum
1316 2437 1508 2510 secundum
1533 2437 1713 2512 arbitrium

310 2566 421 2638 nuntii
437 2565 545 2638 nostri
559 2563 754 2660 prestabitis
765 2562 972 2635 cautionem.
990 2561 1060 2634 Nos
1070 2561 1188 2655 igitur,
1203 2561 1327 2634 vestris
1344 2561 1623 2633 tribulationibus
1643 2584 1714 2636 non

310 2689 384 2762 sine
397 2687 626 2761 amaritudine
644 2686 794 2782 plurima
807 2685 998 2777 intellectis,
1020 2693 1234 2779 nequeuntes
1250 2693 1380 2756 tantam
1397 2692 1546 2758 vestram
1561 2705 1630 2758 non
1649 2685 1716 2757 mi·

310 2814 412 2886 sereri
425 2811 612 2902 miseriam,
631 2812 676 2884 de
693 2809 835 2883 consilio
852 2801 993 2882 iratium
1008 2818 1214 2900 nostrorum,
1233 2807 1334 2881 vobis
1348 2809 1385 2880 in
1406 2805 1570 2881 fidelitate
1592 2829 1634 2880 ac
1654 2809 1716 2882 de·

309 2937 447 3010 votione
467 2935 560 3008 sedis
581 2935 766 3030 apostolice
793 2932 1053 3028 persistentibus
1076 2940 1111 3004 et
1134 2931 1301 3026 promissa
1321 2931 1538 3004 servantibus
1560 2930 1719 3004 concedi·

310 3079 388 3130 mus
410 3058 594 3154 postulata,
619 3055 783 3129 dilectum
807 3053 917 3127 filium
938 3055 1147 3129 Pundulium
1170 3053 1422 3128 subdiaconum
1445 3062 1480 3126 et
1501 3055 1717 3150 capellanum

312 3189 479 3273 nostrum,
495 3181 611 3253 virum
629 3181 751 3274 ntique
764 3178 901 3253 fidelem
917 3179 1102 3272 providum
1115 3187 1150 3250 et
1166 3177 1430 3269 honestumne
1446 3177 1512 3250 boc
1526 3177 1718 3273 specialiter

313 3304 524 3402 deputando.
547 3305 598 3378 Ne
616 3303 723 3396 igitur
747 3325 768 3374 a
792 3302 894 3374 uobis
914 3302 1046 3396 aliquid
1069 3300 1115 3374 de
1140 3301 1418 3395 contingentibus
1432 3301 1620 3392 omittatur,
1643 3301 1719 3373 nni·

312 3430 507 3502 versitatem
534 3435 684 3499 vesuum
709 3447 889 3498 monemus
916 3433 1042 3498 attente
1070 3446 1133 3520 per
1157 3425 1342 3520 apostolica
1368 3425 1495 3520 scripte
1516 3424 1720 3500 mandantes

313 3563 485 3647 quatenus
506 3550 672 3646 premissa
696 3548 812 3621 omnia
836 3547 1012 3620 studentes
1034 3546 1178 3620 fideliter
1199 3549 1383 3620 observare
1396 3557 1532 3643 tempus
1553 3570 1648 3620 nunc
1665 3569 1721 3621 ac·

317 3675 482 3771 ceptubile
492 3673 655 3770 preterire
672 3693 743 3744 non
761 3671 937 3768 patiamini
954 3671 1115 3762 otiosum,
1131 3671 1193 3744 sed
1205 3691 1293 3765 opus
1307 3671 1507 3766 incipientes
1523 3671 1668 3744 viriliter
1686 3679 1720 3744 st

317 3807 471 3894 potenter
488 3797 534 3872 nd
550 3796 884 3870 consummationem
899 3795 974 3886 ejus
989 3795 1121 3868 leliuem
1135 3793 1214 3866 totis
1224 3793 1404 3868 affectibus
1420 3803 1455 3866 et
1468 3793 1602 3866 viribus
1615 3794 1723 3870 inten-

316 3921 420 3994 datis.
436 3921 506 3994 Nos
519 3921 611 3992 enim
630 3919 679 3993 ita
692 3939 757 3993 vos
772 3918 932 4014 prosequi
946 3919 1055 4013 gratia
1071 3927 1106 3990 et
1120 3920 1238 3992 lavore
1253 3918 1476 4015 proponimus
1490 3919 1586 4012 quod
1601 3919 1723 3992 civitas

318 4355 331 4387 s
347 4335 515 4393 discretionis
526 4335 636 4394 arbitrio
649 4335 864 4394 commiserimus
876 4336 1070 4395 ordinationem
1084 4337 1199 4396 evium
1217 4337 1405 4396 constituendo
1417 4339 1489 4412 apud
1505 4339 1631 4399 nemum
1650 4347 1679 4399 et
1695 4347 1728 4400 ut

318 4453 331 4486 r
345 4432 471 4490 damnrm
494 4431 566 4506 quud
579 4449 628 4507 per
646 4433 699 4491 hoc
711 4434 848 4508 confinget
859 4435 996 4492 incurrere
1007 4435 1129 4493 homines
1146 4435 1262 4509 rep'onis
1275 4435 1346 4493 ilius
1354 4453 1404 4510 per
1415 4443 1570 4512 competens
1581 4437 1672 4497 valeas
1679 4455 1725 4498 ex·

319 4547 332 4580 ι
348 4527 484 4584 cambium
499 4543 682 4602 compensare,
696 4529 855 4589 iratemitati
868 4537 913 4588 me
924 4530 1044 4588 districte
1055 4531 1228 4606 precipiendo
1240 4532 1399 4590 mundemus
1416 4541 1547 4608 qrraterms
1558 4535 1593 4593 ud
1606 4538 1729 4596 neutrius

319 4641 332 4675 ι
347 4621 412 4680 lacti
425 4626 681 4683 consummationem
696 4627 835 4701 procedas,
850 4627 902 4685 nisi
917 4628 993 4701 prius
1006 4633 1097 4686 nostro
1110 4629 1223 4687 consilio
1236 4629 1371 4703 requisito.
1386 4632 1727 4706 nrt.1³emsii,v1tnon·

321 4737 335 4771 ι
351 4717 401 4777 das
412 4721 517 4794 nugrrsti
535 4720 584 4794 (27
596 4721 681 4795 julii),
703 4723 875 4796 pontificatus
891 4725 975 4783 nostri
993 4741 1055 4782 ann.
1075 4726 1147 4782 ΙΙΙ.»
1164 4727 1234 4784 lstae
1245 4725 1314 4784 duae
1326 4727 1446 4802 Gregorii
1460 4729 1590 4805 epistulae
1605 4731 1731 4807 iugemnt

319 4815 428 4874 omnino
441 4833 536 4877 omnes
548 4818 595 4892 qui
607 4819 641 4876 de
652 4819 807 4880 fundatione
819 4822 933 4880 civitatis
943 4822 1047 4896 Aquilai
1058 4821 1191 4883 disserere
1203 4824 1291 4882 conati
1304 4830 1377 4883 sunt.

417 4917 473 4978 111.
1528 4937 1561 4989 at
