4642 6106
356 653 513 734 laniena]
800 649 997 714 HISTORIA
1022 650 1317 714 DlPLObltl'llCA
1709 649 1766 712 alt

356 789 525 864 santones
535 786 649 883 quein
658 785 840 882 privilegio
849 786 1116 880 eomitisPagani
1125 786 1307 862 deParisio
1316 784 1612 884 (l)continentur;
1624 805 1767 858 necnon

336 927 339 932 ·
356 907 457 984 liceat
470 910 599 984 habere
616 907 797 1004 piscariam
815 909 852 980 in
868 909 1011 982 llumine
1023 909 1236 984 Patemionis
1250 911 1296 984 ad
1310 931 1413 983 nsnm
1433 911 1575 982 fratrum
1591 916 1626 982 et
1642 908 1769 982 familie

357 1037 448 1109 dicto
464 1035 606 1126 domns3
622 1042 777 1130 preterea
791 1031 1034 1106 confirmamus
1046 1035 1199 1130 predicte
1213 1036 1332 1110 domui
1342 1035 1434 1108 bona
1446 1035 1483 1106 in
1496 1033 1690 1106 tenimentis
1700 1035 1769 1106 Bn-

357 1171 445 1249 tere,
465 1161 634 1256 Syracuse
652 1166 687 1230 et
704 1155 842 1253 Aydoni
862 1184 871 1228 ε
893 1159 930 1228 in
949 1157 1143 1230 tenimentis
1164 1161 1288 1234 Butere
1309 1160 1435 1233 casalia
1458 1158 1530 1232 duo
1550 1157 1717 1232 lleltanes
1735 1169 1770 1230 et

357 1281 577 1374 Arnadenes,
598 1303 664 1354 nec
679 1303 749 1354 non
773 1283 874 1354 liccat
887 1281 1049 1355 tratribus
1069 1283 1225 1380 accipere
1241 1306 1385 1380 aquam,
1407 1283 1502 1378 ligna
1519 1291 1553 1356 et
1567 1283 1692 1356 herbas
1708 1303 1771 1380 pro
1839 1335 1845 1346 .

357 1408 498 1503 pascuis
510 1406 710 1480 animalium
725 1405 836 1501 ipsius
850 1407 974 1480 domus
986 1407 1068 1478 etin
1083 1407 1253 1482 maritima
1267 1407 1359 1482 dicto
1373 1417 1462 1481 terre
1473 1407 1619 1498 mittere,
1633 1415 1770 1502 portum

358 1530 506 1604 liberum
525 1530 654 1604 habere
670 1538 705 1603 et
722 1530 759 1601 in
779 1530 923 1603 llumine
937 1527 1093 1604 Oddonis
1110 1531 1214 1604 Sneni
1234 1541 1270 1605 et
1292 1533 1329 1604 in
1351 1531 1522 1604 maritima
1538 1529 1691 1625 predicta
1709 1529 1772 1602 ha-

359 1656 442 1728 bere
456 1655 638 1750 piscariam
654 1655 797 1728 liberam
811 1675 874 1750 pro
892 1675 957 1727 usu
981 1657 1125 1728 fratrum
1142 1664 1178 1728 ct
1193 1657 1339 1745 lamilic,
1357 1665 1392 1728 et
1407 1655 1524 1728 omnia
1539 1653 1607 1728 alia
1625 1654 1717 1727 bona
1738 1665 1773 1727 et

360 1777 532 1851 libertates
557 1787 591 1852 ct
619 1777 726 1870 fines,
755 1787 858 1874 prout
881 1778 917 1849 iu
942 1778 1123 1874 privilegio
1145 1779 1280 1852 comitis
1302 1779 1347 1852 de
1369 1779 1477 1852 Ocrea
1497 1779 1630 1852 comitis
1649 1780 1774 1852 Butere
1811 1811 1815 1824 ·

361 1899 584 1976 fidelisnostri
596 1924 659 1999 per
669 1924 749 1976 enm
764 1901 855 1975 dicte
866 1901 984 1976 domni
993 1903 1122 1999 Templi
1133 1925 1237 1998 super
1246 1903 1312 1976 hoc
1321 1901 1556 2000 lectoplenius
1565 1903 1769 1976 continetur.

360 2027 455 2100 Bona
471 2027 508 2098 in
523 2027 710 2101 tenimento
726 2030 911 2124 Syracuse,
928 2029 1041 2100 casale
1055 2028 1151 2123 qnod
1170 2029 1297 2102 dicitnr
1312 2029 1566 2124 Magrentinum
1586 2050 1666 2100 cnm
1683 2037 1772 2102 terra

361 2149 603 2256 circumstante
623 2152 670 2226 ad
689 2153 722 2225 X
741 2153 905 2248 pericles,
928 2152 1037 2226 libera
1061 2153 1194 2249 absque
1212 2153 1373 2246 servitio,
1396 2153 1487 2228 sicut
1509 2152 1703 2226 Gnalterins
1726 2151 1772 2226 de

361 2273 599 2369 Calatagirono
612 2275 726 2350 eidem
739 2277 858 2351 domni
872 2278 992 2351 militie
1003 2279 1133 2374 Templi
1148 2279 1257 2352 libere
1269 2281 1413 2352 contulit
1424 2287 1459 2352 et
1473 2278 1652 2352 mucescit.
1675 2331 1684 2350 .
1717 2331 1727 2350 .
1757 2332 1767 2350 .

412 2399 539 2470 Datum
564 2399 599 2470 in
628 2398 747 2473 castris
765 2400 862 2496 apud
884 2400 1093 2493 Avellinnm,
1116 2423 1235 2476 mense
1250 2403 1472 2498 septembris,
1495 2405 1540 2475 lv
1559 2401 1770 2491 indictionis,

362 2520 496 2617 imperii
508 2521 672 2596 Friderici
693 2545 785 2598 anno
798 2526 859 2618 lX,
878 2525 1005 2618 [regni]
1021 2526 1209 2600 Jerusalem
1224 2527 1281 2619 lv,
1300 2527 1413 2600 Sicilie
1426 2527 1536 2600 XXlll
1552 2526 1615 2623 (sic
1629 2523 1714 2621 (2)).

419 3107 655 3214 Fridericus,
671 3107 931 3190 Romanorum
947 3107 1169 3216 imperator,
1183 3107 1360 3194 Heinrico
1372 3110 1650 3194 Waldstromer
1665 3111 1776 3194 militi

364 3252 404 3324 et
418 3239 634 3324 Gramlicbo
649 3239 757 3322 fratri
776 3238 859 3349 ejus
877 3265 948 3348 pro
965 3241 1125 3324 servitiis
1144 3267 1243 3352 quse
1261 3243 1333 3326 sibi
1349 3243 1450 3326 ultra
1469 3269 1574 3326 mare
1591 3243 1778 3327 exhibue-

366 3383 458 3456 runt
479 3373 519 3454 in
543 3383 690 3456 rectum
716 3372 876 3456 lendum
897 3373 1044 3458 eonsert
1064 3401 1287 3485 supremum
1310 3376 1480 3460 officium
1499 3376 1660 3460 forestae
1676 3378 1778 3486 apud

367 3505 618 3617 Nuremberg.

405 3789 441 3863 (t)
461 3789 643 3848 vidsdomn.
656 3789 785 3847 Fridcrici
803 3789 1158 3864 segisamonenses
1173 3791 1280 3862 martio,
1294 3791 1340 3850 ubl
1353 3799 1427 3851 reete
1441 3793 1592 3853 nominatur
1608 3795 1640 3852 de
1657 3795 1776 3866 Pericle,

366 3902 452 3961 quum
462 3887 508 3944 bic
519 3902 661 3961 perperam
672 3903 716 3961 ap.
726 3886 832 3944 Pirrurn
844 3885 877 3944 de
892 3889 1011 3944 Patricio
1028 3887 1139 3962 legatur.

405 3985 442 4058 (2)
461 3985 536 4042 licet
552 3985 645 4042 Pir-rus
658 4000 693 4042 ex
706 3985 783 4058 copia
796 4001 850 4058 qua
860 3999 925 4044 usus
936 3991 978 4044 est
989 3985 1060 4044 istud
1080 3985 1269 4044 documentum
1293 3986 1327 4044 ad
1346 4002 1409 4044 ann.
1428 3990 1497 4046 tlte
1516 3988 1625 4059 relerat,
1639 3989 1711 4064 quod
1725 4007 1778 4048 non

368 4079 514 4137 coneordat
521 4095 583 4136 curn
594 4078 740 4136 indictione
752 4085 848 4151 quarta
859 4079 959 4138 ibidem
974 4097 1107 4155 exprome,
1116 4098 1170 4139 nou
1184 4081 1295 4139 dubium
1305 4089 1432 4156 putamus
1443 4084 1508 4156 quin
1518 4084 1618 4143 rectius
1626 4101 1698 4144 anno
1710 4089 1779 4144 ⁴230

369 4176 578 4234 centenitatem
592 4177 663 4233 enim
677 4176 704 4233 in
718 4177 952 4251 mentemveniet,
972 4193 1064 4238 mense
1077 4181 1225 4254 septembri
1240 4183 1320 4252 ⁴229,
1337 4186 1458 4254 tempure
1477 4183 1536 4255 ipso
1557 4199 1611 4256 quo
1628 4184 1781 4242 Fridericus

369 4279 461 4332 conba
471 4273 593 4349 papalem
604 4275 749 4332 exercitum
763 4275 941 4349 procedebat,
955 4276 1028 4334 hunc
1041 4278 1166 4336 eundern
1177 4277 1335 4352 templariis
1347 4277 1400 4335 sibi
1411 4279 1616 4339 adversantibus
1627 4287 1657 4338 et
1666 4297 1779 4355 quorum

370 4372 556 4445 pcmessiones
566 4372 594 4429 in
604 4387 686 4446 regno
695 4377 760 4430 trino
772 4373 807 4430 ad
820 4387 889 4448 opus
900 4389 979 4432 suurn
988 4372 1176 4449 capiluhebut,
1188 4381 1244 4432 tam
1253 4375 1355 4448 insigne
1365 4376 1533 4450 privilegium
1545 4377 1703 4436 indulsisse?
1712 4379 1780 4437 Ocn-

371 4469 446 4527 clusa
457 4475 548 4527 autem
560 4486 621 4528 eum
632 4469 745 4528 eeclesia
756 4471 875 4529 Romana
892 4487 968 4545 paee,
985 4472 1031 4529 tali
1043 4473 1183 4547 privilegio
1194 4473 1261 4530 nihil
1277 4473 1377 4531 obstat.
1390 4474 1475 4532 Statio
1490 4476 1600 4550 insuper
1614 4477 1686 4550 apud
1703 4477 1780 4536 sval-

370 4565 455 4623 linum
464 4567 552 4624 itineri
570 4567 604 4624 da
618 4566 708 4640 Capua
716 4581 812 4625 versus
823 4567 967 4642 llelpbiam
979 4575 1022 4626 sat
1032 4569 1139 4627 benese
1153 4569 1349 4642 accommodat,
1362 4571 1413 4628 nisi
1422 4571 1564 4646 legendnm
1575 4572 1612 4629 sit
1624 4571 1697 4647 apud
1709 4563 1781 4631 diro·
1824 4553 1833 4580 '

370 4663 483 4736 putum,
507 4663 578 4721 sicut
597 4665 624 4721 iu
646 4665 870 4740 praecedentibus
889 4666 1070 4739 documentis;
1093 4667 1165 4742 quod
1180 4667 1257 4726 valde
1273 4669 1449 4742 smpicamur.
1464 4671 1620 4730 Notationes
1634 4670 1738 4747 imperii
1754 4679 1783 4730 et

370 4777 528 4836 manorum,
543 4763 654 4820 omnino
671 4763 701 4820 in
717 4764 850 4838 inpressu
860 4764 1014 4838 mendosus,
1026 4765 1062 4824 ad
1075 4781 1132 4824 rem
1144 4766 1397 4826 enucleandanrnon
1410 4767 1560 4842 proficiunt.

473 4865 530 4926 111.
1585 4877 1619 4930 81
