4658 6132
666 584 724 650 158
1163 589 1376 654 rllnuhlcl
1399 590 1572 654 sectant
1879 591 1958 670 [dm.
1977 591 2065 654 lm

665 729 811 794 retorem
837 741 901 816 pro
922 739 964 792 eo
989 719 1084 816 quod
1103 733 1220 798 contra
1236 727 1440 800 sententiam
1457 725 1824 800 excommunicationis
1842 747 1863 800 a
1881 726 2067 800 venerabdi

664 845 811 918 tratre...
833 843 1021 918 Albuoensi
1049 845 1210 943 episcopo
1233 859 1269 922 et
1293 849 1447 924 Gualone
1469 851 1561 924 bone
1584 850 1748 924 memorie
1775 851 1950 944 quondam
1979 851 2068 923 tituli

663 967 773 1040 sancti
786 967 923 1040 Martini
941 967 990 1064 (o)
1004 970 1205 1066 presbytero
1220 973 1394 1046 cardinale
1407 973 1453 1048 de
1467 975 1643 1048 voluntate
1662 981 1698 1046 et
1717 993 1861 1046 amensa
1874 994 1939 1046 suo
1952 981 2068 1046 auclo-

664 1091 763 1164 ritate
782 1091 966 1186 apostolice
987 1093 1080 1166 sedis
1099 1094 1220 1188 latum,
1237 1095 1283 1170 ad
1305 1097 1489 1170 terminum
1511 1117 1615 1192 quem
1632 1095 1701 1168 sibi
1716 1093 1856 1192 prefixit
1872 1117 1941 1169 non
1960 1106 2067 1168 huns-

665 1215 803 1288 iretavit
826 1215 915 1288 sicut
932 1216 1100 1310 promisit,
1127 1239 1192 1292 neo
1216 1220 1424 1316 promissum
1441 1241 1625 1294 nnmerum
1649 1219 1797 1292 militnm
1810 1220 1884 1292 suis
1905 1219 2066 1316 expensis

664 1360 728 1434 pro
745 1338 901 1412 subsidio
921 1341 1022 1412 Terre
1045 1349 1162 1414 sancte
1184 1343 1278 1416 misit
1298 1345 1355 1416 vel
1374 1343 1502 1432 tenuit,
1524 1363 1589 1416 uec
1609 1343 1645 1414 in
1662 1343 1798 1416 Terram
1815 1351 1969 1415 sancum
1989 1363 2066 1438 pro-

666 1463 807 1536 missam
839 1463 1024 1558 pecuniam
1057 1466 1193 1539 statutis
1223 1467 1270 1540 ab
1302 1467 1377 1562 ipso
1408 1467 1562 1540 terminis
1594 1465 1790 1539 destinavit.
1818 1466 1903 1538 ltcm
1931 1486 1995 1560 pro
2025 1487 2065 1538 eo

663 1586 760 1680 quod
778 1585 1072 1684 archiepiscopum
1092 1589 1312 1662 Tarentinum
1326 1589 1373 1664 ad
1388 1590 1507 1664 sedem
1528 1589 1702 1684 propriam
1718 1597 1754 1662 et
1774 1588 1942 1682 populum
1964 1609 2064 1660 suum

663 1710 827 1783 accedere
844 1731 913 1782 non
931 1711 1108 1806 permittit,
1132 1721 1167 1784 et
1182 1713 1266 1807 quia
1284 1713 1490 1810 Templarios
1505 1721 1541 1786 et
1556 1711 1798 1808 hospitalarios
1817 1709 1918 1784 bonis
1934 1709 2066 1782 mobili·

665 1833 732 1906 bus
752 1842 786 1906 et
807 1833 1041 1922 immobilibus
1056 1856 1127 1928 que
1139 1835 1313 1908 habebant
1335 1837 1372 1908 iu
1391 1857 1498 1930 regno
1514 1835 1691 1931 spoliavit,
1707 1843 1741 1906 ot
1753 1834 1836 1928 quia
1851 1834 2066 1930 compositio·

666 1977 746 2028 nem
764 1957 887 2030 iactum
903 1956 1117 2052 interipsum
1134 1967 1168 2030 et
1181 1959 1339 2034 comitem
1355 1959 1577 2034 Celanensem
1589 1981 1630 2032 ac
1643 1956 1860 2053 Raynaldnm
1878 1957 1924 2031 de
1937 1957 2065 2032 Aversa

668 2101 731 2174 pro
747 2080 848 2172 cujus
860 2080 1100 2154 observatione
1112 2081 1265 2156 Ecclesia
1277 2084 1429 2158 Romana
1441 2083 1486 2156 ad
1505 2085 1580 2177 ejus
1594 2081 1790 2156 instantium
1809 2079 1979 2174 fidejumit
1998 2102 2066 2154 ser-

666 2222 750 2274 vare
773 2202 988 2298 contempsit,
1006 2212 1040 2276 et
1058 2205 1154 2299 quod
1176 2207 1333 2282 comitem
1356 2208 1539 2302 bogerium
1556 2206 1831 2300 crucesignatum
1849 2205 1917 2278 snb
1935 2213 2065 2302 pmlao-

667 2323 760 2398 tione
773 2327 959 2422 apostolice
971 2327 1065 2402 sedis
1086 2339 1261 2424 receptum
1284 2331 1447 2422 comitatu
1467 2340 1501 2404 et
1523 2330 1621 2404 terris
1640 2330 1714 2402 suis
1734 2329 1873 2426 penitus
1887 2327 2060 2424 epulavit,

666 2469 707 2522 ac
727 2451 802 2543 ejus
819 2449 929 2523 filium
951 2451 986 2522 in
1006 2451 1204 2549 captivitate
1224 2451 1400 2527 detentum
1421 2454 1467 2528 ad
1485 2453 1685 2526 mandatum
1703 2451 1927 2548 apostolicum
1951 2451 2064 2546 sepius

663 2572 822 2646 iteratum
845 2577 1023 2648 restituere
1044 2597 1113 2648 non
1139 2577 1284 2649 curavit.
1302 2579 1385 2650 item
1406 2576 1745 2651 excommunicamus
1765 2596 1847 2648 enm
1868 2583 1904 2647 el
1927 2575 2064 2647 anathe-

664 2699 865 2772 matizamus
890 2721 952 2794 pro
972 2719 1015 2772 eo
1036 2701 1132 2794 quod
1157 2701 1201 2773 ab
1225 2701 1504 2796 oppressionibus
1523 2710 1557 2774 et
1573 2699 1833 2796 spoliationibus
1847 2697 2064 2770 ecclesiarum

664 2834 700 2898 et
719 2845 942 2920 personarum
967 2823 1272 2896 ecclesiasticarum
1298 2833 1333 2896 et
1363 2823 1620 2898 conculcatione
1647 2823 1874 2896 ecclesiastice
1901 2821 2064 2894 libertatis

665 2948 817 3020 monitus
832 2967 902 3018 non
918 2945 1059 3020 destitit.
1071 2949 1155 3020 ltem
1170 2947 1510 3020 excommunicamus
1521 2969 1601 3019 eum
1619 2955 1653 3020 et
1665 2945 1988 3020 anathematisamus
2004 2964 2063 3040 pro

666 3091 708 3142 eo
729 3069 825 3164 quod
842 3070 887 3142 ab
909 3070 1131 3164 oppressione
1152 3071 1378 3167 pupillorum,
1396 3071 1626 3166 orphanomm
1643 3079 1678 3143 et
1690 3069 1875 3143 viduarum
1889 3089 1953 3141 sen
1968 3067 2063 3141 nobi·

666 3193 751 3265 lium
766 3203 800 3266 et
815 3193 961 3264 aliorum
982 3193 1159 3265 hominum
1182 3195 1279 3288 regni
1306 3196 1362 3268 vel
1389 3193 1619 3268 destructione
1641 3193 1812 3287 ejusdem,
1831 3191 1928 3286 quod
1945 3191 1991 3264 ad
2011 3213 2063 3264 ro·

665 3339 802 3390 menam
815 3317 1003 3389 Ecclesiam
1019 3317 1210 3411 specialiter
1227 3318 1378 3392 noscitur
1390 3317 1578 3414 pertinere,
1596 3337 1744 3412 proquo
1764 3315 1913 3388 Ecclesia
1927 3335 2063 3388 romane

660 3442 893 3534 juramentum
917 3439 1090 3513 fidelitatis
1108 3441 1268 3513 exhibuit
1288 3451 1323 3514 et
1348 3441 1547 3535 homagium
1563 3439 1725 3536 prestitit,
1740 3437 1891 3512 monitus
1911 3459 1979 3509 non
1994 3457 2063 3510 ces

662 3565 764 3637 savit.
784 3565 867 3636 ltem
886 3563 969 3658 quia
986 3573 1180 3659 contempta
1195 3563 1551 3638 excommunicatione
1566 3564 1612 3636 ad
1623 3561 1825 3634 mandatum
1841 3559 2060 3655 apostolicum

663 3709 731 3760 non
751 3687 870 3778 rediit,
894 3708 1014 3760 omnes
1035 3687 1096 3782 qui
1113 3697 1194 3760 sunt
1210 3687 1242 3759 ei
1257 3690 1452 3780 juramento
1469 3685 1641 3759 fidelitatis
1662 3683 1815 3758 adstricti
1827 3692 1863 3755 et
1875 3682 2063 3778 specialiter

661 3809 818 3884 homines
837 3811 935 3905 regni
955 3833 976 3883 a
992 3813 1186 3904 juramento
1199 3832 1270 3906 quo
1285 3811 1351 3884 sibi
1371 3819 1530 3884 tenentur
1543 3807 1824 3884 denuntiavimus
1837 3815 1872 3879 et
1884 3805 2062 3879 denuntia·

659 3956 737 4006 mus
755 3934 946 4026 absolutos,
966 3933 1048 4027 quia
1069 3935 1140 4007 Deo
1163 3943 1198 4006 et
1220 3934 1348 4007 sanctis
1370 3935 1445 4028 ejus
1466 3933 1663 4007 adversanti
1683 3941 1788 4028 alque
1810 3933 1885 4024 ejus
1907 3937 2063 4026 precepta

660 4058 805 4131 calcanti
820 4058 906 4129 nulli
918 4056 1116 4131 fidelitatem
1131 4080 1268 4131 servare
1281 4067 1451 4132 tenentur.
1468 4059 1623 4130 Preterea
1640 4057 1807 4144 civitates,
1825 4065 1935 4128 castra
1949 4065 1983 4128 et
1998 4053 2063 4128 alia

660 4183 776 4256 omnia
789 4182 864 4255 loca
882 4182 927 4256 ed
946 4203 1015 4276 que
1035 4181 1109 4277 ipse
1126 4181 1320 4277 pervenerit
1336 4181 1565 4255 ecclesiastico
1586 4179 1815 4276 supponimus
1831 4178 2012 4252 interdicto
2026 4183 2062 4246 ut

660 4303 829 4400 quamdiu
843 4326 984 4400 presens
998 4305 1100 4378 inerit
1111 4305 1242 4380 ibidem
1255 4307 1350 4380 nulla
1366 4305 1486 4380 divina
1499 4305 1612 4379 officia
1625 4305 1856 4392 celebrentur,
1871 4303 1985 4375 officio
2004 4301 2062 4373 be·

662 4427 854 4522 nefioioqne
872 4427 1047 4523 privantes
1062 4451 1182 4503 omnes
1209 4431 1459 4526 cujuscumque
1474 4427 1694 4526 professionis
1712 4427 1767 4502 vel
1782 4425 1913 4502 ordinis
1930 4425 1992 4522 qni
2009 4425 2059 4522 ei,

701 4680 741 4763 (o)
763 4681 821 4762 Ap.
836 4682 996 4764 Ruynuld„
1010 4684 1114 4748 Sancti
1126 4685 1221 4748 Marci
1231 4624 1318 4750 maie.
1334 4684 1405 4750 Vld.
1418 4685 1457 4748 nd
1469 4702 1539 4750 ann.
1557 4694 1647 4760 1²2⁵,
1661 4683 1858 4762 mmrelulto.
