4710 6076
592 629 653 694 ³68
1120 635 1291 698 lIIlNIlICl
1315 633 1484 698 suerunt
1816 633 1895 722 [dn.
1914 637 2002 702 122&

594 767 725 842 habore
743 770 847 842 vellet
868 768 1085 844 warandiam
1106 793 1213 867 quam
1239 771 1276 844 in
1297 771 1441 846 solemni
1462 769 1560 844 cuma
1583 779 1701 844 nostra
1717 769 1815 870 apud
1836 773 2004 870 Herbipo

595 891 656 964 lim
676 890 727 988 (t)
750 894 870 968 secisse
894 895 1105 969 dinoscimur
1123 895 1169 970 de
1185 897 1301 970 Monte
1320 895 1439 970 Martia
1457 895 1509 992 (2)
1529 894 1787 994 archiepiscopo
1810 895 2001 972 Coloniensi

594 1017 631 1088 in
651 1017 787 1092 abbatis
800 1017 916 1092 dilecti
930 1019 1097 1116 principis
1119 1020 1227 1094 nostri
1241 1019 1472 1118 praeiudicium
1486 1021 1720 1112 corbeiensis,
1737 1029 1773 1095 et
1791 1021 1888 1118 quod
1904 1043 2001 1096 eum·

594 1140 674 1214 dem
690 1141 850 1216 abbatem
873 1143 909 1216 in
926 1144 1176 1240 possessionem
1196 1143 1280 1220 dicti
1301 1145 1428 1220 montis
1446 1145 1713 1238 remitteremus,
1731 1145 1846 1220 eidem
1864 1148 2002 1243 pionem

593 1265 810 1340 warandiam
824 1268 1023 1364 prestando,
1040 1269 1218 1366 predictus
1233 1268 1396 1344 domiuus
1411 1277 1526 1344 noster
1540 1269 1725 1366 imperator
1739 1269 1840 1344 nobis
1860 1268 2003 1362 tirmiter

592 1391 756 1484 injunxit.
774 1393 843 1465 Nos
856 1413 940 1466 vem
953 1393 1155 1468 mandatum
1171 1394 1302 1470 domini
1320 1393 1536 1490 inperatoris
1549 1393 1657 1490 patris
1672 1395 1781 1468 nostri
1797 1415 2002 1470 comorvare

591 1523 626 1588 st
644 1515 786 1612 implere
804 1517 841 1588 in
858 1519 1021 1592 omnibus
1036 1520 1233 1616 cupientes,
1253 1519 1457 1594 auctoritate
1468 1519 1679 1616 presentium
1692 1519 1729 1592 in
1749 1519 2000 1616 possessIonsm

592 1639 748 1733 ejusdem
776 1642 904 1716 montis
924 1643 1056 1718 dictum
1083 1643 1274 1740 principem
1296 1651 1453 1718 nostrum
1476 1643 1637 1716 abbatem
1659 1643 1898 1719 Corbeiensem
1919 1645 1999 1718 ruit·

591 1765 696 1838 tiruus
712 1787 792 1840 cum
813 1767 907 1839 omni
924 1768 1020 1860 jure,
1038 1769 1170 1842 nullam
1189 1765 1467 1862 jurisdictionem
1489 1765 1525 1840 in
1541 1765 1698 1858 eiusdem
1718 1767 1845 1840 montis
1865 1789 2000 1864 pomos·

591 1889 688 1964 sione
701 1899 985 1986 recognoscentes
997 1891 1255 1988 archispIscopo
1268 1890 1473 1964 Coloniensi.
1491 1889 1699 1964 blaudsmus
1719 1891 1836 1986 itaque
1848 1913 1910 1988 per
1921 1913 2000 1988 gra·

593 2013 675 2086 tlam
692 2021 844 2086 ausuum
856 2011 999 2086 firmiter
1014 2014 1243 2111 precipientes
1256 2023 1429 2110 quatenus
1441 2014 1559 2087 nullus
1570 2035 1660 2088 ausu
1675 2012 1803 2088 ductus
1819 2015 1999 2090 temcrurio

591 2145 816 2210 memoratum
831 2137 991 2210 abbatem
1006 2137 1042 2210 in
1060 2137 1277 2234 possessione
1291 2135 1457 2233 sepedicti
1471 2138 1599 2211 montis
1619 2137 1789 2236 impedire
1802 2139 1859 2214 vel
1875 2140 2000 2212 moles·

591 2271 664 2334 ture
678 2271 871 2356 presumut3
886 2259 982 2356 qnod
995 2261 1057 2356 qui
1071 2261 1200 2350 lecerit,
1211 2283 1354 2356 gravem
1368 2259 1643 2355 indignatr'onem
1658 2271 1774 2338 nostre
1784 2261 1999 2338 celsitudinis

592 2407 630 2460 se
643 2386 778 2460 noverit
793 2387 1025 2458 incursumm.

638 2511 754 2584 Teates
771 2510 821 2582 hii
839 2519 921 2582 sunt
936 2509 1104 2584 Hsnricus
1118 2509 1326 2584 venerabilis
1338 2509 1538 2584 Eistetsnsis
1553 2510 1750 2606 episeopus,
1766 2511 1935 2584 Esuriens
1947 2509 1997 2606 (n)

591 2636 731 2709 illustris
744 2635 821 2710 dux
838 2635 996 2724 Bavarie,
1012 2655 1127 2708 comes
1147 2637 1189 2708 H.
1206 2634 1252 2710 de
1265 2635 1437 2730 Ililingeu,
1452 2634 1491 2706 F.
1507 2633 1553 2708 de
1569 2632 1856 2730 Druhendingen,
1871 2635 1912 2708 Ε.
1933 2633 1998 2708 da·

590 2761 679 2856 piler
692 2759 738 2833 de
749 2759 927 2854 Walpurc,
945 2757 982 2830 C.
1000 2759 1166 2855 pincerna
1179 2757 1225 2831 de
1236 2757 1479 2845 Winterstcde,
1492 2766 1528 2830 et
1538 2757 1597 2832 alii
1609 2759 1844 2855 quamplures.

638 2885 762 2956 Datum
774 2883 870 2982 apud
887 2884 1040 2975 Ulmum,
1059 2905 1153 2958 anno
1174 2883 1311 2957 Domini
1328 2881 1374 2956 ld.
1396 2881 1460 2954 CC.
1481 2882 1640 2972 XXVIII,
1662 2883 1852 2958 indictione
1868 2881 1993 2980 priua.

403 3355 534 3464 Q,
640 3347 824 3432 Heuuicus
846 3346 1107 3432 Romanorum
1128 3369 1195 3427 rex
1209 3344 1447 3454 praeposito,
1465 3339 1631 3452 capitulo
1648 3349 1687 3424 et
1703 3339 1881 3426 uniuerso
1894 3337 1999 3422 clero

412 3462 527 3507 Μ’
588 3483 690 3592 apud
704 3481 890 3592 ligurum
902 3503 1035 3562 omnes
1052 3475 1261 3582 libertates,
1272 3475 1362 3586 jura
1377 3486 1415 3558 et
1426 3473 1624 3584 priuileffl'u
1635 3471 1779 3558 eisdem
1797 3497 1821 3555 a
1838 3471 1997 3582 proede-

588 3613 801 3700 cessorIbua
820 3613 899 3696 suis
915 3611 1066 3694 indultu
1081 3609 1295 3695 confirmet.

664 3805 835 3882 (Memorat.
849 3801 988 3864 ullum
1000 3817 1061 3864 uon
1074 3801 1221 3874 hausu,
1232 3799 1352 3879 Begest.
1366 3813 1416 3876 ap.
1425 3793 1594 3876 Amilofdr
1604 3793 1740 3858 Sciam.
1761 3791 1994 3873 caet.,1,·or.1

633 3969 759 4040 Datum
778 3964 874 4062 apud
885 3963 1088 4058 Enelingon,
1109 3981 1201 4036 anuo
1222 3959 1394 4034 dominius
1417 3958 1661 4034 incarnationis
1680 3957 1727 4034 II.
1748 3955 1812 4030 CC.
1835 3953 1992 4042 XXVIII,

585 4093 720 4167 decimo
734 4089 901 4164 kalendas
914 4088 1044 4186 aprilis,
1065 4086 1254 4160 indictione
1268 4085 1298 4158 lI
1312 4081 1378 4181 (3).

625 4239 664 4324 (a)
684 4241 841 4302 Eddmter
853 4238 1012 4319 legendum
1023 4233 1200 4298 badenim

618 4481 653 4556 tt)
670 4478 853 4540 verisimiliter
867 4490 962 4535 menso
974 4473 1114 4534 novembri
1131 4489 1194 4532 aun.
1212 4474 1291 4531 ttae.
1306 4467 1480 4529 Wurandinm
1493 4467 1571 4526 istam
1590 4481 1642 4526 nec
1660 4481 1714 4526 non
1731 4463 1887 4525 munaum
1902 4461 1998 4522 rnna-

581 4579 629 4638 rici
642 4579 666 4636 ll
681 4577 719 4638 ibi
730 4580 906 4634 memoratum
917 4587 1050 4648 nusquam
1060 4572 1179 4646 reperire
1193 4569 1340 4645 potuimus.

619 4677 655 4750 (il
672 4675 780 4733 Scilicet
792 4671 928 4745 Ercsburp
941 4671 999 4730 sive
1009 4668 1161 4744 nantap.

617 4773 652 4848 (3)
672 4773 702 4832 ln
714 4773 767 4831 boc
777 4769 917 4844 privilagio
932 4767 1085 4828 indictionis
1098 4781 1226 4826 rumonus
1239 4765 1343 4824 unitate
1355 4762 1490 4824 abundus
1504 4761 1619 4821 uidetur.
