4658 6132
541 657 601 720 106
1033 655 1247 718 Flllllllllllll
1272 655 1444 720 suctum
1758 660 1839 740 [bar.
1856 659 1944 722 1229.

540 791 756 888 presentibus
773 793 902 864 nuntiis
921 790 1075 884 Saldani,
1094 791 1226 886 jurarit
1248 813 1287 866 se
1310 804 1527 868 servaturum
1545 813 1587 866 ea
1598 815 1671 889 que
1687 795 1948 868 continebantur

539 917 576 988 in
593 915 744 1011 quadam
762 924 855 989 carta
868 917 985 989 clausa
998 937 1067 1011 que
1084 937 1263 1010 nunquam
1284 937 1399 990 coram
1412 919 1529 1014 aliquo
1550 917 1730 1012 peregrino
1747 939 1811 992 nec
1832 920 1948 1014 aliquo

541 1039 586 1114 de
601 1049 689 1113 terra
703 1041 790 1114 lecta
804 1040 869 1112 luit
882 1042 939 1114 vel
953 1049 1084 1137 aperte,
1094 1063 1158 1113 nec
1168 1061 1283 1114 coram
1301 1041 1433 1114 nuntiis
1446 1040 1586 1115 Soldani
1597 1040 1643 1113 ab
1658 1041 1734 1136 ipso
1745 1042 1948 1138 imperatore

538 1163 726 1237 baronibus
741 1164 797 1236 vel
812 1164 984 1258 magistris
1003 1164 1156 1256 recitata,
1177 1183 1241 1235 nec
1254 1163 1300 1236 ab
1315 1163 1390 1258 ipso
1408 1163 1625 1236 manifestata
1638 1163 1805 1256 Soldau03
1822 1173 1857 1237 et
1874 1165 1948 1238 Sol·

539 1286 652 1361 danus
670 1293 851 1360 contentus
868 1286 933 1357 luit
951 1287 1024 1360 solo
1049 1286 1216 1382 principis
1228 1289 1423 1380 juramento
1441 1308 1506 1360 nec
1519 1286 1660 1360 alterius
1674 1287 1739 1361 tuit
1758 1309 1863 1383 super
1882 1287 1948 1362 hoc

536 1409 704 1484 securitas
720 1409 898 1506 requisita,
915 1411 999 1504 quia
1012 1409 1102 1484 bene
1113 1409 1242 1483 sciebat
1255 1410 1440 1507 imperator
1452 1410 1549 1506 quod
1564 1411 1594 1483 si
1610 1411 1948 1506 contingeretabalic

537 1534 628 1606 hauc
641 1534 858 1608 securitatem
874 1534 1017 1628 requiri,
1037 1533 1127 1606 sicut
1148 1533 1221 1607 lieri
1239 1535 1431 1628 consuevit,
1449 1535 1507 1608 ille
1521 1535 1583 1630 qui
1600 1535 1831 1629 requireretur
1845 1536 1948 1608 vellet

537 1659 604 1732 sibi
617 1659 794 1755 explanari
816 1658 953 1753 singula
973 1658 1126 1754 capitula
1139 1659 1321 1754 diligenter
1339 1669 1439 1734 numa
1462 1681 1568 1754 quam
1586 1658 1817 1752 jurantem
1838 1660 1947 1755 impe-

256 1795 265 1816 ·
412 1815 419 1832 =
538 1790 630 1855 rator
652 1805 733 1854 cum
752 1783 841 1854 male
867 1789 982 1876 egeret
1007 1783 1120 1854 lucem
1148 1781 1292 1855 rationis
1315 1781 1352 1854 iu
1375 1781 1537 1855 omnibus
1562 1779 1769 1854 declinabat.
1796 1779 1948 1854 Tandem

537 1905 669 1978 vocatis
684 1903 904 1978 Tbeutonicis
916 1905 990 1978 suis
1007 1906 1068 2000 qui
1081 1905 1168 1978 nibil
1183 1905 1280 1980 aliud
1293 1905 1498 1980 affectabant
1511 1905 1579 1978 nisi
1597 1903 1694 2000 quod
1711 1913 1851 2000 possent
1863 1905 1947 1976 visi-

538 2038 612 2102 tare
626 2030 842 2124 Sepulcrum,
861 2029 1010 2121 allegare
1028 2030 1119 2125 cepit
1138 2029 1322 2124 imperator
1349 2038 1385 2102 et
1399 2029 1562 2124 magister
1580 2026 1849 2101 Alamannorum
1871 2037 1949 2124 post

540 2153 655 2248 ipsum
671 2151 846 2246 quomodo
862 2173 924 2248 per
941 2173 1001 2224 ecs
1022 2153 1134 2226 luerat
1155 2153 1328 2226 exaltatus
1346 2160 1381 2226 et
1395 2160 1564 2248 quantum
1586 2151 1622 2223 in
1637 2151 1775 2245 negotio
1793 2151 1852 2224 illo
1865 2171 1946 2224 eum

540 2275 707 2358 Dominus
724 2275 926 2367 honorabat,
945 2296 1015 2349 non
1029 2276 1103 2348 suis
1120 2275 1262 2367 meritis,
1288 2275 1351 2349 sed
1377 2275 1589 2348 orationibus
1611 2273 1824 2348 eorumdem.
1854 2273 1948 2346 Etsi

540 2419 661 2472 omnes
682 2398 740 2470 alii
758 2399 796 2472 id
816 2397 1106 2490 discensulerent,
1134 2399 1278 2472 consilio
1298 2419 1417 2472 eorum
1434 2420 1472 2471 se
1487 2397 1668 2493 reputabat
1685 2405 1865 2470 contentus
1884 2417 1949 2469 rn-

540 2543 628 2616 gaus
645 2541 705 2596 eos
719 2530 758 2593 ut
773 2519 818 2594 de
841 2521 972 2595 honore
987 2543 1052 2594 suc
1075 2521 1268 2616 gauderent
1284 2529 1319 2594 et
1341 2530 1481 2594 cantum
1507 2521 1544 2593 in
1570 2521 1708 2614 signum
1727 2519 1948 2593 exultationis

540 2655 575 2719 et
590 2646 696 2720 letitie
708 2645 925 2736 inchoarent3
940 2647 1089 2740 queecla
1102 2647 1196 2720 natio
1209 2655 1348 2720 cantum
1363 2646 1493 2720 levavit
1509 2653 1544 2718 et
1561 2643 1731 2716 luminare
1742 2641 1949 2734 lecit,cmni-

541 2771 608 2842 bus
622 2771 699 2841 aliis
713 2769 893 2842 stultitiam
908 2769 1147 2864 reputantibus
1161 2769 1257 2864 quod
1270 2768 1373 2842 fiebat
1386 2791 1466 2842 cum
1477 2767 1577 2840 multi
1588 2789 1636 2840 ex
1646 2767 1698 2840 eis
1710 2765 1867 2840 fraudem
1875 2769 1948 2859 jam

541 2902 785 2987 cognoscerent
801 2893 1016 2966 manifestam
1030 2892 1095 2988 (l).
1113 2893 1174 2966 llis
1193 2893 1341 2989 peractis
1353 2893 1515 2986 magister
1530 2891 1815 2981 alemannorum,
1834 2911 1948 2963 comes

543 3018 745 3092 Thomasius
760 3027 796 3091 et
809 3019 971 3091 dominus
994 3017 1144 3113 Sydcnis
1161 3017 1299 3090 iverunt
1314 3016 1360 3091 ad
1374 3017 1563 3092 Soldanum
1577 3015 1765 3110 Babylonio
1783 3024 1822 3086 ut
1844 3035 1948 3110 super

544 3141 830 3216 conventionibus
857 3142 951 3213 initis
976 3142 1168 3236 reciperent
1181 3149 1431 3214 sacramentum
1455 3139 1500 3212 ab
1518 3139 1612 3234 ipsc;
1635 3159 1706 3232 quo
1722 3145 1858 3234 recepto
1885 3136 1949 3209 ivit

544 3267 707 3340 dominus
722 3266 872 3362 Sydonis
886 3265 931 3339 ad
950 3265 1138 3338 Soldauum
1157 3263 1314 3338 Damasci
1329 3273 1369 3336 ut
1383 3263 1428 3337 ab
1441 3285 1483 3336 ec
1495 3263 1650 3336 similiter
1663 3262 1828 3356 reciperet
1839 3282 1949 3333 sacra·

543 3399 711 3462 mentum.
728 3388 796 3462 Sed
817 3389 909 3474 idem
924 3389 1096 3462 Soldanus
1105 3389 1178 3482 J‘am
1192 3397 1406 3484 presenserat
1419 3387 1515 3482 quod
1528 3385 1700 3459 Soldanus
1712 3385 1900 3482 Babylonie
1915 3393 1950 3458 et

541 3511 729 3608 Serapbius
746 3513 910 3585 avunculi
928 3515 1003 3606 ejus
1025 3533 1107 3584 eum
1123 3513 1336 3586 exheredare
1356 3511 1495 3606 penitus
1511 3509 1737 3584 intendebant
1756 3519 1790 3582 ct
1810 3510 1898 3582 inter
1911 3529 1949 3582 se

543 3637 701 3710 dividere
716 3647 840 3710 terram
858 3659 970 3710 suam.
987 3638 1126 3732 Propter
1150 3636 1246 3732 quod
1264 3658 1302 3709 se
1318 3636 1354 3708 in
1372 3637 1578 3708 Damascum
1594 3634 1722 3728 recepit
1735 3642 1770 3706 et
1787 3631 1949 3705 adunatis

542 3758 616 3830 suis
629 3758 680 3830 eis
695 3759 839 3832 viriliter
854 3760 1010 3832 resistere
1022 3757 1223 3832 conabatur.
1243 3759 1310 3844 Qui
1328 3766 1485 3853 treguam
1495 3758 1613 3850 J‘urare
1628 3756 1739 3828 uoluit
1758 3757 1829 3827 ullo
1845 3755 1949 3828 modo

541 3882 661 3956 dicens
675 3883 772 3976 quod
785 3883 956 3956 Soldanus
974 3881 1162 3979 Babylonia
1176 3883 1371 3956 avunculus
1388 3903 1473 3956 suus
1489 3889 1613 3954 terram
1628 3880 1738 3976 ipsius
1754 3878 1950 3951 christianis

542 4005 618 4079 aine
632 4028 801 4080 consensu
818 4027 882 4080 suo
896 4007 1042 4082 reddere
1056 4007 1101 4082 de
1115 4008 1195 4100 jure
1211 4029 1279 4082 uon
1293 4015 1426 4104 poterat
1438 4027 1503 4079 nec
1517 4005 1678 4078 debebat.
1694 4005 1785 4076 luter
1795 4001 1860 4075 bec
1872 4025 1950 4074 ma-

542 4129 648 4222 gister
676 4129 942 4204 alemannorum
974 4132 1020 4206 ad
1050 4130 1340 4226 magnificandam
1367 4151 1507 4220 vocem,
1534 4130 1639 4200 immo
1663 4127 1710 4200 ad
1740 4125 1949 4222 palliandam

541 4253 709 4350 principis
731 4255 913 4328 falsitatem
932 4255 1098 4329 malitiam
1122 4266 1225 4352 atque
1245 4251 1422 4346 fraudem,
1452 4252 1631 4328 mandavit
1648 4250 1749 4324 nobis
1769 4249 1949 4323 consulens

543 4385 647 4470 utque
670 4397 796 4471 mgaus
820 4389 863 4451 ut
886 4378 932 4453 ad
955 4379 1147 4452 exercitum
1169 4379 1393 4475 personaliter
1419 4377 1637 4467 veniremus,
1662 4397 1742 4446 cum
1760 4369 1950 4470 peregrinis

580 4761 615 4834 [ll
634 4761 674 4822 cl.
686 4776 769 4837 surpra
780 4780 810 4838 p.
825 4767 888 4838 tol,
898 4769 989 4824 notam
1004 4768 1030 4838 t,
1044 4764 1108 4823 huic
1121 4763 1181 4823 loco
1193 4765 1390 4826 adversantem
