4652 6092
568 557 629 620 526
1028 555 1156 616 illuni
1182 555 1533 620 nocuiitii'loliiiii.

569 757 705 880 Q

998 883 1157 950 4414111444
1168 886 1207 948 44
1219 887 1415 950 Wulkeuricrl
1427 892 1458 950 ct
1470 887 1509 948 44
1517 885 1760 966 11144444144444
1769 887 1918 951 41444444
1926 904 1994 950 ma-

995 983 1072 1060 Jorie
1085 983 1223 1045 44444144
1237 983 1432 1046 Gatianensis
1444 983 1641 1046 ordinandam
1652 985 1823 1046 committit.
1933 993 1992 1046 444

579 1107 616 1160 44
629 1113 700 1178 aug.
722 1095 812 1174 ipui
825 1094 939 1160 (144144.
957 1123 999 1140 -
1019 1094 1068 1156 14
1090 1111 1192 1172 preces
1213 1095 1340 1158 fratrum
1361 1095 1515 1176 reiiglceae
1530 1093 1636 1156 ricmue
1658 1096 1770 1156 4444114
1789 1093 1891 1156 Sancti
1912 1095 1992 1158 l’ctri

998 1193 1078 1269 apud
1097 1192 1265 1254 Goeiariam
1286 1195 1339 1272 qui
1360 1199 1430 1256 4441
1450 1195 1571 1272 reginae
1587 1192 1747 1272 capellani,
1760 1209 1800 1254 ex
1822 1198 1923 1254 tenere
1942 1195 1993 1254 in·

999 1293 1156 1352 strumenti
1165 1291 1308 1354 Friucrici
1320 1293 1335 1352 i
1345 1293 1530 1370 imperatorie
1543 1305 1614 1352 anu.
1631 1299 1720 1362 4444,
1733 1289 1861 1370 4114111,
1871 1290 1992 1351 domum

998 1402 1105 1448 eurum
1128 1403 1198 1450 curn
1221 1387 1361 1450 omnibus
1382 1387 1468 1450 bunia
1494 1387 1626 1467 4144441
1649 1385 1706 1448 4414
1733 1403 1788 1448 444
1812 1388 1993 1466 protectione

998 1487 1113 1562 recipit.
1930 1491 1988 1544 444

579 1605 617 1660 41
630 1613 701 1676 eug.
722 1591 811 1671 Apud
827 1590 943 1654 444144.
957 1629 999 1646 -
1021 1597 1170 1677 Capellam
1183 1599 1285 1662 Sancti
1294 1600 1420 1678 Spiritui
1429 1601 1516 1678 Juxta
1527 1599 1651 1660 Pontem
1659 1595 1750 1678 aega
1762 1597 1903 1660 1441411444
1915 1601 1990 1678 elur·

1003 1697 1072 1758 4444
1086 1697 1144 1758 1441
1158 1697 1310 1770 44444411,
1329 1713 1366 1759 44
1383 1696 1550 1758 4444111444
1568 1703 1603 1758 41
1619 1698 1761 1758 memoria
1772 1699 1990 1774 progenitorum

1002 1809 1125 1854 auorum
1147 1794 1199 1871 qul
1218 1793 1360 1872 capellam
1379 1793 1513 1854 444444·
1533 1797 1761 1854 444444444441
1780 1793 1891 1854 ibidem
1907 1809 1991 1872 pera·

1000 1897 1099 1970 gatar.
1930 1897 1988 1951 444

582 2012 699 2086 iseept.
759 2003 905 2082 Anepaelu
960 2038 999 2052 -
1019 2006 1232 2068 ilunaetcrium
1250 2003 1441 2066 lielebumcn
1462 2002 1672 2082 (lleilebruun)
1689 2005 1721 2066 ln
1741 2004 1897 2082 apeeialem
1917 2006 1991 2066 reci·

999 2104 1087 2180 piene
1109 2103 1319 2181 protectionem
1343 2103 1370 2162 41
1392 2101 1541 2162 1414441411
1561 2117 1600 2162 ne
1619 2102 1760 2180 culquam
1778 2117 1818 2162 cx
1837 2107 1921 2180 parte
1938 2118 1991 2164 aua

1000 2215 1113 2278 equum
1130 2205 1277 2279 praestet,
1293 2201 1350 2260 4144
1368 2199 1400 2258 14
1418 2198 1538 2276 speciali
1557 2199 1745 2276 expeditione
1766 2215 1820 2261 444
1838 2216 1892 2278 per
1911 2197 1991 2260 huli-

1000 2296 1127 2376 glarium
1142 2312 1230 2358 suum
1247 2296 1284 2357 de
1296 2295 1462 2360 Nuriuberc
1475 2295 1512 2356 ab
1524 2298 1589 2373 ipae
1600 2296 1819 2374 requirendum.
1932 2303 1989 2358 441

580 2417 617 2470 49
627 2407 700 2486 sepi.
759 2404 909 2485 Anepueir.
960 2441 1000 2456 -
1020 2408 1212 2472 1144114444
1225 2409 1264 2470 44
1277 2411 1435 2489 1114414444
1447 2415 1479 2471 41
1496 2415 1675 2470 conventum
1688 2425 1758 2470 cum
1773 2407 1912 2471 omnibus
1927 2413 1992 2488 ejus

1000 2507 1088 2568 bunia
1103 2507 1158 2568 cub
1178 2521 1233 2568 444
1250 2508 1432 2584 protectione
1446 2509 1563 2584 recipit;
1579 2505 1759 2584 praecipiens
1778 2505 1936 2586 butiglarlc
1952 2507 1991 2568 44

1000 2603 1160 2682 Nurnberg
1173 2609 1208 2663 ut
1220 2601 1259 2664 ab
1278 2605 1359 2664 omni
1376 2605 1508 2682 pignoris
1528 2609 1582 2664 aut
1603 2604 1689 2684 spolii
1710 2605 1892 2681 impetitione
1913 2603 1991 2664 idem

1000 2701 1162 2763 claustrum
1175 2699 1325 2762 defendet.
1932 2709 1990 2762 144

580 2817 614 2868 44
627 2811 702 2885 sept.
791 2805 882 2884 Apud
960 2839 1001 2855 -
1020 2807 1142 2870 Civibus
1164 2807 1430 2885 Ratlspoucnsihue
1443 2808 1564 2868 nuntiat
1587 2805 1731 2868 4411444444
1745 2805 1895 2868 nundinae
1913 2809 1992 2869 circa

737 2887 930 2965 Wlmifflffl·
1000 2903 1110 2966 1444444
1128 2906 1262 2966 omnium
1274 2905 1452 2967 Sanctarum
1471 2906 1642 2966 incivitate
1659 2903 1863 2984 llerblpoleuri
1878 2920 1991 2966 44444-

1000 3004 1055 3062 444
1069 3003 1131 3063 iore
1143 3001 1342 3080 peragendae,
1357 3017 1465 3080 eoaque
1484 3003 1592 3062 invitat
1608 3007 1644 3062 ut
1664 3000 1720 3062 4414
1734 3017 1789 3062 444
1801 3001 1949 3063 conductu
1961 3008 1993 3063 et

1000 3099 1118 3176 rpeciali
1137 3099 1318 3175 protectione
1331 3097 1371 3158 44
1389 3098 1790 3175 4444444441441,44]444
1806 3103 1837 3160 41
1857 3097 1993 3160 liberine

964 3235 969 3244 ·
1000 3191 1243 3270 144144414411444
1256 3192 1294 3252 44
1313 3208 1369 3254 444
1386 3194 1480 3272 gratia
1497 3191 1796 3272 444444144441444
1818 3208 1890 3256 cuae
1911 3193 1992 3271 apurl

1000 3289 1217 3352 Francheuiurt
1230 3295 1260 3350 41
1271 3289 1382 3352 Werde
1397 3289 1629 3370 (4444444414).
1931 3299 1988 3354 444

578 3400 615 3452 44
625 3397 699 3470 ecpt.
790 3389 881 3470 Apud
962 3429 1001 3443 -
1020 3394 1177 3460 Fratribrua
1190 3395 1298 3456 444444
1310 3395 1472 3473 1144414414
1483 3395 1731 3457 Theutunlcorum
1742 3395 1869 3458 Sanctae
1880 3397 1993 3458 1144144

737 3472 934 3551 wimpnam.
999 3492 1209 3554 liranum
1222 3493 1375 3554 444444
1393 3492 1597 3554 4444444414
1608 3495 1641 3554 4
1653 3493 1831 3555 uariam
1842 3509 1911 3555 eum
1924 3496 1993 3572 sure

1000 3596 1178 3670 patronatus
1195 3596 1226 3652 41
1238 3589 1378 3652 omnibus
1394 3593 1557 3654 atiirreatiie
1569 3591 1682 3654 4441441
1697 3597 1729 3654 41
1740 3591 1889 3656 contraiit
1900 3593 1993 3656 iibere

999 3690 1160 3752 tenendam
1173 3695 1203 3752 et
1218 3694 1359 3766 perpetue
1372 3689 1590 3766 4444144444.
1932 3698 1990 3752 448

580 3794 701 3867 444441.
794 3791 883 3869 Apud
958 3827 1001 3842 -
1020 3795 1266 3872 compositionem
1286 3793 1443 3854 denuntiat
1464 3794 1543 3856 inter
1565 3810 1598 3856 44
1620 3799 1651 3854 41
1674 3795 1796 3856 44441144
1816 3793 1854 3854 44
1873 3793 1992 3856 Ferrato

737 3872 934 3951 wrapnaa.
1000 3898 1113 3971 pacm
1127 3891 1566 3971 ultramuraneum
1583 3892 1730 3954 444444
1743 3892 1937 3970 waiam,
1953 3891 1992 3953 ue

999 3989 1065 4052 1444
1086 3991 1272 4067 septimanali
1291 3989 1372 4068 apud
1385 3988 1652 4068 imainchruiirc,
1672 3989 1710 4050 de
1727 3992 1811 4050 curia
1830 3989 1991 4068 4444114-

999 4085 1139 4146 linahelm
1152 4091 1183 4146 44
1192 4085 1230 4147 44
1241 4086 1479 4148 ministerialium
1493 4086 1643 4148 cummuni
1652 4084 1844 4162 subjectione.
1930 4093 1991 4148 144

595 4201 606 4252 4
626 4197 684 4254 oct.
791 4191 882 4270 Apud
962 4221 1000 4237 -
1018 4189 1202 4252 scutetum
1214 4207 1234 4252 a
1246 4190 1430 4268 principibus
1445 4191 1560 4268 imperii
1576 4191 1668 4252 latam
1684 4191 1841 4252 4444441141
1856 4205 1916 4268 qua
1934 4189 1993 4252 (le-

744 4271 923 4352 Aussllmm·
999 4288 1105 4350 444444
1117 4289 1157 4350 44
1169 4288 1256 4350 Gelre
1268 4293 1299 4348 et
1313 4288 1488 4350 Giailhertua
1500 4289 1539 4350 44
1550 4287 1662 4349 ,1444141
1675 4290 1799 4348 comites
1812 4301 1874 4349 444
1889 4293 1992 4348 14444-

999 4391 1049 4446 tur
1069 4385 1228 4461 adimplere
1248 4386 1392 4461 prumiam
1410 4389 1441 4445 et
1460 4384 1650 4445 laudamenta
1671 4382 1751 4445 14414
1773 4383 1930 4461 liudulpho
1951 4384 1992 4445 44

1000 4481 1172 4555 1144444444,
1186 4480 1334 4542 ilciunoni
1346 4479 1384 4542 44
1402 4479 1565 4542 (1441444441
1578 4487 1610 4541 41
1625 4479 1790 4542 acuatur
1804 4495 1923 4559 eurum,
1936 4496 1992 4558 pru

1000 4594 1036 4641 ce
1053 4579 1134 4657 quod
1152 4577 1242 4639 114444
1254 4579 1502 4640 excummunicati
1514 4584 1545 4641 41
1558 4577 1675 4658 exlegea
1687 4593 1749 4639 444
1762 4594 1794 4640 ae
1806 4592 1992 4659 expurgare-

999 4681 1070 4738 runt
1082 4675 1119 4738 44
1131 4677 1254 4738 44144144
1266 4673 1324 4736 eibi
1337 4675 1465 4754 objectu.
1930 4682 1990 4738 114
