4642 6106
1082 625 1293 690 rnrnnnrcr
1318 627 1492 690 ssounnr
1803 623 1882 710 [ru.
1902 625 1987 692 rsao

1260 860 1307 932 11.

375 1075 552 1170 tpfflffin
627 1061 845 1154 Fredericus,
866 1061 928 1134 liei
946 1062 1055 1158 gratia
1077 1064 1308 1138 Romanorum
1326 1065 1528 1162 imperator,
1556 1085 1693 1160 semper
1714 1073 1902 1157 augustus,
1928 1064 1993 1137 ls-

416 1153 537 1234 ··³¹¹¹“·'
580 1187 729 1260 rusalem
752 1195 787 1260 et
810 1185 926 1260 Sicilie
949 1208 1024 1260 rex.
1051 1189 1115 1260 Per
1141 1211 1282 1286 presens
1301 1191 1468 1286 scriptum
1492 1197 1613 1262 notum
1636 1187 1707 1262 fieri
1732 1189 1896 1262 volumus
1913 1188 1993 1261 uni·

580 1312 690 1384 versis
709 1309 806 1404 quod
829 1309 917 1384 inter
940 1321 1193 1384 sacrosanctam
1216 1313 1404 1386 Romanam
1424 1313 1605 1387 ecclemam
1628 1321 1772 1386 matrem
1791 1319 1994 1386 nostramet

582 1457 645 1508 nos
662 1434 824 1507 convenit
837 1433 935 1528 quod
951 1433 996 1508 de
1015 1435 1190 1508 communi
1213 1437 1389 1510 voluntate
1409 1437 1610 1510 tractabitur
1630 1435 1676 1510 de
1699 1439 1758 1510 via
1784 1435 1993 1510 invenienda

582 1559 729 1654 qualiter
746 1559 792 1633 ad
812 1580 876 1632 nos
898 1581 979 1631 cnm
998 1559 1130 1634 bonore
1144 1559 1301 1654 ejusdem
1327 1571 1445 1634 sancte
1470 1561 1589 1634 matris
1604 1561 1756 1634 Ecclesie
1781 1570 1994 1634 revertantur

582 1683 746 1756 Gaietann
765 1691 799 1753 at
815 1683 939 1754 Sancte
956 1679 1090 1776 Agathe
1114 1681 1272 1755 civitates
1295 1693 1330 1756 et
1349 1705 1469 1756 omnes
1493 1705 1574 1757 cum
1600 1685 1701 1757 bonis
1724 1683 1798 1756 suis
1819 1683 1864 1757 de
1887 1705 1995 1778 regno

582 1815 698 1896 nostro
712 1806 828 1878 Sicilie
844 1827 933 1900 quos
945 1806 1098 1879 Ecclesia
1109 1807 1145 1878 iu
1156 1829 1220 1880 sua
1234 1805 1303 1880 lide
1317 1808 1447 1904 recepit
1461 1817 1496 1880 et
1509 1808 1545 1880 in
1559 1807 1905 1881 Ecclesisdevotione
1918 1829 1995 1904 per·

583 1932 727 2020 durant;
747 1930 793 2003 ad
812 1953 916 2024 quem
932 1939 1113 2002 tractatum
1132 1930 1234 2004 datus
1251 1942 1304 2004 est
1319 1955 1433 2006 annus
1446 1933 1513 2004 nisi
1528 1941 1609 2006 ante
1623 1933 1682 2006 via
1699 1935 1812 2007 valeat
1830 1931 1992 2006 inveniri.

583 2054 639 2127 rid
653 2076 759 2148 quam
775 2053 1021 2127 inveniendam
1039 2053 1132 2126 diota
1151 2064 1259 2128 mutor
1276 2055 1429 2128 Ecclesia
1451 2077 1570 2129 curam
1591 2067 1626 2129 et
1643 2056 1908 2131 sollicitudinem
1925 2054 1997 2129 ad-

584 2177 702 2250 hibere
721 2177 895 2274 promisit,
923 2199 986 2248 nec
1008 2177 1175 2249 terminus
1195 2177 1263 2250 uisi
1291 2178 1337 2251 de
1359 2199 1529 2252 consensu
1545 2180 1697 2276 partium
1713 2179 1857 2252 ulterius
1878 2201 1998 2276 proro-

584 2301 735 2396 gabitur.
747 2300 816 2374 Sed
834 2301 878 2393 si,
896 2275 991 2396 quod
1001 2301 1104 2390 absit,
1121 2301 1208 2374 inira
1221 2299 1355 2375 dictum
1370 2303 1556 2375 terminum
1568 2303 1626 2376 via
1643 2303 1785 2378 inventa
1803 2303 1996 2392 noniuerit,

584 2449 631 2500 ex
653 2436 736 2498 tuno
754 2447 816 2522 per
834 2425 983 2498 arbitros
1006 2427 1144 2500 interim
1167 2425 1347 2522 eligendos
1373 2428 1579 2524 procedetur
1595 2429 1632 2500 in
1653 2429 1713 2502 vin
1731 2439 1771 2502 nt
1790 2427 1921 2502 dictum
1947 2437 2000 2502 est

585 2551 806 2624 invenienda.
825 2551 980 2635 Quorum
999 2551 1070 2625 duo
1093 2551 1164 2624 sint
1184 2573 1230 2624 ex
1249 2561 1347 2647 purte
1361 2552 1514 2626 Ecclesie
1537 2561 1572 2626 ot
1597 2551 1669 2626 duo
1692 2575 1738 2626 ox
1754 2563 1852 2649 parte
1865 2561 1997 2644 nostru,

586 2676 647 2771 qui
671 2675 701 2747 si
718 2673 926 2748 concordare
942 2696 1011 2748 non
1036 2683 1195 2770 poterunt
1220 2676 1380 2770 quintum
1403 2676 1589 2770 eliganter
1613 2675 1707 2750 dicto
1730 2678 1871 2770 majoris
1894 2677 2001 2773 partis

588 2800 746 2874 stabitur.
769 2800 963 2870 Prestamus
985 2799 1103 2893 itaque
1124 2799 1359 2892 juramentum
1382 2821 1444 2896 per
1467 2800 1686 2874 Thomasinm
1705 2801 1864 2874 comitem
1888 2799 2001 2874 boar-

589 2945 705 2996 rarum
730 2922 893 2994 dilectum
914 2919 1053 2995 fidelem
1077 2931 1232 2995 nostrum
1259 2923 1295 2994 in
1318 2923 1434 2996 anima
1456 2931 1572 2996 nostra
1595 2931 1630 2996 ct
1657 2923 1702 2996 de
1727 2923 1890 2996 mandato
1915 2943 2002 2994 nos-

590 3057 643 3119 tro
665 3047 837 3139 jurantem
864 3043 961 3138 quod
985 3045 1121 3118 interim
1142 3045 1314 3141 predictas
1337 3058 1444 3119 terras
1467 3055 1503 3119 et
1521 3047 1678 3120 homiues
1699 3067 1769 3120 non
1788 3046 2003 3120 offendemus

592 3171 628 3242 in
652 3170 807 3265 personis
828 3177 863 3240 et
880 3169 985 3240 rebus
1008 3190 1072 3241 nec
1093 3191 1114 3241 a
1141 3171 1266 3242 nostris
1287 3170 1521 3265 permittemus
1537 3171 1680 3264 offendi,
1699 3181 1735 3245 et
1752 3171 1843 3245 viam
1862 3193 1931 3266 que
1950 3171 2004 3243 in-

592 3295 750 3368 venietur
774 3315 836 3390 per
863 3313 1081 3365 communem
1106 3303 1286 3366 tractatum
1310 3293 1466 3386 ejusdem
1488 3297 1607 3370 matris
1630 3297 1781 3370 Ecclesie
1796 3307 1831 3370 et
1851 3306 2004 3370 nostrum

502 3416 507 3426 ’
591 3422 648 3494 vel
670 3443 732 3516 per
757 3418 937 3491 arbitrium
959 3419 1233 3492 observabimus.
1252 3419 1308 3491 Ad
1325 3421 1424 3512 cujus
1443 3420 1492 3493 rei
1512 3421 1721 3496 evidentiam
1738 3443 1878 3516 presens
1893 3421 2005 3516 scrip-

594 3556 668 3617 tum
686 3543 760 3616 lieri
783 3553 819 3615 et
834 3543 929 3615 bulla
943 3564 1047 3616 aurea
1065 3543 1199 3640 typario
1216 3551 1330 3618 nostre
1345 3544 1533 3638 majestatis
1550 3545 1716 3642 impressa
1728 3545 1897 3638 jussimus
1911 3565 2005 3618 oom-

594 3667 733 3740 muniri.

645 3793 731 3866 Data
742 3791 836 3888 apud
846 3793 1008 3864 Sanctum
1023 3791 1246 3883 Germanum,
1262 3813 1353 3866 anno
1370 3791 1542 3866 dominice
1552 3790 1797 3866 incarnationis
1811 3790 2004 3885 MCCXXX,

598 3915 656 3988 die
736 3915 864 3988 mensis
877 3914 970 4008 julii,
990 3915 1089 3987 tertie
1104 3914 1314 3988 indictionis.

1265 4153 1329 4226 111.

431 4437 442 4466 e
477 4382 523 4465 ,pc
534 4379 571 4472 ¹?
646 4356 860 4447 Fridericus,
879 4357 942 4429 Dei
956 4357 1066 4451 gratia
1081 4358 1312 4429 Romanorum
1327 4355 1530 4451 imperator,
1544 4377 1679 4453 semper
1692 4368 1878 4452 angustus,
1895 4357 2013 4430 Hieru-

438 4489 533 4523 ¹¹
600 4482 707 4555 salem
721 4489 756 4552 et
772 4479 888 4568 Sicilie
909 4501 983 4552 rex.
1000 4481 1064 4553 Per
1085 4501 1225 4574 presens
1245 4479 1409 4575 scriptum
1431 4489 1548 4552 notum
1567 4481 1712 4553 facimus
1726 4481 1900 4555 universis
1915 4480 2010 4576 quod

603 4627 667 4678 nos
682 4604 888 4678 remittimus
902 4625 1039 4678 ornnem
1054 4604 1218 4676 offensam
1228 4613 1262 4675 et
1272 4623 1397 4698 penam
1411 4603 1643 4698 Tbeutonicis,
1655 4605 1870 4696 lombardis,
1881 4606 2012 4694 Tuscis,

602 4739 637 4805 et
653 4727 851 4802 bominibus
868 4729 965 4824 regni
983 4729 1198 4823 generaliter,
1217 4735 1252 4800 et
1268 4725 1424 4819 Gallicis,
1452 4737 1488 4823 et
1503 4729 1664 4801 omnibus
1687 4730 1765 4802 aliis
1785 4729 1847 4825 qui
1864 4727 2016 4802 Ecclesie
