4602 6084
400 4504 415 4548 b
422 4451 553 4551 pppppebffi

584 623 588 630 ·
612 623 653 684 so
1109 623 1321 688 rnrnunrcr
1346 623 1521 686 saccum
1827 627 1907 714 [sn.
1925 631 2008 694 rssr.

661 757 863 848 Federicus,
884 759 946 832 Dei
967 761 1075 854 gratia
1096 761 1327 834 Romanorum
1347 759 1543 854 imperator,
1568 779 1703 854 semper
1723 771 1913 856 augrrstus,
1935 765 2011 837 iiie·

612 882 761 954 rusalem
784 891 819 954 et
841 883 955 956 Sicilie
977 905 1053 974 rex,
1082 884 1245 978 magistro
1258 881 1462 976 justitiario,
1479 881 1688 973 justitiariis,
1707 885 1879 978 magistris
1899 907 2011 960 came·

611 1005 726 1096 rariis,
750 1005 963 1096 camerariis,
984 1006 1109 1098 bajulis
1130 1015 1166 1078 et
1185 1005 1421 1078 collectoribus
1438 1015 1509 1076 tam
1529 1006 1746 1100 presentibus
1766 1029 1872 1101 quam
1887 1011 2010 1084 futuris

609 1136 785 1223 presentes
798 1127 927 1202 litteras
942 1129 1147 1224 inspecturis
1155 1129 1299 1224 gratiam
1308 1149 1407 1200 snam
1416 1139 1450 1200 et
1464 1129 1591 1200 bonam
1600 1129 1823 1204 voluntatem.
1835 1131 2008 1217 Quantum

608 1251 771 1324 ecclesias
783 1259 818 1324 et
833 1251 973 1324 clericos
987 1253 1083 1346 regni
1098 1253 1203 1324 nostri
1219 1253 1253 1323 in
1269 1251 1483 1324 libertatibus
1498 1261 1533 1323 et
1547 1251 1736 1326 rationibus
1754 1255 1827 1327 suis
1848 1257 2008 1330 volumus

608 1395 810 1448 conservare
825 1379 889 1465 [et]
908 1375 959 1448 eis
972 1377 1052 1448 olim
1066 1399 1088 1448 a
1103 1376 1261 1448 felicibus
1274 1375 1573 1470 prodecessoribus
1586 1375 1727 1470 regibus
1740 1379 1920 1452 recolende
1931 1401 2008 1452 me-

607 1499 713 1572 morie
735 1520 896 1572 concessa
917 1499 1102 1592 benignius
1123 1499 1348 1590 attendimus,
1375 1507 1508 1570 tantum
1532 1507 1646 1570 nostre
1667 1498 1826 1595 displicet
1846 1502 1961 1596 pietati
1977 1503 2006 1576 si

607 1631 724 1696 contra
740 1631 890 1695 tenorem
905 1623 1163 1718 privilegiorum
1175 1643 1316 1694 suorum
1330 1629 1608 1716 eospresumsret
1622 1621 1748 1716 aliquis
1761 1622 1913 1697 fidelium
1928 1646 2006 1698 nos·

605 1755 735 1818 trorum
749 1747 805 1818 vcl
817 1747 1014 1819 officialium
1027 1746 1179 1819 indebite
1191 1745 1381 1817 molestare.
1395 1743 1492 1816 Unde
1504 1745 1586 1838 quia
1599 1745 1711 1817 clerici
1719 1747 1896 1819 civitatum
1910 1749 2006 1822 Scale

603 1879 638 1944 et
660 1869 791 1942 Ravelli
812 1868 932 1941 fideles
956 1869 1062 1941 nostri
1085 1869 1295 1964 temporibus
1315 1869 1466 1940 felicium
1484 1889 1604 1962 regum
1628 1868 1907 1963 predecessorum
1926 1893 2003 1944 nos·

602 2004 733 2066 trorum
759 2002 926 2086 utusque
953 2015 1046 2064 nunc
1075 2003 1211 2088 tempus
1241 1991 1473 2087 prosperitatis
1501 2003 1614 2064 nostre
1638 1993 1683 2064 ab
1713 1994 1873 2066 omnibus
1903 1994 2004 2068 datiis

603 2116 752 2212 publicis
775 2125 809 2188 et
833 2116 983 2188 collectis
1011 2127 1045 2188 et
1075 2117 1152 2188 aliis
1180 2115 1439 2209 gravaminibus
1460 2135 1498 2186 sc
1521 2116 1627 2188 luisse
1649 2126 1805 2190 asserunt
1823 2117 1949 2190 liberos
1971 2129 2004 2190 et

603 2239 791 2330 immunes,
812 2249 847 2312 et
864 2261 942 2312 cum
958 2261 1020 2312 nos
1038 2239 1131 2334 ipsos
1151 2239 1291 2312 clericos
1305 2239 1340 2310 in
1357 2237 1480 2312 eadem
1499 2238 1654 2312 libertate
1668 2249 1703 2312 et
1718 2239 1933 2314 immunitate
1947 2243 2002 2338 pic

602 2383 804 2434 conservare
827 2363 974 2436 velimus
997 2362 1177 2456 inquibus
1204 2383 1297 2434 nunc
1313 2361 1400 2434 felici
1425 2371 1578 2458 tempore
1599 2372 1714 2436 nostro
1735 2365 1892 2456 luerunt,
1922 2365 2003 2439 iide-

601 2485 687 2558 litati
701 2495 814 2558 vestre
832 2484 973 2559 tirmiter
991 2486 1212 2582 precipiendo
1229 2487 1433 2560 mandamus
1450 2485 1613 2580 quatinus
1631 2487 1770 2560 clericos
1786 2489 2001 2584 supradictos

601 2609 637 2682 in
657 2609 752 2681 nulio
769 2609 814 2682 de
831 2621 943 2683 cetero
960 2610 1111 2682 indebite
1131 2617 1375 2704 aggravantes,
1395 2631 1514 2682 ornnes
1532 2610 1705 2684 libertates
1718 2619 1753 2682 et
1772 2611 2001 2684 immunitates

600 2754 718 2806 eorum
736 2743 771 2804 et
788 2755 903 2805 rerum
918 2755 1058 2806 suarum
1077 2754 1211 2806 necnon
1232 2733 1374 2826 antiqua
1398 2731 1581 2827 privilegia
1603 2733 1687 2828 ipsis
1705 2757 1725 2806 a
1746 2734 1902 2807 felicibus
1923 2757 1999 2830 pre-

600 2855 838 2928 decessoribus
863 2855 988 2928 nostris
1019 2877 1198 2947 concessa,
1227 2857 1355 2950 quibus
1381 2856 1533 2928 felicium
1565 2879 1685 2950 regum
1720 2858 1998 2952 predecessorum

598 2988 790 3051 nostrorum
808 2979 1018 3074 temporibus
1036 3001 1146 3074 usquo
1166 2979 1212 3052 ad
1228 2980 1292 3052 bec
1312 2978 1424 3052 felicia
1444 2989 1597 3075 tempora
1625 2991 1739 3053 nostra
1760 2981 1811 3053 usi
1831 2991 1929 3073 sunt,
1949 2983 1998 3054 eis

595 3101 728 3193 integre
752 3103 962 3174 conservetis
986 3111 1020 3174 et
1043 3102 1078 3173 in
1102 3103 1263 3175 omnibus
1279 3103 1421 3194 justitiis
1443 3113 1478 3176 et
1499 3103 1690 3176 rationibus
1711 3104 1784 3176 suis
1807 3105 1858 3176 sic
1876 3127 1998 3178 manu·

594 3224 736 3296 teneatis
751 3223 891 3297 cosdem
909 3225 1005 3319 quod
1027 3227 1062 3297 in
1083 3227 1177 3298 nullo
1196 3226 1241 3299 de
1260 3235 1372 3300 cetero
1394 3225 1548 3299 indebite
1571 3247 1609 3298 sc
1627 3226 1774 3299 sentiant
1794 3237 1998 3321 aggravatos

593 3357 627 3420 et
649 3368 711 3418 nos
732 3347 951 3421 devotionem
973 3359 1122 3422 vestram
1139 3349 1269 3422 exinde
1293 3350 1586 3424 commendemus.
1615 3351 1683 3422 Nos
1707 3349 1799 3424 enim
1822 3359 1917 3425 tanto
1939 3375 1997 3425 cos

594 3471 757 3542 volumus
783 3479 962 3566 protegere
992 3481 1028 3544 et
1054 3472 1089 3542 in
1113 3473 1185 3544 suis
1210 3473 1399 3544 rationibus
1429 3473 1614 3568 specialius
1639 3495 1841 3547 conservare
1868 3485 1996 3570 quanto

592 3591 710 3666 divina
725 3593 906 3666 clementia
925 3615 988 3666 nos
1002 3616 1065 3690 pre
1081 3595 1158 3666 aliis
1172 3595 1264 3667 orbis
1279 3595 1493 3691 principibus
1511 3597 1688 3670 exaltavit.

639 3717 724 3788 Data
738 3716 834 3812 apud
847 3715 1016 3813 Capuam,
1033 3739 1124 3790 anno
1139 3718 1311 3792 dominice
1327 3719 1570 3792 incarnationis
1582 3721 1629 3792 M.
1644 3719 1707 3792 CC.
1723 3721 1863 3814 xxvlt,
1881 3743 1996 3796 mense

590 3841 805 3926 novembris,
828 3840 1015 3915 indictione
1031 3844 1058 3914 Ι.

827 4145 965 4156 -..η-.-

643 4429 840 4538 Encyclica
871 4429 1047 4513 Friderici
1079 4429 1339 4512 Romanorum
1376 4427 1612 4534 imperatoris
1649 4425 1689 4506 in
1726 4451 1805 4534 qua
1840 4423 1994 4532 exponit

593 4562 758 4644 seriatim
777 4561 939 4670 qualiter
956 4560 1122 4642 Ecclesia
1141 4561 1311 4642 Romana
1326 4569 1412 4641 ante
1430 4568 1570 4668 etpost
1588 4583 1738 4641 crucem
1758 4565 1992 4664 assumptam

591 4721 684 4804 erga
715 4719 755 4776 sc
782 4693 920 4804 egerit,
950 4720 1037 4802 quae
1063 4719 1188 4776 causae
1216 4691 1559 4776 transfretationem
1591 4717 1701 4774 suam
1733 4687 1990 4799 impedierint,
