4710 6076
440 645 538 705 rana.
553 637 595 718 a]
895 629 1090 694 ursroma
1114 627 1405 690 urrnouurrca.
1795 623 1856 686 aas

441 775 600 852 llainerio
615 783 650 846 et
670 769 873 845 Montieiauo
888 767 1077 864 capitaneis
1094 765 1139 839 de
1162 766 1276 838 Monte
1291 763 1406 838 Sancti
1429 762 1565 854 savini,
1583 762 1761 836 Diotisalvi
1786 785 1848 836 no·

442 901 530 976 tario
548 909 583 974 et
597 898 674 972 aliis
688 895 847 993 pluribus
861 893 1005 966 testibus
1020 891 1234 986 presentibus
1248 899 1283 963 et
1297 891 1437 984 rogatis.

491 1027 565 1119 Ego
581 1023 799 1097 Altimannus
818 1017 977 1092 Seucnms
996 1019 1074 1088 aule
1093 1015 1280 1110 imperialis
1303 1015 1457 1088 notarius
1475 1013 1638 1110 predictis
1659 1013 1797 1085 interlui
1819 1023 1854 1086 et

444 1149 608 1226 mandato
625 1145 769 1242 predicti
782 1143 929 1231 comitis,
946 1150 1104 1236 utsupra
1120 1139 1327 1230 continetur,
1348 1139 1470 1234 scripsi
1487 1147 1522 1212 ct
1539 1137 1727 1232 publicavi.

693 1491 938 1501 m

504 1787 708 1898 Gregorius
729 1811 830 1896 papa
847 1784 1080 1868 Fridericum
1097 1785 1357 1868 Romanorum
1376 1785 1644 1894 imperatorem
1661 1797 1790 1870 monet
1811 1815 1860 1872 ne
1933 1800 2014 1907 {3333

450 1947 570 2006 novas
596 1923 707 2004 edera
731 1920 1017 2004 constitutiones
1038 1921 1229 2026 intendat,
1246 1922 1348 2003 unde
1366 1919 1555 2004 Ecclesiae
1580 1931 1798 2029 persecutor
1823 1931 1861 2004 et

449 2053 610 2139 obrutor
622 2054 797 2164 publicae
808 2053 993 2136 libertatis
1008 2051 1082 2134 dici
1097 2053 1230 2162 possit.

537 2295 657 2376 (Edidit
673 2295 849 2368 musmo„
864 2290 973 2356 annu.
995 2291 1087 2356 aaut.
1112 2294 1150 2355 ad
1171 2311 1242 2356 auu.
1267 2303 1362 2369 1281,
1378 2293 1395 2376 5
1414 2295 1473 2374 lx,
1488 2313 1505 2356 a
1523 2295 1642 2374 Ragau.
1664 2297 1785 2374 ungor.
1802 2297 1864 2372 lx,

574 2419 647 2464 aun.
662 2403 702 2482 V,
713 2411 806 2472 mot.
820 2403 946 2464 sednon
960 2404 1105 2482 integrum
1119 2399 1279 2480 exhibuit.)

506 2617 702 2712 Gregorius,
718 2625 802 2704 etc,
817 2615 1012 2705 Frederico,
1028 2626 1093 2690 etc.
1112 2617 1348 2690 intelleximus
1362 2615 1534 2712 siquidem
1548 2619 1644 2712 quod
1657 2620 1714 2692 vel
1730 2620 1871 2716 proprio

457 2753 553 2818 motu
575 2743 630 2815 vel
647 2739 812 2814 seductus
829 2739 1032 2812 inconsultis
1054 2741 1205 2813 consiliis
1227 2761 1468 2836 perversorum
1487 2763 1597 2816 novas
1618 2743 1722 2816 edere
1737 2744 1872 2816 cousti-

457 2867 605 2940 tutiones
624 2865 776 2940 intendis
792 2867 983 2962 exquibus
1000 2865 1192 2937 necessario
1211 2865 1368 2960 sequitur
1384 2874 1423 2936 ut
1442 2864 1568 2940 dicaris
1582 2866 1735 2940 Ecclesia
1749 2889 1872 2963 persa-

458 3002 558 3066 cutor
573 3003 607 3064 et
620 2992 762 3064 obrutor
775 2992 915 3088 publico
930 2990 1112 3078 libertatis,
1128 2989 1248 3084 sicque
1265 2989 1332 3060 tibi.
1343 2989 1534 3062 contrarius
1548 3001 1665 3064 contra
1683 3001 1715 3064 te
1732 2992 1800 3064 tuis
1813 2995 1874 3066 vi-

459 3118 557 3190 ribus
573 3116 725 3188 moliaris
729 3167 1185 3188 ............
1215 3112 1468 3188 Sauesiadid
1489 3116 1870 3208 exclamaveris,

408 3315 410 3320 ,
461 3242 622 3313 timemus
634 3240 781 3312 multum
794 3239 856 3312 Dei
869 3239 1014 3334 gratiam
1027 3239 1088 3310 tibi
1101 3259 1178 3311 esse
1192 3219 1414 3324 subtractam,
1428 3237 1512 3310 dum
1522 3239 1572 3310 sic
1580 3249 1736 3334 patenter
1748 3243 1873 3315 samam

462 3366 635 3462 propriam
654 3364 801 3460 negligis
817 3373 851 3436 et
872 3364 1039 3454 salutem;
1063 3362 1093 3434 si
1118 3384 1203 3435 vero
1227 3363 1396 3456 impulsus
1417 3363 1463 3433 ab
1476 3363 1565 3456 aliis,
1593 3365 1758 3436 miramur
1777 3367 1873 3461 quod

463 3491 589 3562 talibus
604 3489 808 3563 consiliariis
825 3489 1017 3583 acquiescis
1034 3488 1095 3582 qui
1111 3487 1234 3584 spiritu
1251 3486 1368 3558 vexati
1384 3486 1539 3582 nequitie
1554 3496 1588 3560 te
1606 3488 1791 3562 intendunt
1804 3492 1875 3564 lico

463 3624 499 3685 et
513 3613 713 3685 homiuibus
731 3613 941 3686 constituere
954 3601 1145 3701 inimicum,
1165 3621 1206 3683 ut
1224 3622 1400 3684 taceamus
1415 3611 1483 3684 alia
1497 3613 1612 3706 potius
1626 3613 1760 3686 silentio
1775 3615 1876 3688 intel-

465 3737 604 3831 ligenda
616 3758 722 3832 quam
741 3738 849 3810 verbo
871 3764 880 3808 ε
904 3759 974 3832 qua
994 3737 1124 3809 utinam
1144 3759 1165 3808 a
1189 3747 1222 3808 te
1237 3735 1338 3808 tacite
1352 3736 1522 3808 intellecta
1538 3737 1658 3809 fortius
1679 3737 1877 3811 inauribus

465 3859 581 3933 cordis
605 3870 743 3950 sonent,
762 3869 934 3955 quatenus
963 3860 1072 3955 quieti
1102 3869 1161 3932 tua
1189 3881 1231 3931 ac
1261 3859 1352 3932 lame
1377 3869 1492 3931 nostro
1520 3860 1665 3955 provide
1695 3863 1878 3936 consulens

467 3993 653 4078 utrumque
667 3985 713 4057 ab
734 3984 1025 4080 increpationibus
1041 3985 1158 4080 populi
1179 4006 1296 4056 servas
1314 3984 1515 4056 immunem.
1536 3985 1620 4058 Cum
1637 3987 1730 4058 enim
1747 3997 1879 4060 montes

468 4129 589 4204 pacem
605 4109 833 4203 susceperint,
853 4131 916 4180 cur
935 4131 1105 4204 pauperes
1126 4109 1244 4204 populi
1261 4109 1390 4181 debant
1404 4129 1481 4181 esse
1496 4109 1591 4203 pacis
1609 4119 1769 4204 expertes
1783 4120 1822 4182 ut
1842 4111 1878 4182 iu

469 4253 555 4328 pace
577 4231 772 4306 amaritudo
794 4231 1007 4305 amarissima
1031 4233 1075 4304 sit
1094 4232 1236 4304 eorum?
1254 4232 1325 4303 Aut
1350 4233 1429 4325 quis
1451 4241 1565 4326 posset
1588 4232 1750 4306 indurato
1776 4235 1880 4308 corde

470 4358 622 4429 ululatus
637 4377 725 4452 quos
742 4356 1001 4451 quodammodo
1014 4355 1238 4451 providemus
1258 4364 1306 4428 tot
1318 4355 1474 4428 flentium
1490 4357 1678 4430 obaudire?
1694 4369 1760 4431 etc.

519 4481 645 4553 Datum
659 4481 775 4571 lleatc,
798 4481 843 4552 lll
857 4501 966 4554 nouas
977 4480 1069 4573 julii,
1086 4461 1304 4576 pontificatus
1320 4481 1425 4556 nostri
1443 4503 1535 4555 auno
1549 4483 1591 4555 V.

572 4843 625 4904 llI.
