4602 6084
311 619 407 680 lucrer.
427 618 489 696 la]
765 609 960 674 lllS'lolllll
983 600 1274 670 nrrtounrrctt.

366 1204 593 1309 Fridericus‚
609 1203 871 1286 Romanorum
884 1201 1103 1308 imperator,
1120 1202 1169 1282 ad
1188 1199 1499 1309 supplicationem
1513 1197 1720 1284 Bnrtholo-
1771 1209 1901 1318 ml·

316 1339 390 1421 mei
413 1334 577 1445 episcopi
596 1333 741 1417 Teatini
769 1331 969 1415 confirmat
996 1341 1034 1414 et
1065 1331 1266 1414 inserendo
1297 1341 1453 1413 renovat
1478 1331 1718 1442 privilegium

315 1471 438 1554 eidem
460 1467 637 1552 boeleio
660 1466 825 1548 Tentinae
858 1464 907 1546 ab
931 1465 1092 1546 Henrico
1124 1464 1349 1572 imperatore
1380 1473 1488 1572 patre
1516 1489 1586 1548 suo
1618 1489 1719 1547 anno

320 1605 422 1686 1195
440 1603 565 1711 primo
583 1600 674 1682 maii
699 1599 906 1682 indultum.

399 1815 536 1894 (Edtdar.
556 1813 714 1891 lienam,
733 1809 803 1874 reat.
823 1828 924 1887 ccmo,
943 1817 1015 1872 tom.
1036 1811 1097 1884 VI,
1122 1827 1153 1888 p.
1174 1819 1321 1872 stc-no.
1342 1841 1381 1856 -
1404 1812 1553 1886 Remus,
1571 1807 1678 1872 Colla.
1692 1807 1724 1871 dr·

438 1917 559 2001 dapum·
570 1916 647 1980 della
663 1915 735 1980 cr'ttd
747 1916 780 1978 dt
794 1919 903 1994 ctiori,
921 1924 994 1980 torn.
1009 1919 1039 1992 l,
1055 1936 1087 1997 p.
1104 1926 1159 1992 to,
1175 1926 1210 1978 η·
1222 1914 1290 1995 Vl.)

368 2104 571 2195 reconem,
591 2103 654 2176 Dei
672 2103 783 2198 gratia
801 2103 1033 2174 Romanorum
1051 2101 1246 2196 imperator,
1267 2122 1403 2197 semper
1419 2109 1604 2194 augustus,
1629 2101 1726 2174 Jeru-

321 2229 427 2302 salem
444 2237 479 2300 at
496 2226 611 2299 Sicilie
633 2247 709 2298 rex.
736 2228 826 2298 lnter
848 2234 960 2298 cetera
979 2247 1049 2320 qne
1069 2225 1189 2298 divine
1206 2224 1343 2319 pietatis
1360 2223 1488 2296 intuitu
1507 2227 1730 2298 conternntur

322 2352 410 2424 illud
432 2349 605 2424 credimus
628 2349 772 2422 creatori
794 2349 949 2420 omnium
975 2357 1111 2442 gratum
1131 2357 1167 2420 et
1190 2347 1436 2443 acceptabilius
1458 2349 1608 2421 residere
1632 2349 1728 2443 quod

322 2473 482 2548 Ecclesiis
495 2475 559 2547 Dei
577 2482 611 2546 at
627 2473 711 2546 locis
726 2471 896 2566 religiosis
910 2473 967 2566 pia
985 2472 1188 2544 liberalitate
1206 2471 1365 2564 donatur,
1389 2474 1567 2567 presertim
1588 2495 1667 2546 cum
1691 2473 1728 2546 in

323 2595 567 2671 confirmandis
585 2595 763 2670 beneficiis
787 2604 822 2668 ct
846 2595 1034 2688 largiendis
1061 2597 1135 2668 laus
1158 2595 1325 2690 imperiali
1352 2586 1520 2689 dignitate
1542 2607 1726 2671 accrescat.

324 2722 408 2796 lnde
425 2719 591 2815 estquod
613 2720 785 2792 uniuersis
806 2717 969 2791 fidelibus
991 2719 1116 2791 nostris
1137 2727 1255 2790 notum
1276 2741 1352 2792 esse
1375 2721 1536 2798 volumus
1558 2729 1628 2794 tam
1651 2743 1729 2818 pre-

325 2845 479 2918 sentibus
502 2865 608 2938 quam
634 2843 759 2916 tuturis
780 2843 929 2936 qualiter
945 2843 1203 2915 Bartholomeus
1226 2843 1433 2915 venerabilis
1453 2844 1730 2940 episcopusTea·

326 2971 430 3062 tinus,
443 2969 555 3042 tidelis
571 2977 698 3057 noster,
714 2969 759 3042 ad
774 2968 981 3063 presentiam
997 2975 1148 3040 nostram
1164 2968 1332 3040 accedens
1345 2967 1494 3040 ostendit
1503 2969 1602 3041 nobis
1613 2968 1732 3062 quod·

327 3094 406 3166 dam
429 3091 650 3188 privilegium
678 3113 749 3163 nno
775 3090 888 3183 sigillo
915 3090 1088 3161 munitum
1115 3113 1135 3163 a
1160 3091 1301 3164 domino
1325 3089 1501 3184 quondam
1528 3090 1731 3187 imperatore

325 3215 471 3288 ilenrico
485 3224 581 3310 patro
594 3223 711 3286 nostro
724 3213 808 3287 divo
822 3222 969 3308 angusto
982 3213 1109 3310 inclyte
1123 3213 1368 3287 recordationis
1385 3213 1498 3286 eidem
1520 3215 1731 3310 episcopatui

326 3337 466 3410 Teatino
479 3338 537 3432 pie
551 3336 743 3428 indultum,
761 3338 960 3433 supplicans
974 3337 1177 3410 excellentie
1190 3347 1305 3410 nostre
1318 3337 1493 3410 humiliter
1506 3349 1541 3411 et
1555 3339 1680 3414 devote
1694 3349 1734 3413 ut

327 3459 547 3555 privilegium
570 3461 686 3557 ipsum
709 3469 744 3533 et
766 3483 808 3534 ea
827 3483 897 3555 que
913 3461 1132 3533 continentur
1150 3461 1187 3532 in
1206 3461 1283 3557 ipso
1305 3461 1470 3535 innovare
1490 3463 1678 3540 concedere
1699 3473 1734 3537 ct

329 3583 531 3682 confirmare
544 3584 612 3656 sibi
629 3585 674 3657 dc
689 3594 804 3658 nostra
819 3585 928 3679 gratia
941 3585 1177 3680 dignaremur,
1197 3587 1297 3679 cujus
1311 3595 1408 3659 tenor
1423 3587 1500 3659 talis
1517 3598 1590 3660 est:

378 3707 416 3778 ln
439 3707 579 3779 nomine
600 3717 717 3780 sancte
733 3717 768 3780 et
784 3708 967 3782 individue
983 3709 1168 3782 Trinitatis.
1188 3709 1356 3782 llenricus
1380 3720 1517 3802 sextus,
1542 3711 1662 3812 diuina
1685 3715 1735 3785 ta-

331 3839 433 3903 vente
447 3831 628 3904 clementia
636 3833 867 3905 Romanorum
881 3833 1077 3927 imperator,
1091 3855 1227 3928 semper
1237 3842 1419 3928 augustus,
1429 3856 1492 3906 rex
1505 3835 1631 3907 Sicilie.
1646 3836 1737 3908 lnter

332 3961 442 4025 cetera
455 3953 575 4046 quein
590 3964 688 4027 actus
703 3955 779 4051 pios
794 3954 1025 4050 expendimus
1042 3955 1172 4049 quibus
1186 3956 1297 4050 magis
1309 3958 1419 4028 Deum
1435 3957 1622 4052 propitium
1637 3958 1737 4031 nobis

331 4075 511 4150 reddimus
524 4088 560 4150 et
577 4079 717 4173 speciali
734 4078 917 4152 devotione
931 4081 1125 4174 placamus,
1146 4080 1212 4152 boc
1228 4081 1339 4152 solum
1359 4081 1564 4153 arbitramur
1583 4101 1658 4154 esse
1674 4104 1736 4178 po

331 4199 501 4272 tissimum
520 4210 555 4274 et
576 4202 643 4274 boc
663 4204 780 4298 potius
803 4204 927 4276 nostris
950 4203 1165 4298 applicamus
1186 4203 1391 4277 utilitatibus
1414 4227 1494 4276 cnm
1516 4205 1677 4278 Ecclesiis
1704 4215 1739 4279 at

333 4322 417 4394 locis
434 4325 692 4397 venerabilibus
708 4325 980 4399 consideratione
997 4325 1054 4420 pia
1074 4325 1294 4398 conterimus.
1317 4326 1401 4400 lnde
1419 4327 1584 4421 estquod
1602 4348 1665 4400 nos
1683 4329 1737 4400 in·

333 4447 423 4518 tuitn
440 4448 533 4542 regis
550 4470 671 4542 regum
685 4457 720 4522 et
733 4449 896 4522 creatoris
915 4449 1088 4537 omnium,
1108 4451 1167 4522 cui
1183 4449 1288 4524 totins
1306 4459 1419 4524 nostre
1439 4449 1608 4524 felicitatis
1628 4451 1738 4524 incre·

334 4578 449 4643 menta
478 4571 664 4663 debemus,
695 4573 741 4645 ob
768 4571 1004 4646 remissionem
1032 4571 1225 4645 animarum
1266 4583 1446 4670 parentum
1479 4583 1672 4648 nostmrum
1698 4598 1739 4648 nc

336 4693 635 4788 longevamnostri
646 4697 939 4770 conservationem
953 4696 1099 4792 imperii,
1116 4719 1249 4770 necnon
1261 4720 1306 4770 ex
1319 4698 1523 4772 exuberanti
1535 4707 1650 4772 nostre
1663 4723 1739 4772 mu-

436 4817 492 4878 111.
1562 4829 1579 4882 ⁸
