4702 6110
1106 621 1276 687 nnunrcr
1302 627 1472 694 surrrnr
1806 632 1884 718 [aaa.
1906 635 1989 697 rasr.

820 905 861 914 n·-
878 905 904 913 -.
936 907 942 912 -
954 907 1053 916 .-----
1070 909 1100 916 -ιι-

400 1225 558 1308 ·t·‚eu·.·
636 1188 820 1274 Henrieus
842 1190 1102 1276 Romanorum
1117 1219 1184 1278 rex
1201 1195 1464 1306 llalisponensi
1490 1199 1667 1310 episcopo
1693 1201 1861 1284 declarat
1887 1203 1992 1313 quod

583 1323 812 1408 monasterio
826 1323 1096 1409 Waltsassansi
1118 1327 1339 1438 parochiam
1357 1329 1557 1416 Bundrebe
1571 1331 1813 1446 (Wundueb)
1832 1335 1873 1416 iu
1889 1335 1992 1420 dioe-

582 1458 658 1542 cesi
672 1456 754 1568 ajus
767 1459 1012 1544 constitutam
1030 1460 1190 1544 contulit
1207 1471 1244 1545 at
1258 1462 1298 1546 id
1317 1463 1516 1576 privilep'o
1530 1465 1735 1550 roboravit.

665 1699 756 1778 (sart.
771 1702 804 1762 ln
819 1700 951 1762 Meum.
968 1699 1063 1776 eoa,
1077 1708 1151 1764 tom.
1170 1703 1289 1784 XXXI,
1303 1721 1373 1783 pars
1391 1713 1432 1780 ¹¹,
1450 1723 1483 1784 p.
1499 1714 1570 1781 sle,
1583 1723 1601 1768 a
1616 1705 1691 1770 llbro
1704 1707 1810 1786 auplnll
1822 1709 1990 1788 mthnlan)

631 1917 812 1993 Heinricns
830 1917 893 1990 Dei
911 1917 1022 2008 gratia
1035 1917 1265 1990 Romanorum
1279 1939 1342 1990 rex
1362 1927 1397 1992 et
1411 1940 1547 2014 semper
1558 1929 1741 2016 augustus,
1758 1921 1884 1998 dilecto
1896 1925 1991 2020 prin·

582 2043 651 2142 cipi
668 2064 732 2116 suo
745 2041 937 2116 venerabili
955 2041 1118 2138 episcopo
1131 2041 1370 2140 Ratisponensi
1387 2044 1532 2138 gratiam
1552 2066 1652 2117 auam
1671 2055 1706 2118 et
1722 2067 1825 2120 omne
1843 2045 1986 2120 bonum.

581 2169 668 2242 Cum
688 2175 802 2240 nostre
820 2165 1007 2260 majestatis
1024 2166 1210 2241 eminentie
1226 2166 1353 2242 doeens
1369 2177 1405 2240 et
1425 2190 1618 2264 congruum
1637 2169 1682 2242 sit
1704 2191 1746 2244 aa
1768 2193 1837 2266 qua
1859 2172 1927 2245 sub
1946 2173 1991 2246 ti·

581 2295 654 2366 tulo
670 2291 878 2366 eleemosina
894 2293 967 2365 Deo
982 2291 1106 2366 dicatis
1127 2293 1336 2366 contulimus
1351 2292 1399 2367 ad
1416 2294 1606 2390 perlectum
1623 2293 1788 2383 stabilire,
1808 2304 1903 2369 tuam
1920 2296 1992 2371 dis·

580 2417 766 2492 cretionem
793 2439 865 2490 una
888 2439 969 2491 cum
991 2417 1155 2490 omnibus
1181 2417 1344 2513 paginam
1370 2417 1576 2514 inspecturis
1598 2419 1687 2492 seire
1709 2421 1871 2493 volumus
1895 2419 1990 2514 quod

580 2563 644 2616 nos
660 2541 769 2636 regali
784 2540 829 2615 de
842 2539 1078 2614 munificentia
1093 2540 1308 2636 panochiam
1327 2541 1363 2614 in
1380 2541 1565 2618 Bnndrede
1586 2541 1653 2616 sub
1677 2541 1808 2618 diocesi
1829 2553 1889 2618 tua
1910 2565 1991 2618 oon-

580 2668 734 2742 stitutam
746 2666 854 2740 libera
869 2675 905 2740 et
920 2666 1075 2740 absoluta
1092 2666 1235 2740 ecclesie
1247 2667 1487 2740 Waltsassansi
1499 2689 1562 2762 pru
1576 2667 1729 2742 remedio
1746 2668 1862 2741 anima
1875 2677 1991 2742 nostra

581 2801 615 2867 et
633 2801 827 2865 nostrorum
840 2790 1099 2888 progenitorum
1119 2789 1340 2883 contulimus,
1358 2789 1533 2864 firmantes
1548 2791 1587 2866 id
1604 2791 1788 2888 privilegio
1800 2813 1861 2888 per
1880 2792 1991 2888 impu·

580 2915 739 2990 sirionem
766 2915 872 3008 sigilli
901 2913 1009 2987 nostri
1033 2935 1112 2986 cum
1139 2913 1285 2986 testibus
1312 2913 1533 3010 solempniter
1558 2915 1731 2988 roborato.
1758 2915 1988 3000 Quamobrem

579 3062 743 3140 processu
762 3038 924 3134 temporis
944 3039 995 3132 si,
1020 3036 1202 3134 parrochia
1225 3038 1299 3133 ipsa
1326 3047 1461 3134 pastore
1484 3039 1625 3132 orbata,
1651 3040 1812 3136 petitores
1838 3049 1989 3113 nostram

581 3164 798 3240 clementiam
818 3171 857 3234 ut
874 3162 979 3236 moris
1001 3174 1054 3235 est
1073 3161 1256 3255 adeuntes,
1282 3163 1408 3258 aliquis
1432 3185 1552 3236 eorum
1573 3185 1636 3260 par
1655 3185 1718 3236 nos
1735 3164 1860 3260 prioris
1881 3165 1989 3238 douo·

581 3289 685 3365 tionis
699 3287 752 3386 (l)
767 3288 891 3362 oblitos
910 3288 1000 3360 bane
1018 3287 1218 3379 obtinuerit,
1236 3298 1351 3361 nostre
1374 3311 1499 3361 manus
1520 3289 1726 3386 porrectioni
1742 3311 1780 3362 se
1803 3289 1840 3360 in
1857 3311 1988 3362 vanum

580 3415 666 3492 sciat
685 3413 862 3486 inclinare.
889 3413 1025 3510 Quippe
1046 3435 1125 3485 oum
1151 3413 1299 3485 nolimus
1325 3435 1389 3486 nec
1410 3415 1462 3486 fas
1483 3413 1528 3486 sit
1548 3413 1654 3510 priori
1678 3421 1879 3487 testamento
1900 3435 1990 3510 pos-

581 3552 690 3614 trema
709 3537 851 3634 preferri
871 3535 1016 3628 debera,
1041 3538 1210 3610 actionem
1228 3558 1311 3610 vero
1328 3537 1434 3630 hujus
1455 3537 1505 3610 rei
1527 3559 1669 3633 presens
1689 3537 1855 3632 scriptum
1876 3537 1988 3631 sigillo

583 3673 699 3738 nostro
716 3663 888 3734 munitum
905 3669 1072 3758 perpetuo
1092 3660 1128 3731 in
1146 3669 1302 3756 posterus
1322 3659 1546 3735 demandabit
1564 3661 1764 3734 memoriali.

630 3787 716 3860 Acta
733 3799 815 3858 sunt
840 3785 905 3858 hec
924 3805 1015 3858 anno
1038 3784 1176 3856 Domini
1191 3785 1236 3857 ll.
1255 3784 1318 3856 CC.
1335 3785 1468 3875 XXXl,
1490 3785 1535 3856 lll
1559 3805 1668 3858 nonas
1683 3783 1814 3880 aprilis,
1840 3805 1988 3879 presen-

582 3913 673 3986 tibus
685 3911 849 4006 magistro
867 3907 1050 3982 bertholdo
1067 3907 1112 3981 de
1125 3908 1344 4002 Tannenrod,
1362 3908 1516 4004 dapifero
1533 3907 1732 3982 Eberhardo
1746 3907 1791 3981 da
1808 3907 1985 4004 Walpuro,

582 4038 745 4134 pincerna
765 4033 925 4108 Cunrado
946 4033 991 4106 da
1012 4033 1283 4126 Winterstetten,
1313 4032 1473 4106 Cunrado
1494 4034 1658 4131 pincerna
1679 4029 1725 4107 de
1748 4031 1984 4124 Clingenberc,

579 4159 774 4257 Hiltepoldo
787 4169 821 4233 ot
832 4158 987 4254 Lupoldo
999 4157 1044 4230 de
1057 4157 1218 4231 Grindela
1231 4167 1265 4230 et
1278 4157 1354 4230 aliis
1369 4157 1496 4230 multis.

619 4525 653 4600 (l)
671 4524 734 4585 vid.
749 4539 831 4599 supra
849 4522 1020 4580 donationem
1037 4519 1105 4593 juria
1123 4526 1279 4594 patronatus
1293 4519 1338 4577 bie
1350 4525 1540 4589 memoratam,
1555 4517 1652 4576 laeam
1667 4515 1739 4592 npnrl
1755 4513 1933 4620 llarbipolim',
1952 4517 1986 4569 ⁴5

580 4623 669 4684 martii
681 4623 760 4682 ⁴227.
