4702 6110
566 625 627 687 ste
1088 627 1259 690 ιιιιιιιιιιι
1284 625 1451 688 susurru
1789 629 1868 710 [ιιι.
1888 631 1973 693 rear.

568 763 606 833 in
628 781 737 856 ragno
758 769 874 834 nostro
888 763 1111 836 coustitutum
1130 763 1408 856 communiones,
1433 761 1709 856 constitutiones,
1736 765 1976 860 coliigacicues

568 908 630 960 scu
663 887 921 980 conjuncciones
946 887 1082 984 aliquas
1102 889 1383 984 quibuscumque
1407 889 1607 962 nominibus
1629 889 1845 983 appellentur
1865 891 1977 964 tacere

568 1018 709 1106 possent
734 1011 791 1084 vel
814 1009 986 1086 ordinare.
1012 1015 1123 1108 Super
1148 1031 1219 1107 quo
1242 1011 1415 1108 principes
1444 1021 1577 1086 nostrus
1604 1019 1640 1084 et
1664 1023 1800 1086 ceteros
1818 1033 1978 1108 proceres

568 1133 657 1208 sacri
675 1135 798 1230 palacii
815 1135 1027 1228 monuimus,
1040 1145 1227 1231 tamquam
1252 1135 1314 1230 qni
1336 1135 1510 1208 universis
1529 1157 1651 1208 snmus
1674 1135 1862 1230 injusticia
1879 1137 1978 1212 debi-

569 1269 672 1334 tcres.
693 1259 763 1356 lpsi
780 1260 887 1356 igitur
910 1259 1157 1334 sententialiter
1173 1257 1435 1356 pronunciando
1455 1259 1671 1333 diffinierunt
1692 1261 1788 1356 quod
1811 1258 1907 1334 uuila
1929 1263 1979 1334 ci·

556 1381 673 1470 'vitae
690 1382 825 1454 nullum
838 1380 1021 1476 oppidum,
1039 1381 1316 1474 communiones,
1331 1381 1604 1472 constitutiones,
1615 1382 1876 1474 ’rolligaoiouee
1895 1403 1979 1456 con·

567 1505 797 1580 federatiouce
829 1507 885 1580 vel
917 1506 1170 1598 conjurationes
1199 1506 1335 1600 aliquas
1361 1525 1583 1600 quocumque
1605 1506 1744 1579 nomine
1775 1516 1979 1580 oeusmutnr

567 1633 680 1705 iacere
693 1638 849 1726 possent,
868 1649 929 1704 eas
942 1630 1081 1726 penitus
1099 1630 1350 1724 abjudicantes,
1369 1637 1405 1702 et
1416 1628 1513 1724 quod
1530 1647 1594 1702 uos
1612 1629 1688 1702 sine
1705 1630 1837 1707 nomint
1854 1630 1910 1704 sui
1923 1651 1978 1704 as·

568 1777 672 1828 sensu
704 1755 902 1828 civitatibus
929 1776 991 1828 seu
1019 1753 1159 1850 oppidis
1186 1755 1221 1826 in
1246 1775 1353 1850 regno
1380 1762 1496 1826 nostro
1523 1753 1717 1828 constitutis
1743 1755 1978 1828 aucontuem

568 1877 718 1952 faciendi
738 1879 1013 1971 communiones,
1034 1879 1312 1970 miseracione,
1333 1879 1587 1972 colligacioues,
1607 1879 1907 1954 coulederaciones
1921 1880 1977 1952 vel

567 2004 828 2098 conjuncciones
853 2003 1007 2098 aliquas,
1028 2025 1247 2098 quecumque
1268 2004 1409 2076 nomina
1432 2003 1652 2100 imponantur
1669 2003 1812 2096 eisdem,
1833 2025 1899 2076 uec
1917 2025 1978 2098 pos

567 2137 719 2201 teramus
740 2149 804 2200 uec
818 2127 1032 2202 debebamus
1050 2127 1237 2224 impertiri,
1255 2137 1289 2201 et
1305 2127 1401 2222 quod
1418 2127 1558 2201 domino
1572 2125 1623 2224 (a)
1636 2127 1814 2200 ciuitatum
1830 2135 1866 2200 et
1880 2125 1980 2222 oppi-

567 2251 692 2326 dorum
708 2251 784 2324 siue
801 2259 916 2324 nostre
930 2252 1118 2344 majestatis
1135 2274 1278 2326 assensu
1292 2251 1416 2326 similia
1431 2251 1467 2324 iu
1481 2251 1555 2325 suis
1568 2251 1768 2324 civitatibus
1781 2253 1894 2324 lacera
1909 2269 1978 2323 nou

566 2377 700 2451 licebat
723 2379 820 2450 Hanc
842 2384 961 2450 autem
984 2385 1099 2450 uostrc
1123 2377 1309 2471 majestatie
1332 2377 1537 2450 sententiam
1559 2386 1762 2472 perpetuam
1785 2373 1978 2448 firmitatem

567 2499 696 2573 babere
715 2499 883 2591 volentes,
908 2499 1019 2596 ipsam
1039 2499 1164 2572 dilecto
1183 2499 1330 2596 principi
1346 2507 1462 2572 nostro
1479 2501 1515 2572 S.
1534 2507 1651 2572 sancte
1664 2498 1866 2594 Magantiue
1886 2497 1979 2572 sedis

564 2623 757 2698 venerabili
774 2623 1032 2720 archiepiscopo
1048 2633 1164 2696 nostru
1186 2623 1299 2718 sigillo
1317 2623 1462 2696 lecimus
1479 2621 1683 2696 communiri
1702 2621 1763 2718 (b).

613 2749 730 2820 Testes
747 2755 830 2820 suut
845 2747 896 2820 bii
910 2747 1143 2821 Theodericus
1157 2745 1389 2840 Trevemuuis,
1413 2747 1594 2820 Heinricus
1616 2743 1827 2819 Coloniensis
1847 2743 1980 2818 archie-

564 2873 711 2968 piscopi,
728 2871 907 2946 Corradus
920 2873 1029 2946 abbas
1042 2872 1157 2944 Sancti
1172 2869 1273 2964 Galli,
1288 2871 1366 2945 Otto
1378 2893 1492 2944 comes
1504 2871 1677 2967 palatinus
1687 2869 1809 2958 Rheni,
1821 2869 1978 2944 Matbeus

565 2997 641 3072 dux
655 2996 886 3091 lotharingie,
906 2997 1089 3070 Heinricus
1103 2997 1177 3070 dux
1201 2995 1246 3070 de
1265 2997 1443 3090 Limburg,
1461 2995 1641 3070 Heinricus
1657 3015 1771 3069 comes
1788 2993 1974 3085 Seiuensis,

565 3121 738 3194 Lutberus
755 3141 869 3194 comes
886 3118 931 3193 de
948 3121 1051 3210 llara,
1067 3121 1299 3194 Walrammus
1316 3119 1363 3192 de
1379 3121 1556 3216 Limpurg,
1574 3117 1737 3194 Gerlacus
1749 3119 1794 3193 de
1806 3119 1976 3214 Butiugen

566 3245 675 3317 etalii
693 3244 917 3339 quamplures
933 3242 990 3342 (c).

614 3367 701 3439 Data
724 3367 820 3462 apud
842 3367 1093 3455 Wormaciam,
1115 3387 1207 3440 auno
1226 3365 1363 3440 Domini
1383 3365 1599 3441 mcaxxx
1619 3365 1747 3462 primo,
1764 3364 1900 3439 decimo
1919 3364 1981 3438 lta·

567 3488 690 3564 leudas
703 3489 881 3583 februarii,
900 3489 1087 3564 indictione
1104 3499 1238 3586 quarta

785 3847 1578 3866 mam-..m
1585 3837 1749 3858 ...a-...d-

374 4199 523 4298 want
623 4173 806 4258 Heuricus
833 4169 1094 4255 Romanorum
1121 4195 1187 4251 rex
1210 4177 1336 4250 ratum
1358 4165 1474 4252 habet
1497 4167 1603 4278 quod
1626 4165 1832 4251 Embricho
1852 4191 1979 4251 comes

384 4307 427 4364 ²³³
430 4309 522 4353 ’Μ
569 4307 691 4394 Rheni
706 4329 837 4390 coram
856 4329 897 4386 se
916 4301 1022 4386 omni
1039 4300 1210 4410 petitioni
1232 4299 1504 4384 renuntiaverit
1524 4309 1655 4386 comba
1673 4299 1878 4384 Hearioum
1903 4325 1977 4383 cc-

611 4521 650 4604 (a)
671 4521 752 4583 llllas
764 4515 888 4580 bnon
901 4523 932 4579 et
942 4533 1031 4596 supra
1043 4513 1235 4577 domincum

611 4629 651 4711 (b)
673 4629 755 4692 Atlas
766 4624 909 4688 roborari.

608 4737 642 4819 (c)
664 4735 793 4802 Additur
810 4734 891 4814 apud
907 4733 1084 4796 Gudenum:
1100 4731 1151 4812 pai
1163 4735 1260 4792 nostre
1272 4725 1411 4816 retemptat
1422 4729 1501 4790 me
1512 4725 1715 4809 intersunt-ml.
