4658 6132
607 585 667 646 154
1103 588 1316 650 Fulunulcl
1341 589 1512 652 succum
1825 586 1903 672 [Are
1921 587 2007 652 lm.

607 717 697 792 entia
713 717 882 815 impedire
903 721 961 794 vel
983 722 1162 796 molestare
1182 733 1369 820 presumat.
1393 722 1495 810 Quod
1512 722 1573 818 qui
1590 721 1836 818 presumpserit
1859 733 2009 796 nostrum

606 841 757 916 offendet
779 845 1002 938 majestatem.
1030 845 1087 919 Ad
1102 846 1208 939 hujus
1228 857 1342 920 antem
1369 845 1598 920 concmsionis
1619 853 1733 918 nostre
1755 847 1954 918 menoriam
1976 853 2010 918 et

605 965 764 1040 stabilem
781 965 976 1042 firmitatem
992 991 1136 1066 presens
1156 970 1321 1066 scriptum
1336 969 1411 1044 lieri
1424 977 1459 1043 et
1475 969 1586 1065 sigillo
1602 970 1788 1064 majestatis
1809 978 1924 1044 nostre
1935 969 2009 1063 jus·

490 1113 492 1118 ·
604 1089 714 1162 simus
731 1091 948 1164 communiri.

652 1215 888 1308 Hujusautem
897 1213 1954 1310 reilestessontllenricusdeNiden,comesdellonteSenctc(
1978 1215 2005 1310 ),

604 1337 895 1410 comesBerardus
905 1337 950 1411 de
958 1339 1168 1434 Hellestepn,
1179 1335 1340 1411 Albertus
1352 1336 1397 1410 de
1406 1337 1732 1430 Nitlen‚Eberardus
1742 1335 1787 1410 de
1795 1335 2004 1433 lcheymffi),

602 1461 804 1555 langravius
828 1459 873 1534 de
897 1461 1125 1556 Luclrimberg
1152 1461 1222 1558 (3),
1249 1459 1428 1536 Gebardus
1453 1460 1498 1534 de
1519 1459 1711 1558 Arelape,
1733 1460 1942 1554 burgravius
1963 1460 2007 1533 de

601 1583 739 1676 Dewin,
759 1583 980 1656 Marcuoldus
995 1583 1040 1657 de
1056 1583 1189 1657 Wildre
1202 1593 1236 1656 et
1251 1583 1308 1657 alii
1323 1585 1571 1681 quamplures.

649 1709 736 1780 Data
755 1708 886 1800 Baroli,
906 1729 997 1782 anno
1016 1706 1188 1781 dominice
1205 1707 1449 1781 incarnationis
1464 1706 1646 1782 millesimo
1666 1705 1901 1782 ducentesimo
1918 1705 2006 1780 vice·

601 1829 690 1903 simo
702 1851 807 1923 nono,
827 1852 945 1904 mense
954 1831 1046 1924 julii,
1064 1829 1218 1906 secunde
1235 1829 1444 1906 indictionis.

523 2429 529 2450 .
654 2367 882 2475 fridericus,
898 2369 1157 2454 Romanorum
1166 2371 1385 2482 imperator,
1401 2373 1538 2456 domus
1551 2372 1749 2482 hospitalis
1762 2383 1915 2456 sanctae
1927 2372 2004 2460 Ma-

530 2481 537 2496 ’
599 2501 679 2586 rice
695 2501 1014 2586 Theutonicorum
1031 2503 1072 2584 iu
1094 2503 1301 2588 Jerusalem
1318 2505 1555 2588 devotionem
1567 2506 1839 2588 commendans
1856 2507 1892 2588 ei
1909 2531 2004 2590 con-

599 2634 698 2717 cedit
720 2634 932 2717 libertatem
949 2661 1158 2744 aquarum,
1183 2637 1389 2720 herbarum
1415 2648 1453 2720 et
1478 2637 1672 2748 lignorum
1697 2638 1737 2718 in
1759 2663 1879 2748 regno
1901 2637 2002 2721 Sici-

599 2763 693 2871 liee,
725 2775 805 2846 tem
836 2766 876 2846 in
907 2767 1017 2848 terris
1046 2767 1212 2850 demanii
1245 2768 1305 2850 sui
1336 2793 1454 2878 quem
1489 2766 1676 2852 baronum
1710 2793 1892 2874 suorum,
1917 2793 2001 2852 cum

599 2896 779 2980 facultate
809 2897 938 2979 omnia
964 2898 1157 2982 deferendi
1187 2923 1257 3007 pro
1285 2899 1503 2983 defensione
1528 2899 1689 2983 fratrum
1719 2901 1858 2984 domus
1884 2901 2000 3010 ipsius

599 3055 764 3113 necnon
785 3055 914 3113 rerum
931 3039 969 3113 et
990 3055 1253 3140 personarum.

681 3243 801 3343 (lnsdlt.
818 3261 869 3322 up.
883 3244 996 3308 erehlr.
1008 3244 1084 3322 neg.
1098 3244 1257 3322 Neapollt„
1273 3261 1312 3306 ex
1325 3245 1461 3324 originali
1474 3245 1555 3324 quod
1568 3261 1629 3308 non
1641 3245 1847 3324 inspeximus.)

644 3431 851 3524 Friderions,
866 3431 987 3505 divina
997 3433 1135 3504 favente
1147 3431 1327 3506 clementia
1337 3433 1567 3506 Romanorum
1584 3433 1780 3528 imperator,
1795 3451 1929 3525 semper
1940 3450 2000 3502 au·

598 3564 732 3651 gustus,
748 3557 936 3628 Jerusalem
950 3563 984 3627 et
997 3555 1111 3628 Sicilie
1128 3576 1204 3628 rex.
1222 3553 1412 3650 lmperialis
1424 3555 1626 3628 excellentie
1640 3553 1791 3648 dignitas
1803 3563 1886 3626 tunc
1900 3551 2000 3624 altius

595 3678 712 3750 titulos
729 3698 792 3749 sue
812 3677 927 3751 laudis
949 3678 1079 3750 exaltat
1092 3688 1127 3750 et
1150 3678 1186 3748 in
1204 3676 1274 3751 tide
1294 3687 1425 3750 mentes
1445 3677 1641 3750 corroboret
1657 3675 1829 3766 fidelium,
1846 3697 1927 3746 cum
1944 3675 1999 3745 be·

596 3800 772 3874 nemeritis
797 3799 1037 3874 ecclesiasticis
1067 3801 1224 3896 personis
1253 3801 1418 3897 precipue
1440 3799 1607 3873 beneficia
1630 3800 1813 3873 liberaliter
1839 3797 1995 3892 largitur,

594 3923 747 3996 maxime
760 3944 840 3994 cum
852 3945 914 4018 per
923 3923 988 3996 heo
998 3921 1139 3996 videtur
1148 3922 1243 4017 quod
1255 3945 1319 4020 pro
1333 3923 1476 3995 tenenis
1489 3931 1607 3996 eterna
1622 3922 1768 4017 provida
1780 3919 1999 3993 meditatione

592 4054 775 4120 mereatur.
795 4045 843 4119 lla
859 4055 998 4142 pmpter
1015 4055 1134 4118 notum
1150 4046 1296 4120 iacimus
1313 4045 1483 4118 universis
1501 4053 1573 4118 tem
1590 4046 1805 4140 presentibus
1821 4065 1927 4138 quam
1945 4043 1998 4114 lu·

592 4169 679 4243 turis
701 4170 798 4265 quod
820 4191 884 4243 nce
906 4169 1131 4244 meditatione
1152 4169 1307 4266 piissimo
1331 4167 1545 4244 attendentes
1567 4169 1714 4262 qualiter
1734 4176 1852 4242 munta
1874 4167 1998 4242 domus

629 4474 666 4548 (ι)
686 4472 793 4532 seruet
805 4450 1002 4547 nenegasse,
1018 4473 1046 4530 n
1058 4473 1174 4532 croces
1187 4473 1365 4532 monne.

626 4568 663 4642 (2)
682 4569 757 4628 ldem
766 4569 877 4628 tortese
886 4571 932 4643 qui
941 4585 1021 4644 supra
1029 4575 1140 4628 vocatur
1152 4569 1187 4628 de
1199 4568 1363 4628 Illeroichen.
1374 4566 1406 4641 (V
1407 4567 1443 4624 id.
1458 4583 1487 4641 p.
1499 4569 1544 4640 78,
1554 4572 1610 4628 not.
1622 4566 1658 4637 t.)

626 4669 664 4742 (³)
680 4665 909 4728 verisimilitudo
922 4665 1133 4740 Leuchtenberp.
