4602 6084
584 629 625 692 st
686 687 689 692 ,
1084 627 1295 692 carnanter
1319 631 1491 696 sncuvnr
1806 643 1885 722 [sar.
1903 645 1991 710 raas.

585 766 696 840 tenuit
708 765 766 838 vel
778 761 966 835 transmisit
981 783 1047 836 nec
1059 765 1243 858 pecuniam
1261 790 1367 862 quam
1382 773 1585 867 promiserat
1595 773 1798 868 destinavit,
1819 787 1893 852 tum
1910 783 1993 876 quia

585 888 820 962 venerabilem
841 887 978 960 fratrem
999 896 1153 959 nostrum
1170 891 1392 966 Tarentinum
1405 895 1702 992 archiepiscopum
1715 897 1892 974 adsedem
1912 925 1994 999 pro-

585 1013 697 1110 priam
714 1009 879 1084 assedere
894 1031 964 1084 non
983 1011 1182 1104 permittens
1197 1035 1278 1087 eum
1296 1019 1464 1114 populum
1481 1041 1584 1092 suum
1604 1041 1674 1092 nun
1694 1022 1823 1116 patitur
1836 1025 1990 1118 visitare,

585 1147 659 1210 tum
670 1138 773 1210 etiam
789 1135 872 1230 quia
888 1135 1139 1230 Templarioset
1149 1139 1395 1234 Hospitalurios
1407 1143 1507 1216 bonis
1518 1143 1704 1217 mobilibus
1716 1155 1750 1218 et
1759 1146 1994 1224 immobilibus

584 1285 655 1357 que
677 1262 852 1334 habebant
868 1259 905 1331 iu
923 1280 1031 1353 regno
1051 1268 1178 1336 temere
1193 1265 1373 1360 spoliavit,
1399 1275 1435 1340 et
1458 1267 1541 1362 quia
1567 1268 1848 1364 compositionem
1868 1273 1992 1346 lacum

585 1385 674 1460 inter
694 1385 808 1480 ipsum
830 1391 865 1454 et
889 1381 1049 1456 comitem
1065 1383 1287 1461 Celanensem
1304 1397 1339 1461 et
1356 1389 1571 1484 llaynaldnm
1588 1391 1634 1464 de
1646 1389 1792 1485 Aversa,
1813 1415 1876 1489 pro
1893 1397 1993 1488 cujus

585 1508 825 1584 observatione
840 1527 981 1580 romane
1005 1507 1158 1580 Ecclesia
1173 1509 1220 1583 ud
1239 1531 1379 1606 precum
1403 1513 1478 1605 ejus
1498 1514 1696 1587 instantiam
1715 1513 1901 1610 fidejussit,
1922 1540 1993 1590 ser-

585 1655 669 1707 vare
686 1631 889 1722 contemnit,
907 1631 1039 1724 atquin
1055 1631 1410 1730 comitemllogerinrn
1429 1638 1703 1731 crucesignatum
1724 1640 1790 1711 sub
1807 1641 1993 1734 apostolice

585 1757 678 1832 sedis
704 1755 913 1853 protectione
939 1761 1115 1848 reoeptnm
1137 1757 1301 1831 comitatu
1325 1768 1359 1832 et
1384 1759 1460 1833 aliis
1485 1761 1583 1832 terris
1607 1761 1760 1834 indebite
1777 1763 1939 1858 spoliavit
1957 1773 1993 1836 et

587 1879 696 1954 lilium
723 1881 799 1973 ejus
825 1879 861 1950 in
891 1877 1088 1972 captivitate
1117 1879 1292 1954 detentum
1320 1882 1366 1955 ud
1395 1883 1596 1956 mundatum
1621 1885 1846 1980 apostolicum
1876 1887 1993 1982 sepius

588 2005 746 2076 iteratum
777 2001 921 2074 reddere
955 1999 1152 2094 denegavit.
1189 2004 1387 2098 Adjseimus
1417 2027 1557 2102 quoque
1589 2017 1629 2078 ut
1661 2009 1734 2082 loca
1767 2009 1920 2102 quelibet
1945 2009 1991 2082 ad

588 2148 657 2221 que
680 2126 755 2221 ipse
771 2123 966 2218 pervenerit
984 2125 1213 2198 ecclesiastico
1232 2128 1431 2221 subjaceant
1453 2128 1645 2219 interdicto,
1665 2138 1704 2200 ut
1716 2129 1884 2224 quamdiu
1905 2152 1992 2228 pre-

590 2273 670 2324 sens
685 2249 787 2322 luerit
805 2247 934 2320 ibidem
948 2247 1042 2318 nulla
1055 2247 1294 2324 divinuollioia
1309 2253 1542 2344 celebrentur,
1554 2253 1666 2326 officio
1673 2253 1911 2348 beneficioque
1920 2256 1993 2350 pri·

590 2384 711 2448 rantes
719 2391 837 2444 omnes
847 2370 1016 2464 cujusque
1028 2371 1248 2466 professionis
1257 2375 1313 2446 vel
1324 2375 1456 2448 ordinis
1467 2376 1528 2469 qui
1537 2377 1568 2448 ei
1576 2385 1756 2471 postqum
1769 2376 1993 2450 denuntiatus

591 2497 655 2570 luit
675 2493 993 2568 excommunicatus
1014 2513 1035 2564 a
1056 2493 1172 2586 nobis,
1195 2494 1316 2568 divina
1331 2497 1398 2570 sibi
1416 2519 1505 2570 ausu
1526 2499 1704 2571 temerario
1720 2499 1933 2570 celebrarunt
1958 2509 1994 2570 et

590 2631 774 2715 antequam
790 2615 836 2689 ad
847 2615 1049 2688 mandatum
1061 2617 1212 2691 Ecclesia
1227 2618 1397 2693 redeatde
1413 2629 1525 2694 cetero
1536 2622 1769 2695 celebrabunt.
1784 2622 1873 2696 lllud
1888 2623 1992 2695 etiam

590 2767 659 2819 non
676 2742 842 2817 cunnus
862 2739 1090 2814 omittendum
1102 2741 1199 2836 quod
1215 2741 1243 2813 si
1266 2741 1312 2816 de
1327 2751 1439 2817 celero
1456 2767 1494 2818 se
1509 2745 1631 2818 officiis
1645 2744 1775 2818 divinis
1792 2745 1988 2840 ingesserit,

590 2881 708 2943 contra
727 2888 808 2939 eum
834 2873 998 2958 tanquam
1023 2873 1140 2936 contra
1162 2865 1350 2938 hereticum
1380 2875 1415 2938 et
1439 2869 1587 2941 clavium
1614 2869 1764 2941 Ecclesia
1782 2877 1993 2964 contempto·

591 3015 663 3065 rem
672 2989 854 3062 severitate
863 2985 980 3060 debita
993 2987 1232 3082 procedemus,
1252 2997 1286 3060 et
1301 2989 1331 3062 si
1342 2989 1387 3062 ab
1399 2991 1620 3063 ecclesiarum
1636 3000 1670 3063 et
1685 2989 1991 3064 ecclesiasticarum

590 3111 1100 3213 personarumoppressionibus
1111 3133 1180 3184 non
1190 3111 1356 3186 destiterit
1367 3122 1427 3186 aut
1438 3136 1506 3187 non
1516 3115 1993 3187 cessaveritaconculcatione

590 3237 817 3314 ecclesiastice
830 3235 1007 3326 libertatis,
1021 3237 1077 3308 vel
1093 3237 1450 3310 excommunicatione
1469 3247 1661 3333 contemptu
1678 3237 1792 3310 redire
1809 3258 1878 3310 non
1897 3259 1994 3310 cura·

590 3363 678 3436 verit
689 3361 735 3434 ad
744 3357 1115 3450 mandatumEoclesie,
1127 3380 1246 3433 omnes
1254 3361 1315 3455 qui
1323 3361 1442 3434 suntsi
1451 3361 1623 3434 fidelitatis
1630 3362 1826 3452 juramento
1838 3359 1993 3433 adstricti

588 3495 623 3561 et
637 3484 828 3581 specialiter
845 3481 1003 3554 homines
1015 3483 1112 3576 regni
1134 3487 1361 3577 ajuramento
1378 3507 1448 3580 quo
1466 3485 1532 3558 sibi
1550 3467 1710 3558 tenentur
1725 3483 1944 3556 absolvemus
1958 3493 1994 3557 et

589 3608 870 3685 denuntiabimus
885 3605 1075 3694 absolutos;
1086 3607 1169 3700 quia
1175 3610 1277 3699 juxta
1292 3607 1469 3682 decretum
1486 3607 1595 3680 felicis
1605 3607 1852 3679 reeordationis
1863 3607 1992 3678 Urbani

588 3757 679 3832 pape
687 3735 716 3805 11
729 3729 978 3830 predecessoris
996 3730 1121 3822 nostri,
1140 3729 1336 3805 fidelitatem
1349 3755 1454 3828 quam
1471 3731 1627 3804 homiues
1645 3729 1831 3802 christiano
1842 3729 1992 3824 principi

584 3859 790 3954 juraverint,
803 3857 874 3928 Deo
883 3857 1027 3948 ejusque
1040 3855 1166 3926 sanctis
1178 3855 1374 3930 adversanti
1386 3866 1420 3929 et
1431 3878 1550 3928 eorum
1563 3862 1722 3950 precepta
1738 3852 1884 3925 calcanti
1899 3852 1993 3924 nulla

589 3982 788 4056 auctoritate
811 3980 1006 4076 persolvere
1031 3977 1246 4052 cohibentur.
1278 3980 1369 4052 Etsi
1398 4001 1468 4053 non
1492 3977 1678 4052 cessaverit
1704 3977 1749 4048 ab
1773 3975 1993 4070 oppressione

589 4105 810 4202 pupillorum,
831 4103 1061 4199 orphanorum
1081 4113 1115 4174 et
1129 4102 1317 4176 viduarum
1334 4125 1395 4175 seu
1410 4102 1577 4174 nobilium
1598 4110 1634 4172 et
1648 4100 1792 4172 alionum
1815 4097 1992 4170 hominum

589 4229 686 4323 regni
699 4231 754 4300 vel
766 4228 841 4319 ejus
856 4226 1087 4300 destructione
1094 4225 1190 4320 quod
1199 4227 1246 4300 ad
1254 4249 1430 4299 romanam
1438 4225 1624 4297 Ecclesiam
1635 4219 1827 4319 specialiter
1840 4221 1993 4294 noscitur

589 4353 778 4450 pertinere,
796 4371 859 4445 pro
876 4372 945 4444 quo
963 4351 1065 4422 etiam
1081 4349 1380 4446 predecessoribus
1397 4349 1522 4422 nostris
1536 4358 1570 4420 et
1582 4347 1733 4419 Ecclesia
1751 4367 1891 4418 romane
1903 4347 1994 4436 jura·

589 4485 743 4548 mentum
759 4473 931 4546 fidelitatis
947 4473 1107 4546 exhibuit
1116 4483 1150 4545 et
1158 4473 1357 4566 homagium
1369 4473 1526 4568 prestitit,
1543 4471 1664 4544 merito
1675 4469 1798 4565 peterit
1811 4467 1994 4540 formidare

590 4621 628 4672 se
642 4601 721 4692 jure
735 4596 830 4668 leudi
846 4596 1072 4692 privandum
1088 4595 1236 4690 ideoque
1247 4595 1505 4668 universitatem
1515 4603 1664 4668 vestram
1675 4613 1855 4666 monemus
1868 4599 1995 4664 attente

591 4744 653 4819 per
679 4720 863 4818 apostolica
892 4719 992 4792 vobis
1009 4719 1136 4816 scripta
1164 4719 1317 4792 districte
1344 4718 1567 4815 precipiendo
1592 4715 1796 4791 mandantes
1822 4723 1997 4811 quatenus
