4642 6106
531 580 594 644 ala
1033 583 1243 647 ratosntct
1267 583 1441 646 sacuam
1757 582 1834 670 [Anu.
1852 583 1942 645 1230.

535 717 636 790 nobis
655 718 874 813 presentibus
896 729 931 794 et
951 720 1029 794 aliis
1046 721 1164 792 multis
1189 719 1344 814 prelatis,
1373 716 1591 815 principibus
1612 725 1648 790 et
1669 718 1860 792 baronibus
1877 719 1944 790 im·

534 839 621 934 perii
640 849 675 912 et
693 841 792 934 regni
813 841 928 916 Sicilie
945 841 1011 940 (l).
1030 841 1226 938 Siquidem
1244 842 1376 916 eisdem
1392 839 1651 916 venerabilibus
1670 841 1707 914 in
1728 841 1861 916 Christo
1878 865 1945 938 pa-

534 963 646 1035 tribus
661 963 708 1037 ad
722 965 960 1061 recipiendum
976 967 1107 1043 domini
1124 967 1338 1062 imperatoris
1353 969 1589 1061 juramentum
1610 966 1843 1041 residentibus
1859 968 1946 1042 lecte

534 1096 617 1160 aunt
635 1087 670 1158 in
689 1089 829 1182 publico
849 1112 954 1164 cause
972 1099 1112 1187 propter
1132 1113 1221 1186 quas
1237 1091 1415 1187 predictus
1431 1091 1616 1187 imperator
1632 1091 1833 1165 anctoritate
1846 1091 1946 1166 Sedis

534 1213 720 1306 apostolice
730 1215 1097 1288 excommunicationis
1107 1215 1247 1289 vinculo
1257 1216 1437 1290 tenebatur
1449 1215 1620 1308 astrictus,
1636 1215 1725 1288 sicut
1736 1225 1790 1287 est
1803 1215 1946 1288 interius

533 1343 746 1408 annotatum.
784 1339 1112 1412 Exoommunicatus
1138 1349 1189 1412 est
1214 1340 1299 1434 quia
1328 1349 1446 1414 contra
1472 1339 1841 1414 excommunicationis
1861 1361 1946 1413 sen-

533 1459 675 1532 tentiam
688 1481 709 1532 a
724 1461 913 1534 venerabili
928 1463 1032 1534 fratre
1046 1463 1136 1534 bone
1148 1462 1313 1535 memorie
1325 1463 1365 1535 P.
1382 1470 1417 1535 et
1431 1461 1556 1536 dilecto
1574 1461 1645 1536 lilio
1663 1461 1705 1533 G.
1726 1461 1814 1534 tituli
1830 1461 1945 1536 Sancti

533 1583 670 1656 Martini
684 1585 882 1681 presbytem
896 1587 1063 1661 cardinali
1081 1587 1126 1660 de
1147 1589 1323 1662 voluntate
1339 1595 1374 1661 et
1388 1609 1532 1662 assensu
1551 1609 1616 1661 sno
1628 1587 1829 1660 anctoritate
1841 1607 1946 1682 apos-

534 1709 634 1782 tolice
650 1709 749 1782 Sedis
766 1711 889 1802 latam,
908 1711 954 1784 ad
973 1711 1157 1784 terminum
1172 1733 1276 1805 quem
1291 1711 1358 1784 sibi
1375 1709 1514 1806 prefixit
1525 1731 1594 1784 non
1608 1709 1841 1784 transnatavit
1856 1709 1947 1782 sicam

532 1833 708 1927 promisit,
729 1844 764 1908 et
781 1836 864 1929 quia
883 1835 1091 1930 promissum
1110 1857 1293 1908 nnmerum
1315 1834 1464 1906 militum
1488 1834 1563 1906 suis
1581 1833 1746 1930 expensis
1764 1853 1835 1906 non
1853 1833 1946 1905 misit

533 1957 590 2030 vel
610 1960 720 2030 tenuit
738 1979 802 2053 pro
820 1959 978 2032 subsidio
995 1968 1084 2032 terre
1103 1967 1239 2051 sancte,
1260 1967 1296 2030 et
1316 1958 1399 2052 qnia
1415 1958 1551 2032 statutis
1572 1959 1618 2032 ab
1640 1958 1716 2054 ipso
1736 1955 1891 2032 terminis
1908 1957 1944 2028 in

534 2089 658 2152 oerram
678 2089 831 2152 sanctam
849 2082 1053 2176 promissam
1073 2083 1257 2178 pecuniam
1279 2102 1348 2155 non
1365 2081 1505 2156 direxit.
1530 2083 1614 2154 ltem
1637 2081 1720 2175 quia
1735 2081 1781 2154 ab
1803 2102 1946 2176 oppres·

533 2204 690 2278 sionibus
707 2213 742 2278 et
763 2205 1025 2300 spoliationibus
1045 2207 1267 2280 ecclesiarum
1292 2215 1328 2280 et
1350 2227 1573 2302 personarum
1591 2205 1897 2280 ecclesiasticarum
1912 2215 1947 2278 et

533 2329 791 2402 conculcatione
805 2331 1034 2404 ecclesiastice
1049 2331 1216 2404 libertatis
1232 2330 1384 2404 monitus
1402 2352 1472 2403 non
1491 2329 1632 2404 destitit.
1653 2330 1736 2402 ltem
1749 2329 1833 2424 quia
1846 2329 1946 2402 Tem·

533 2453 658 2551 plarios
680 2463 715 2528 et
735 2455 979 2550 Hospitalarios
994 2456 1095 2530 bonis
1113 2456 1299 2530 mobilibus
1314 2464 1350 2529 et
1372 2455 1608 2529 immobilibus
1622 2475 1693 2548 qna
1715 2453 1888 2527 habebant
1910 2455 1945 2525 in

532 2600 640 2674 regno
657 2588 785 2652 temere
798 2579 971 2675 spoliavit.
989 2582 1073 2654 ltem
1089 2581 1173 2676 qnia
1186 2581 1231 2653 ab
1247 2581 1470 2678 oppressione
1477 2579 1700 2676 pupillorum,
1714 2579 1945 2674 orphanorum

533 2715 567 2776 et
585 2703 771 2776 viduarum
788 2723 851 2776 seu
869 2705 1040 2776 nobilium
1058 2715 1093 2777 et
1105 2705 1251 2779 aliorum
1265 2705 1446 2778 hominnm
1462 2705 1508 2778 de
1521 2725 1628 2798 regno
1642 2703 1698 2776 vel
1715 2701 1947 2777 destructione

533 2827 642 2922 ipsius
654 2827 751 2922 qnod
765 2826 812 2899 ad
824 2828 1012 2900 Romanam
1026 2829 1206 2902 ecclesiam
1221 2829 1376 2902 noscitur
1387 2827 1579 2924 specialiter
1590 2825 1778 2922 pertinere,
1796 2847 1859 2921 pm
1875 2845 1947 2919 quo

534 2952 686 3024 Romane
710 2952 853 3023 ecclesie
871 2953 1107 3045 juramentum
1126 2952 1300 3025 fidelitatis
1319 2952 1480 3025 exhibuit
1502 2960 1537 3024 et
1557 2949 1757 3045 homagium
1779 2949 1943 3045 prestitit,

535 3075 686 3147 monitus
702 3097 772 3148 non
793 3075 952 3148 cessavit.
974 3077 1058 3148 ltem
1074 3077 1159 3170 quia
1179 3077 1424 3150 Tharentinum
1445 3075 1740 3172 archiepiscopum
1760 3071 1807 3146 ad
1827 3071 1945 3146 sedem

536 3199 710 3295 propriam
735 3207 771 3270 et
791 3201 867 3292 ejus
890 3200 1057 3294 populum
1080 3199 1247 3272 accedere
1271 3221 1340 3274 non
1365 3200 1542 3296 permittit.
1567 3200 1652 3272 ltam
1676 3197 1760 3293 qnia
1785 3197 1946 3270 comitem

534 3323 718 3418 Rogerium
743 3323 809 3396 snb
836 3323 1022 3420 apostolice
1047 3322 1148 3396 Sedis
1171 3325 1382 3419 protectione
1405 3332 1580 3419 receptum
1604 3323 1767 3396 comitatu
1790 3330 1826 3395 et
1847 3322 1946 3394 terris

535 3446 609 3518 anis
636 3445 773 3540 penitus
799 3447 972 3542 spoliavit.
1007 3447 1092 3519 ltem
1116 3447 1201 3543 quia
1230 3447 1512 3544 compositionem
1537 3449 1662 3520 lactam
1691 3447 1780 3518 inter
1804 3445 1946 3518 comitas

535 3571 739 3644 Celanenses
766 3593 807 3644 ac
836 3572 1041 3645 llainaldum
1064 3572 1109 3646 de
1136 3572 1287 3662 Aversa,
1320 3595 1383 3669 pro
1411 3575 1511 3666 cujus
1538 3569 1779 3644 observatione
1803 3569 1946 3643 ecclesia

535 3695 689 3768 Romana
717 3695 763 3770 ad
790 3698 865 3790 ejus
890 3697 1088 3772 instantiam
1114 3697 1303 3792 fideiussit‚
1335 3719 1475 3771 servare
1502 3697 1718 3792 contempsit.
1749 3696 1834 3768 ltem
1863 3694 1946 3788 quia

536 3820 826 3892 excommunicati
851 3822 990 3894 luerunt
1013 3843 1133 3896 omnes
1155 3833 1190 3896 et
1208 3823 1336 3916 singuli
1357 3843 1506 3916 quornm
1531 3821 1751 3912 anctoritate,
1779 3818 1943 3908 oonsilio,

536 3945 669 4019 auxilio
689 3946 746 4018 vel
767 3947 885 4020 lavore
903 3947 1148 4043 patrimonium
1168 3949 1320 4020 Ecclesia
1338 3949 1374 4020 in
1393 3946 1545 4020 blarchia
1570 3945 1627 4018 vel
1650 3943 1733 4017 alibi
1758 3943 1824 4016 fnit
1844 3963 1947 4015 occu·

537 4079 656 4165 patum
685 4071 743 4141 vel
772 4069 962 4144 detentum.
990 4073 1074 4144 ltem
1098 4072 1417 4144 excommunicatus
1442 4081 1494 4144 est
1515 4091 1579 4165 pro
1606 4069 1758 4142 violenta
1779 4087 1945 4140 mannum

574 4413 609 4486 (tl
628 4413 667 4470 na
685 4430 768 4488 mgna
785 4415 906 4485 Siciliae,
922 4415 1026 4472 scilicet
1037 4415 1238 4486 Panormitano,
1253 4413 1353 4486 ltegino
1366 4418 1395 4470 et
1410 4411 1518 4468 Bmansi
1537 4408 1759 4484 archiepiscopis,
1778 4405 1944 4474 Cassinensi,

538 4510 682 4568 Casemmii
696 4516 724 4568 et
736 4511 826 4568 Sancti
840 4512 975 4572 vincentii
989 4511 1146 4584 abbatiam,
1160 4511 1287 4587 praelatis
1301 4511 1360 4568 aliis
1373 4511 1419 4584 qui
1433 4525 1514 4568 causa
1526 4515 1613 4566 metus
1626 4508 1660 4565 da
1674 4521 1755 4581 regno
1768 4507 1944 4571 secesserant,

537 4605 765 4681 llaynaldo'duce
785 4609 902 4684 Spoleti,
920 4609 1023 4668 Thomu
1041 4610 1076 4668 de
1093 4610 1198 4685 Aquino
1213 4609 1371 4667 scurrarum
1390 4607 1504 4680 comite,
1528 4605 1642 4664 llendco
1660 4604 1695 4662 de
1715 4603 1804 4663 llorra
1819 4601 1947 4676 magistro

535 4705 694 4779 justitiario,
707 4705 819 4781 aliisque
832 4707 906 4781 regni
917 4706 1076 4782 justitiariis.
