4702 6110
572 621 635 684 454
1102 619 1275 680 llENlllGl
1300 617 1470 680 sltl’rtttt
1793 622 1876 702 [dns.
1894 625 1979 688 laet.

692 757 903 837 archteptscupl
917 753 1229 838 magdeburgensium
1242 753 1445 820 flammeum
1458 755 1697 834 nerttpotcmem
1707 757 1892 836 episcopum
1902 789 1942 806 -
1952 767 1983 822 et

690 881 739 944 ep.
756 865 870 940 Pmrz,
886 866 1019 928 Monam.
1034 863 1145 926 rtem.
1163 860 1273 936 em„
1288 867 1312 922 t.
1327 861 1382 936 tv,
1396 859 1480 942 281.)

622 1052 803 1124 Heinricus
822 1053 884 1124 Ilei
907 1053 1016 1146 gratia
1038 1051 1270 1124 Romanorum
1291 1070 1352 1121 rex
1371 1057 1406 1120 et
1428 1069 1564 1144 semper
1583 1058 1769 1142 augustus,
1787 1049 1979 1142 nobilibus,

570 1175 869 1267 ministerialibus,
896 1175 1115 1266 civitatibus,
1135 1171 1293 1268 oppidis,
1317 1173 1457 1260 castris,
1485 1173 1578 1246 villis
1597 1181 1633 1246 et
1651 1173 1824 1248 universis
1846 1175 1981 1273 imperii

572 1298 734 1372 fidelibus
754 1301 902 1394 gratiam
927 1323 1026 1373 suam
1046 1309 1080 1372 et
1100 1297 1363 1372 omnebonum.
1384 1297 1508 1394 Sepias
1524 1319 1639 1370 coram
1666 1297 1809 1374 domino
1826 1309 1861 1372 et
1886 1310 1982 1396 patre

570 1433 687 1496 nostro
713 1423 931 1496 serenissimo
953 1425 1184 1496 Romanorum
1207 1421 1412 1518 imperatore
1435 1429 1470 1493 et
1494 1421 1595 1494 nobis
1617 1423 1863 1496 sententialiter
1885 1423 1981 1497 diffi-

570 1548 681 1620 nitum
696 1555 748 1619 est
771 1547 859 1618 utin
878 1545 1076 1618 civitatibus
1095 1553 1129 1618 et
1152 1545 1229 1617 aliis
1247 1543 1331 1616 locis
1352 1545 1412 1616 ubi
1434 1545 1572 1640 propria
1592 1553 1627 1617 et
1641 1543 1734 1637 juste
1750 1555 1887 1620 moneta
1904 1569 1981 1622 esse

568 1671 765 1762 consuevit,
787 1691 889 1744 nemo
907 1679 1096 1744 mercatum
1114 1669 1265 1764 aliquem
1280 1669 1391 1742 tacere
1407 1667 1532 1742 debeat
1547 1691 1627 1740 cum
1642 1677 1801 1762 argento,
1822 1670 1886 1746 sed
1898 1691 1978 1744 cum

572 1796 724 1872 denariis
744 1795 882 1892 proprie
906 1817 968 1868 sue
992 1803 1147 1886 monete,
1173 1792 1346 1866 cambium
1370 1793 1466 1888 quod
1491 1793 1598 1887 vulgo
1622 1791 1749 1865 dicitur
1773 1793 1911 1868 Wehsel
1929 1795 1979 1891 (o)

567 1943 682 2016 neque
696 1921 831 1992 institor
846 1941 961 2014 neque
980 1920 1069 1992 alius
1086 1919 1204 2014 quivis
1221 1927 1463 2008 mercatorum,
1484 1917 1547 1990 sod
1565 1917 1639 2012 ipse
1655 1918 1865 1992 monetarius
1876 1941 1978 1994 exer-

567 2066 645 2118 cere
666 2045 809 2119 debebit
832 2045 888 2118 vel
908 2043 939 2116 is
960 2043 1018 2116 eui
1035 2043 1197 2118 dominus
1215 2043 1370 2140 permisit
1384 2039 1431 2138 (b)
1448 2064 1495 2114 ex
1511 2041 1726 2138 indulgentia
1740 2041 1889 2138 speciali.
1911 2045 1978 2120 Ds-

568 2169 655 2242 narii
683 2177 836 2264 preterea
861 2167 967 2240 unius
991 2177 1127 2240 monete
1145 2167 1193 2240 ita
1217 2165 1407 2240 manifestis
1429 2165 1539 2259 signis
1562 2174 1597 2238 et
1614 2163 1803 2259 imaginum
1827 2165 1977 2240 dissimi-

567 2291 773 2366 litudinibus
795 2289 962 2386 distingui
980 2290 1109 2364 debent
1130 2312 1152 2362 a
1175 2289 1326 2363 denariis
1344 2289 1485 2362 alterius
1510 2298 1645 2362 monete
1668 2289 1842 2362 utstatim
1866 2292 1978 2388 prima

568 2415 655 2490 lacie
668 2425 702 2488 et
720 2415 795 2486 sine
811 2415 1013 2488 difficultate
1027 2415 1143 2510 aliqua
1163 2415 1315 2510 ipsorum
1330 2413 1377 2488 ad
1392 2413 1538 2488 invicem
1558 2413 1719 2488 discretio
1734 2423 1769 2487 et
1786 2413 1977 2490 differentia

566 2541 675 2638 possit
695 2539 830 2612 baberi.
853 2538 909 2612 Ad
926 2539 990 2612 bec
1006 2540 1036 2612 si
1054 2539 1180 2634 aliquis
1199 2561 1277 2610 cum
1297 2537 1392 2610 salsis
1413 2537 1563 2610 denariis
1591 2537 1694 2610 luerit
1718 2537 1972 2634 deprehensus,

565 2687 692 2762 penam
706 2663 834 2737 falsarii
854 2665 1037 2738 sustinebit
1051 2687 1116 2737 uec
1130 2665 1284 2760 proderit
1298 2665 1329 2737 ei
1345 2665 1374 2736 si
1391 2663 1483 2738 dicat
1496 2687 1534 2737 se
1549 2685 1609 2736 eos
1626 2663 1662 2734 iu
1680 2663 1819 2760 publico
1834 2675 1869 2737 et
1884 2687 1977 2738 com·

566 2789 664 2860 muni
687 2790 759 2860 loro
776 2787 966 2883 recepisse,
988 2788 1054 2860 nisi
1072 2811 1207 2861 summa
1222 2787 1311 2861 adeo
1331 2787 1467 2862 modica
1488 2789 1591 2862 luerit
1612 2797 1651 2860 ut
1672 2809 1797 2861 novem
1816 2787 1976 2862 denarios

566 2933 635 2984 non
653 2911 812 2984 excedat.
832 2911 897 2984 llic
913 2912 942 2982 si
962 2913 1065 2984 etiam
1086 2913 1186 2985 tertio
1207 2935 1287 2985 cum
1312 2911 1465 3008 predicta
1481 2934 1615 2986 summa
1633 2914 1688 2986 vel
1711 2913 1796 2986 citra
1813 2913 1975 2987 iuventus

565 3037 686 3124 luerit,
707 3045 790 3108 tunc
810 3037 936 3130 poterit
957 3037 1056 3130 quasi
1078 3038 1236 3110 talsarius
1257 3037 1332 3108 sine
1350 3037 1505 3132 predicte
1524 3037 1728 3132 exceptione
1750 3039 1807 3110 vel
1827 3059 1973 3112 excusa-

565 3163 657 3234 tione
674 3159 838 3254 judicari.
856 3164 927 3233 llee
950 3161 1067 3254 igitur,
1092 3161 1181 3234 sicut
1194 3164 1288 3254 juste
1308 3171 1343 3234 et
1360 3161 1605 3234 rationabiliter
1624 3159 1769 3234 diffinita
1790 3171 1887 3253 sunt,
1907 3164 1973 3235 sub

562 3287 704 3360 obtentu
720 3285 828 3379 gratie
844 3294 958 3358 nostre
974 3285 1217 3359 iuviolabiliter
1236 3285 1413 3358 observari
1427 3285 1638 3380 precipimus
1656 3284 1692 3355 in
1713 3285 1876 3358 omuibus
1889 3287 1974 3360 locis

562 3412 598 3482 in
621 3409 751 3504 quibus
774 3418 912 3482 moneta
938 3409 1105 3504 principis
1129 3410 1364 3504 frequentatur
1383 3418 1417 3482 et
1434 3409 1593 3481 habetur.
1614 3407 1665 3479 Ad
1689 3419 1888 3504 perpetuam
1910 3409 1972 3484 de-

562 3535 669 3630 nique
687 3533 881 3606 firmitatem
906 3533 997 3606 banc
1015 3543 1129 3606 nostre
1151 3533 1365 3606 diffinitionis
1384 3533 1459 3606 sive
1482 3533 1649 3604 sententie
1666 3540 1701 3606 et
1720 3534 1972 3627 protestationis

562 3658 725 3755 paginam
740 3657 844 3750 sigilli
863 3657 969 3730 nostri
985 3657 1197 3754 appensione
1212 3657 1358 3730 lecimus
1373 3657 1588 3728 communiri.

610 3783 721 3875 Hujus
739 3782 789 3854 rei
809 3791 913 3856 testes
931 3791 1014 3856 suut
1034 3782 1264 3855 Theodericus
1282 3782 1516 3871 Treverensis,
1537 3781 1717 3853 Heinricus
1738 3781 1966 3875 Coloniensis,

560 3907 707 3980 Sitridus
725 3906 961 4000 Magnetibus,
979 3905 1140 3978 Albertus
1153 3905 1461 4000 ltlagdeburgensis
1476 3905 1735 4000 archiepiscopi,
1752 3907 1968 3978 Hermannus

561 4029 828 4126 Herbipolensis,
842 4029 1047 4102 Bertboldus
1059 4029 1330 4124 Argentinensis,
1346 4029 1526 4101 Heinricus
1536 4029 1807 4122 Wormatieusis,
1822 4031 1968 4106 Silridus

560 4155 816 4250 Ratisponensis
835 4163 869 4226 et
885 4155 1071 4250 imperialis
1089 4157 1167 4226 aule
1183 4154 1423 4246 cancellarius,
1449 4209 1456 4225 .
1488 4208 1496 4225 .
1529 4209 1537 4224 .
1557 4154 1739 4249 Spirensis,
1758 4155 1875 4228 Sibcto
1889 4154 1968 4228 Au-

562 4279 753 4375 gustensis,
777 4277 956 4350 Bertoldus
984 4277 1179 4366 Curiensis,
1207 4277 1404 4350 Bonilacius
1427 4277 1656 4350 lausanensis
1681 4278 1884 4372 episcopi3.
1914 4332 1923 4349 .
1957 4336 1964 4348 .

559 4404 675 4476 Sancti
695 4402 795 4491 Galli,
816 4401 909 4474 Couo
929 4401 973 4474 de
987 4401 1198 4497 Wizcnburg
1211 4401 1372 4490 abbates;
1393 4401 1471 4472 laici
1488 4421 1571 4473 vero
1587 4401 1666 4474 Otto
1679 4401 1843 4490 Merauie,
1863 4403 1967 4474 Hein-

600 4632 638 4714 (α)
659 4635 695 4694 ln
709 4635 844 4711 sequenti
858 4639 957 4693 autem
977 4627 1077 4693 Werlc.

598 4739 638 4820 (t)
661 4741 696 4802 ln
710 4741 843 4818 sequcmt
857 4754 976 4818 quoqm
984 4739 1159 4819 pemtscrtt.
