4658 6132
558 606 616 669 trs
1057 607 1271 670 turbanter
1297 609 1470 671 sbcttrtbt
1780 607 1860 686 [Aac.
1879 609 1965 670 lm

555 741 826 839 redemptionem
852 743 1079 840 compellunt,
1102 743 1187 816 nulli
1208 746 1310 818 sexui
1329 754 1492 842 parcunt,
1520 764 1586 817 nec
1610 743 1772 838 cuiquam
1795 751 1897 817 extra
1911 765 1968 816 ec·

555 867 694 940 cloeiam
717 867 774 940 rel
796 867 1015 940 cometarium
1036 867 1196 942 deterunt
1217 865 1288 964 (t),
1312 869 1409 942 vicos
1425 877 1460 942 et
1481 869 1619 942 castella
1639 867 1796 963 capiunt,
1817 887 1887 940 non
1904 867 1967 941 ba-

555 991 677 1064 bentes
693 990 739 1064 ad
757 990 824 1064 hoc
845 999 1040 1088 respectum
1057 991 1154 1086 qnod
1172 992 1247 1064 sitis
1264 992 1299 1064 in
1316 993 1458 1067 servitio
1471 994 1553 1066 lesu
1569 991 1704 1066 Christi.
1721 992 1764 1064 llt
1781 992 1812 1064 si
1827 991 1909 1087 qnia
1924 990 1970 1064 de

554 1115 759 1213 imperatore
772 1117 980 1190 mentionem
994 1117 1088 1208 lacit,
1109 1115 1282 1191 Iohannes
1298 1117 1344 1194 de
1360 1121 1513 1192 Brennas
1528 1119 1675 1192 affirmat
1687 1139 1757 1190 non
1770 1137 1847 1190 esse
1862 1117 1968 1190 alium

555 1241 796 1338 imperatorem
814 1250 928 1337 preter
945 1241 1072 1336 ipsum.
1093 1242 1262 1316 Mirantur
1284 1265 1388 1338 super
1411 1242 1466 1315 bis
1482 1242 1585 1316 amici
1602 1243 1727 1334 vestri,
1749 1243 1971 1317 excellentis-

556 1365 644 1438 sime
669 1365 872 1460 imperator,
893 1375 929 1438 et
951 1365 1116 1462 precipue
1138 1367 1251 1440 clerus
1273 1365 1408 1462 imperii
1426 1367 1532 1438 uestri
1554 1389 1624 1460 qna
1647 1363 1920 1439 consideratione
1936 1375 1971 1438 et

554 1489 764 1562 conscientia
795 1491 875 1563 talia
904 1491 1016 1563 lacere
1043 1500 1155 1585 potest
1180 1491 1336 1585 pontifex
1366 1511 1529 1564 romanus
1562 1499 1597 1562 at
1627 1497 1744 1562 contra
1769 1489 1972 1562 christianos

554 1637 651 1688 arma
673 1636 832 1703 movere,
860 1615 1015 1686 maxime
1039 1635 1119 1686 cum
1141 1615 1310 1686 Dominus
1335 1613 1464 1688 dixerit
1487 1615 1585 1687 Petro
1608 1611 1645 1685 in
1670 1611 1787 1703 gladio
1803 1613 1970 1686 materiali

553 1749 732 1835 percutere
743 1738 874 1810 volenti
891 1764 900 1808 :
922 1763 939 1806 a
956 1739 1052 1811 Mitte
1062 1737 1218 1832 gladium
1234 1747 1333 1810 tuum
1345 1739 1381 1810 in
1397 1738 1574 1832 vaginam,
1587 1737 1700 1810 omnis
1713 1736 1806 1810 enim
1818 1737 1879 1831 qui
1891 1756 1971 1832 pcr-

553 1863 698 1936 cussarit
709 1865 745 1936 in
759 1863 876 1958 gladio
889 1863 1034 1958 peribit,
1053 1865 1136 1936 uvel
1147 1885 1217 1957 quc
1225 1866 1304 1957 jure
1313 1864 1421 1960 possit
1434 1864 1563 1959 illeqni
1576 1862 1676 1958 quasi
1687 1860 1813 1966 dicbus
1825 1861 1971 1956 singulis

554 1987 746 2086 predones,
776 1987 1006 2060 incendiarios
1036 1997 1071 2060 et
1103 1987 1366 2060 christianorum
1393 1999 1537 2061 tortores
1563 1986 1841 2060 excommunicat
1863 1996 1899 2058 et
1925 1986 1971 2058 ab

553 2112 709 2186 Ecclesia
719 2111 852 2185 unitate
863 2122 1017 2208 separat,
1036 2112 1162 2184 talibus
1175 2133 1355 2186 assensum
1369 2113 1512 2207 prebere
1524 2111 1806 2184 etauctoritatem
1819 2117 1972 2205 prestare

555 2237 711 2311 similiter
725 2235 952 2310 admiruntur.
970 2237 1184 2310 Providcatis
1199 2259 1310 2326 nunc,
1327 2238 1489 2324 obsecro,
1507 2237 1692 2332 imperator
1709 2233 1966 2331 potentissima,

555 2361 730 2436 mauritati
747 2369 906 2436 restruet
917 2361 1040 2434 honori
1053 2382 1158 2457 super
1169 2363 1359 2458 premissis,
1378 2362 1461 2458 qnia
1475 2361 1637 2434 inimicus
1649 2368 1765 2432 vester
1774 2355 1971 2454 sepedictus

554 2488 728 2562 lohannes
739 2485 785 2560 de
797 2488 950 2560 Brennes
960 2507 1081 2559 omnes
1095 2495 1215 2582 ponus
1229 2488 1431 2562 cismarinos
1447 2508 1527 2560 cnm
1542 2483 1817 2580 exploratoribus
1831 2481 1971 2554 armatis

555 2632 626 2684 non
643 2611 764 2708 paucis
780 2611 950 2701 munivit,
972 2619 1012 2682 ut
1032 2610 1063 2682 si
1080 2611 1166 2686 torte
1189 2613 1350 2685 incautas
1368 2635 1389 2685 u
1406 2609 1681 2710 peregrinatione
1700 2605 1876 2698 rediretis,
1896 2605 1971 2700 ipsc

555 2755 620 2810 vos
636 2736 704 2808 sub
721 2735 879 2832 captione
897 2735 1100 2809 conclusum
1118 2736 1356 2811 incarceraret.
1374 2735 1477 2822 Quod
1493 2733 1662 2809 Dominus
1677 2739 1821 2807 avertat.

445 3379 459 3409 n
610 3287 850 3400 Raynaldus,
866 3287 944 3370 dux
963 3287 1129 3397 Spoleti,
1145 3289 1352 3400 imperialis
1369 3289 1527 3374 Tusciae
1543 3299 1580 3373 et
1597 3288 1785 3374 Marchiae
1801 3287 1970 3400 legatus,

396 3431 418 3464 ²
462 3433 483 3466 ⁰·
556 3422 732 3506 homines
762 3420 924 3504 civitatis
951 3421 1074 3507 Osimi
1100 3432 1139 3504 et
1164 3423 1279 3506 castri
1304 3423 1482 3507 Recanati
1503 3432 1542 3506 ct
1566 3435 1759 3532 praetcrea
1784 3421 1973 3506 civitatem

557 3555 774 3638 Humanam
800 3553 841 3636 in
872 3555 1052 3639 omnibus
1080 3554 1233 3666 juribus
1263 3566 1301 3638 et
1330 3555 1633 3666 possessionibus
1666 3581 1799 3640 eorum
1830 3552 1972 3639 ibidem

556 3687 767 3796 expressis,
787 3713 857 3797 pro
884 3711 1018 3771 eorum
1048 3688 1168 3798 gratis
1199 3688 1384 3796 servitiis,
1414 3698 1659 3773 manutenere
1685 3701 1723 3773 et
1751 3713 1973 3772 conservare

556 3820 755 3930 promittit.

594 4138 630 4211 (a)
646 4139 763 4198 maxima
772 4137 874 4196 cunm
886 4137 1044 4196 coenato
1057 4137 1246 4213 sumnonem
1259 4123 1361 4212 napa,
1376 4138 1424 4211 qur
1434 4137 1607 4211 crataegum
1620 4135 1787 4207 neman,
1799 4136 1828 4194 u
1840 4137 1894 4194 noe
1904 4135 1974 4194 oeno

557 4250 620 4293 arsos
633 4234 717 4292 tuisse
729 4250 763 4291 ex
773 4233 839 4307 ipsis
851 4235 975 4309 Gregorii
995 4235 1091 4294 littaris
1103 4237 1151 4309 (ιιο
1163 4237 1213 4308 tt)
1227 4236 1387 4310 accipimus,
1400 4250 1483 4309 quum
1495 4235 1534 4294 ita
1544 4235 1691 4293 Albanensi
1704 4233 1832 4308 episcopo
1844 4234 1972 4292 mandet:

559 4351 574 4386 a
589 4332 728 4401 Quatenus
746 4330 807 4388 illos
823 4347 894 4406 quros
912 4331 941 4389 in
954 4347 1053 4390 manus
1065 4333 1275 4390 exercitualesu
1287 4331 1383 4390 Christi
1401 4331 1435 4389 dc
1450 4337 1541 4390 cataro
1553 4331 1647 4390 dextra
1665 4329 1805 4388 mantis
1813 4329 1975 4388 concluserit

561 4429 649 4486 »sina
659 4427 733 4484 omni
744 4428 892 4500 occisione,
909 4429 1113 4488 detruncatione
1127 4429 1171 4487 vel
1182 4429 1346 4488 mutihtious
1363 4429 1582 4488 membrorum...
1600 4428 1641 4486 sic
1660 4432 1739 4486 mute
1749 4426 1829 4488 facim
1844 4425 1974 4489 custodiri

561 4547 574 4580 a
590 4532 621 4583 nt
633 4527 695 4600 plus
706 4525 837 4584 benaa
849 4527 950 4584 babere
960 4543 991 4586 se
1001 4527 1136 4600 mudmnt
1145 4528 1186 4586 sic
1194 4527 1294 4603 captivi
1305 4543 1387 4601 quarn
1400 4529 1454 4587 sub
1464 4527 1800 4604 Egyptiacasorvituta3...
1811 4526 1971 4584 miniatr'sat

560 4645 574 4678 a
589 4623 648 4682 aliis
662 4623 708 4698 qui
720 4629 835 4698 presunt
846 4625 874 4680 in
886 4625 1040 4684 exercitu...
1060 4625 1208 4684 demotus
1218 4625 1364 4684 inhibendo
1382 4642 1418 4684 na
1430 4627 1529 4684 similia
1538 4625 1667 4700 deinceps
1679 4625 1707 4682 in
1719 4623 1779 4698 ipsc
1795 4623 1916 4683 merum
1926 4621 1974 4682 ali·

561 4742 574 4775 »
589 4722 650 4796 quis
662 4725 822 4794 attemptare
834 4728 984 4796 presumat.
999 4723 1059 4782 Dat.
1074 4723 1193 4796 Perusii,
1211 4724 1275 4784 xlv
1285 4724 1337 4782 kal.
1350 4725 1511 4799 junii,ann.
1526 4723 1564 4782 lll
1577 4725 1626 4797 (tt
1639 4721 1757 4796 malit.»
