4710 6076
406 624 502 682 unici.
521 621 585 699 iu]
852 616 1048 680 HISTORIA
1072 613 1364 678 oirioudiice
1750 611 1808 676 321

405 753 606 849 prolibetam
632 751 852 826 donationem
880 761 916 824 ct
938 752 1192 826 concessionem
1216 762 1368 824 nostram
1393 769 1482 822 ausu
1509 746 1604 822 ducti
1633 748 1810 823 temerario

405 875 575 950 contraire
594 874 884 970 attemptaverint,
904 875 1176 972 indignationem
1192 885 1227 950 et
1242 895 1384 980 gravem
1399 871 1564 946 offensam
1580 883 1696 948 nostre
1713 874 1812 948 celsi·

405 999 974 1074 tudinissencverintincurrissc.
1824 1097 1826 1102 Ι

454 1126 570 1196 Testes
584 1132 701 1198 eutem
720 1123 825 1217 hujus
842 1123 922 1196 iecii
937 1133 1020 1196 eunt
1031 1123 1262 1200 Theodericus
1274 1123 1493 1197 Treverensis
1514 1122 1809 1218 archiepiscopus,

407 1249 622 1322 Hermennus
636 1247 904 1342 Herbipolcnsis,
920 1247 1101 1320 lloinricus
1117 1247 1317 1322 Eistctensis
1334 1246 1500 1342 episcopi,
1520 1244 1728 1320 ludewicus
1745 1247 1812 1320 Ba·

409 1371 531 1463 warie‚
547 1369 725 1468 Lupoldus
734 1369 873 1443 Austrie
885 1378 920 1442 et
933 1370 1056 1466 Styric,
1073 1369 1294 1444 Bernhardos
1308 1369 1481 1442 Cerinthie
1496 1367 1617 1460 duces,
1634 1369 1815 1444 Cunradns

407 1495 617 1590 burgravius
640 1493 686 1568 de
706 1493 943 1584 Nurinberch,
969 1491 1132 1567 Gerlacus
1158 1493 1204 1566 de
1227 1493 1434 1588 Buttingen‚
1462 1490 1635 1567 Gerendus
1657 1502 1692 1566 ct
1712 1495 1816 1568 irater

408 1620 483 1711 ejus
501 1617 546 1690 de
564 1617 792 1714 Eppenstein,
817 1616 1039 1690 Everhardus
1059 1616 1192 1712 dapifer
1211 1615 1257 1690 de
1277 1616 1460 1712 Welpurc‚
1479 1615 1516 1688 C.
1539 1626 1574 1689 et
1589 1617 1629 1688 Ε.
1651 1618 1816 1714 pincerne

410 1740 455 1814 de
469 1741 701 1834 Winterstctc,
718 1741 911 1814 Willclmns
928 1740 1118 1814 advocatus
1129 1739 1314 1835 ripuensis,
1333 1739 1507 1813 Aroddus
1522 1740 1567 1814 dc
1585 1739 1812 1834 Gimmenich,

410 1865 578 1938 Gerlrinus
593 1863 638 1938 de
648 1865 851 1938 Sinoheohe.

458 1989 582 2062 Actum
599 2012 691 2064 anno
700 1990 838 2064 Domini
852 1991 900 2064 ii.
918 1989 981 2062 CC.
997 1990 1061 2062 XX
1072 1990 1229 2086 septimo.

459 2115 583 2188 Datum
602 2114 699 2212 apud
718 2114 950 2212 oppenheim,
970 2135 1079 2188 nonas
1095 2114 1227 2211 aprilis,
1248 2112 1436 2189 indictione
1452 2114 1733 2210 quintadecima.

464 2762 648 2845 chricus
661 2759 920 2844 Romanorum
929 2761 1822 2873 rexprivilegr'umsuumiratribusSanctaella·
1859 2767 1996 2875 ὦ

411 2895 489 2978 riae
513 2894 833 2979 Theutonicorum
858 2895 1051 2980 indultum
1074 2905 1249 3002 renovat,
1274 2897 1323 2978 de
1349 2897 1514 3006 gratuita
1535 2897 1821 3009 privilegiorum

1860 2847 2009 2928 creemur?

410 3029 645 3138 expeditione
662 3038 698 3110 et
721 3029 769 3110 de
790 3028 1005 3138 sumptibus
1024 3027 1187 3114 fratrum
1205 3029 1426 3114 eorumdem
1446 3029 1495 3112 ab
1512 3030 1699 3140 imperiali
1717 3032 1823 3115 curio
1879 3089 1888 3110 .

412 3161 685 3246 ministrandis

490 3403 653 3480 (medium
666 3419 705 3464 cx
716 3403 853 3482 originali
865 3405 897 3464 ln
910 3402 993 3464 arch.
1007 3403 1164 3483 Stuttgart.
1180 3402 1317 3483 Slgillum
1330 3419 1448 3466 cereum
1461 3403 1568 3482 pendet
1588 3421 1627 3466 ex
1643 3403 1702 3468 diis
1719 3407 1820 3468 sericis

529 3509 601 3570 iiuvi
611 3517 641 3570 et
654 3509 851 3571 emeranthlni
863 3508 992 3589 coloris.)

460 3719 640 3794 Heinricus
653 3723 821 3818 septimus
838 3721 958 3796 divina
972 3723 1110 3796 favente
1122 3721 1302 3794 clementia
1314 3721 1544 3796 Romanorum
1559 3745 1622 3796 rex
1635 3735 1671 3797 et
1684 3745 1820 3822 semper

412 3854 592 3938 augustus.
612 3845 667 3920 Ad
681 3845 861 3942 utriusque
876 3846 949 3919 vite
965 3846 1160 3919 felicitatem
1176 3853 1242 3918 etc.
1264 3841 1441 3939 (Sequitur
1455 3847 1496 3919 de
1508 3849 1603 3920 cerlo
1619 3849 1665 3920 cd
1684 3851 1819 3922 cerium

407 3969 618 4062 ptiulcpium
641 3969 757 4042 mum
776 3971 994 4064 Aquisprcoi,
1020 3968 1109 4065 quod
1126 3991 1231 4064 supro
1251 3968 1479 4061 cuicuinus,
1497 3992 1536 4064 p.
1558 3971 1629 4042 309
1647 3994 1752 4066 usque
1771 3972 1816 4045 od

413 4094 493 4166 lucc
509 4089 546 4187 :)
564 4093 671 4166 nostri
688 4091 791 4186 sigilli
806 4094 999 4167 munimine
1015 4093 1227 4190 insignitam.

460 4219 576 4290 Testes
589 4216 640 4288 hii
653 4225 735 4288 sunt
748 4215 897 4290 Siiridns
909 4218 1145 4312 Maguntinue
1164 4214 1396 4290 Theodericus
1410 4217 1632 4310 Trevircnsis,
1648 4219 1816 4294 liberber-

411 4343 479 4416 dus
501 4341 779 4436 Salncburgcnsis
798 4341 1067 4438 archiepiscopi,
1095 4345 1311 4416 Hermonnus
1338 4342 1608 4438 llcrbipclensis,
1636 4343 1816 4417 Heinricus

411 4463 672 4538 Wormaticnsis
692 4465 863 4562 episcopi,
884 4463 1094 4539 ludewicus
1114 4467 1190 4540 dux
1207 4464 1365 4540 Bcwaric
1387 4466 1558 4560 palatinus
1576 4488 1691 4542 comcs
1708 4469 1811 4562 lieni,

411 4589 588 4685 ancldns
605 4589 681 4664 dux
702 4589 840 4664 Austric
864 4597 898 4663 et
917 4589 1047 4687 Styrie,
1069 4590 1249 4664 lleinricus
1266 4588 1343 4663 dux
1365 4589 1563 4682 Brabantic,
1585 4591 1624 4665 C.
1645 4592 1815 4686 burcgra-

411 4714 492 4785 vius
509 4713 554 4788 de
571 4714 801 4810 Nuremberg,
819 4715 861 4787 ll.
881 4714 1053 4810 palatinus
1070 4735 1186 4790 comes
1208 4713 1254 4790 de
1275 4713 1482 4810 Tuwingen‚
1505 4715 1542 4788 F.
1565 4737 1681 4790 comes
1698 4717 1744 4790 dc
1761 4716 1816 4789 Li·

509 4837 565 4898 111.
1642 4849 1676 4901 ii
