4658 6132
555 587 615 648 118
994 633 997 640 .
1050 589 1264 652 oblocutor
1288 591 1462 654 sacuam
1773 589 1852 673 [Anu.
1872 587 1957 650 1229.

551 721 647 794 curia
667 731 801 811 nostra,
825 721 1019 816 specificata
1048 726 1241 820 exprimere
1261 727 1306 800 de
1327 737 1442 800 nostra
1469 726 1579 818 gratia
1600 724 1833 818 dignaremur.
1859 723 1964 816 Cujus

550 845 824 916 commutationis
847 846 956 919 forma
988 847 1064 918 talis
1086 857 1154 939 est,
1181 848 1343 922 videlicet
1363 877 1372 920 ε
1395 848 1491 942 quod
1512 849 1627 922 dictus
1651 849 1798 921 lacobus
1821 849 1913 920 bona
1930 858 1965 920 ct

549 978 738 1062 spontanea
770 970 947 1042 voluntate
978 991 1041 1043 sua
1067 993 1136 1044 non
1163 981 1301 1046 coactus
1328 972 1463 1046 dederit
1492 973 1528 1043 in
1556 971 1777 1044 excambium
1808 970 1964 1066 predicto

551 1091 714 1184 magistro
733 1101 767 1164 et
785 1095 913 1188 prefate
932 1093 1050 1166 domui
1070 1117 1132 1167 sue
1149 1095 1436 1168 Tbeutonicorum
1459 1102 1563 1167 totam
1582 1093 1816 1190 supradictam
1839 1104 1963 1166 terram

552 1237 651 1287 suam
669 1237 732 1311 pro
748 1237 810 1290 sex
828 1216 980 1288 millibus
1010 1227 1045 1288 et
1067 1218 1330 1313 quadringentis
1351 1219 1514 1291 bisanciis
1529 1218 1748 1317 supradictis.
1771 1217 1876 1312 Cujus
1900 1241 1963 1290 ca-

552 1339 637 1411 salia
654 1348 689 1412 ct
713 1341 788 1412 loca
813 1340 961 1434 propriis
984 1340 1151 1414 duximus
1169 1342 1348 1415 vocabulis
1371 1341 1621 1437 exprimenda,
1642 1341 1964 1438 videlicetflMebclie

552 1483 622 1555 que
636 1461 715 1534 data
733 1463 799 1534 fuit
815 1463 851 1534 in
865 1463 1047 1535 excambio
1061 1463 1153 1538 dicto
1168 1467 1327 1538 Jacoboa
1342 1467 1471 1561 prelato
1485 1465 1649 1558 magistro
1663 1471 1697 1536 et
1709 1463 1813 1535 domo
1827 1485 1890 1536 sua
1901 1485 1964 1558 pro

552 1584 673 1658 Trefila
689 1595 724 1656 at
746 1585 862 1658 Castro
886 1607 991 1676 novo,
1009 1587 1104 1680 quod
1124 1588 1251 1660 dicitur
1268 1591 1446 1678 llontlort,
1463 1588 1559 1680 quod
1577 1596 1727 1660 castrum
1748 1587 1872 1660 domus
1889 1585 1964 1680 ipsa

552 1705 701 1780 firmavit
717 1709 753 1780 iu
771 1709 938 1781 territorio
957 1709 1093 1800 Trelile,
1114 1719 1148 1782 et
1167 1733 1230 1806 pro
1252 1712 1390 1804 jardiuo
1407 1721 1442 1784 et
1465 1709 1663 1782 molendino
1682 1709 1727 1781 de
1746 1709 1964 1804 pertinenciis

553 1829 685 1921 Trebia,
708 1852 851 1902 necnon
870 1832 969 1902 lalim
988 1841 1022 1904 et
1039 1833 1210 1923 Tarbuca,
1235 1834 1415 1921 Terbasta,
1437 1835 1541 1924 Sura,
1566 1835 1728 1921 Beauccr,
1745 1832 1961 1922 Camesscra,

555 1956 774 2045 Tertramme,
791 1955 910 2045 Fencs,
928 1955 1058 2046 Tereia,
1077 1956 1220 2044 Gianot,
1236 1956 1311 2048 Get,
1331 1957 1496 2048 Cabbera,
1517 1967 1553 2030 et
1570 1980 1639 2031 uua
1654 1957 1788 2051 gastina
1810 1977 1879 2051 que
1905 1977 1964 2028 vo·

555 2085 652 2148 catur
668 2077 828 2168 Camelie,
846 2077 972 2168 luuite,
989 2079 1128 2167 Blutuu,
1150 2088 1185 2150 et
1202 2101 1272 2152 una
1296 2080 1363 2152 alia
1388 2081 1522 2174 gastina
1543 2103 1613 2174 que
1636 2088 1780 2152 vocatur
1797 2079 1961 2170 Hemalie,

556 2221 625 2292 que
642 2207 695 2272 est
713 2199 759 2271 de
776 2199 994 2294 pertinenciis
1017 2201 1152 2290 Gianot,
1169 2211 1203 2276 et
1220 2203 1401 2275 Castellum
1425 2204 1529 2297 rugis,
1555 2203 1661 2275 salvis
1688 2213 1802 2276 tamen
1819 2203 1964 2274 tenentis

556 2344 644 2416 quas
668 2321 782 2394 dictus
810 2323 973 2416 magister
988 2333 1023 2395 et
1042 2324 1166 2397 domus
1192 2325 1318 2398 babent
1343 2337 1377 2398 et
1404 2335 1522 2398 tenent
1545 2325 1582 2396 iu
1610 2325 1793 2415 domibus,
1817 2324 1916 2396 terris
1931 2331 1965 2395 et

558 2445 682 2534 vincis,
703 2445 903 2541 priusquam
923 2446 1123 2518 habuissent
1140 2447 1330 2520 dominium
1354 2457 1463 2521 terrae
1480 2448 1610 2543 ipsius,
1631 2457 1666 2520 et
1683 2447 1788 2519 salvis
1806 2447 1874 2518 biis
1890 2467 1964 2519 om·

557 2569 661 2642 nibus
676 2591 745 2662 que
765 2569 945 2665 postmodo
959 2578 1116 2641 emerunt
1127 2579 1162 2642 et
1177 2571 1296 2643 datum
1310 2571 1346 2641 in
1357 2571 1542 2643 elemosina
1562 2570 1663 2642 merit
1675 2570 1737 2661 cis,
1752 2569 1882 2640 scilicet
1895 2575 1964 2639 tam

557 2693 593 2764 in
617 2693 729 2764 vineis
747 2715 851 2786 quam
866 2693 902 2762 in
918 2693 1026 2763 terris.
1044 2693 1115 2763 Hcc
1129 2702 1244 2764 autam
1265 2694 1380 2765 omnia
1401 2693 1514 2764 dictus
1529 2694 1676 2766 lacobus
1693 2693 1729 2764 iu
1743 2689 1963 2764 excambium

559 2815 655 2889 dedit
673 2818 803 2909 prelato
819 2816 982 2909 magistro
993 2825 1029 2888 ct
1043 2817 1214 2888 antedicto
1226 2817 1344 2890 domui
1361 2837 1423 2888 sue
1438 2817 1726 2888 Tbeutoniccrum
1739 2837 1800 2910 pro
1811 2835 1875 2886 sex
1887 2813 1964 2883 mil·

559 2939 650 3010 libus
664 2952 699 3010 et
708 2939 969 3033 quadringentis
981 2939 1143 3010 bisauciis
1154 2939 1399 3030 Sarracenatis,
1414 2940 1502 3010 sicut
1511 2939 1669 3034 superius
1683 2947 1735 3009 est
1745 2958 1960 3032 expressum.

560 3061 655 3148 Quos
668 3062 840 3136 bisancius
858 3062 931 3156 ipsa
948 3061 1095 3134 lacobus
1112 3070 1146 3133 et
1162 3061 1304 3134 heredes
1329 3063 1384 3134 sui
1408 3059 1585 3134 annuatim
1608 3041 1761 3155 recipere
1785 3059 1913 3131 debent
1928 3057 1963 3128 in

560 3186 644 3258 locis
664 3194 698 3258 et
721 3185 890 3258 reditibus
906 3185 1085 3279 predictis,
1104 3183 1149 3257 de
1165 3185 1274 3258 tribus
1297 3187 1333 3257 in
1360 3187 1470 3258 tribus
1493 3185 1691 3273 mensibus,
1720 3183 1883 3257 videlicet
1904 3203 1966 3278 per

560 3309 732 3403 quoslibet
754 3317 823 3382 tres
844 3331 980 3382 menses
1007 3309 1178 3382 bisancios
1203 3310 1296 3382 mille
1317 3319 1352 3383 et
1377 3319 1570 3386 sexcentos.
1598 3309 1641 3380 Et
1664 3308 1694 3380 si
1718 3309 1805 3380 iorte
1825 3327 1887 3400 per
1904 3304 1965 3376 do·

561 3433 694 3503 minum
718 3433 815 3526 regni
840 3445 900 3504 aut
921 3453 1142 3526 quocumque
1162 3433 1230 3505 alio
1247 3433 1351 3505 modo
1367 3432 1547 3526 contigerit
1564 3433 1659 3524 quod
1683 3431 1796 3502 dictus
1817 3429 1965 3501 lacobus

559 3556 615 3628 vel
632 3557 709 3647 ejus
725 3553 870 3628 heredes
885 3576 953 3626 non
968 3555 1158 3648 receperint
1173 3555 1345 3626 bisancius
1359 3555 1561 3645 antedictos,
1584 3562 1791 3626 memoratus
1806 3551 1967 3644 magister

560 3689 595 3751 et
617 3679 736 3751 iratres
761 3678 815 3750 sui
837 3699 879 3750 ac
898 3677 1049 3772 predicta
1072 3677 1196 3750 domus
1217 3699 1336 3750 eorum
1366 3686 1523 3750 tenentur
1553 3677 1603 3748 eis
1628 3677 1760 3748 solvere
1786 3673 1875 3746 infra
1903 3693 1966 3746 sex

561 3823 696 3873 meuses
717 3801 933 3874 medietatam
959 3799 1189 3894 predictorum
1210 3799 1458 3890 bisanciorum,
1486 3799 1613 3871 scilicet
1639 3795 1871 3870 bisanciorum
1888 3797 1966 3866 Sar-

562 3933 798 3996 racenatorum
821 3923 886 3995 tria
904 3921 1010 3993 millia
1032 3933 1067 3994 ot
1086 3921 1238 3994 ducenti.
1265 3921 1400 4006 Quibus
1421 3943 1504 3993 vero
1525 3943 1589 3993 sex
1616 3919 1794 3992 mensibus
1811 3926 1967 3988 transac-

562 4047 625 4135 tis,
656 4047 685 4118 si
711 4045 794 4119 dicti
818 4046 980 4140 magister
1003 4055 1037 4116 ot
1057 4047 1176 4116 iratres
1201 4067 1242 4117 ac
1264 4045 1388 4117 domus
1406 4063 1525 4116 eornm
1546 4044 1635 4116 inira
1659 4041 1784 4134 viginti
1806 4040 1881 4113 dies
1893 4040 1966 4130 J‘am

565 4171 657 4244 dicto
686 4169 812 4242 Iacobo
840 4171 896 4241 vel
923 4171 999 4261 ejus
1023 4167 1209 4240 heredibus
1233 4189 1301 4240 non
1331 4159 1495 4240 solverint
1515 4167 1609 4260 ipsos
1634 4163 1826 4253 bisancius,
1855 4170 1894 4232 ut
1915 4169 1968 4232 est

564 4294 714 4382 dictum3
732 4312 795 4363 nos
816 4293 873 4364 vel
887 4291 1031 4364 beredcs
1045 4290 1151 4363 nostri
1171 4311 1240 4362 una
1257 4312 1336 4361 cum
1352 4289 1512 4362 fidelibus
1526 4289 1648 4361 nostris
1663 4295 1699 4358 et
1722 4306 1828 4379 regno
1851 4291 1967 4355 nostro

564 4415 849 4504 lerosolimitano,
877 4415 933 4486 vel
961 4414 1016 4484 illa
1039 4413 1099 4506 qui
1122 4414 1196 4484 loro
1222 4423 1338 4484 nostro
1360 4412 1425 4484 erit
1441 4412 1477 4482 iu
1499 4409 1621 4483 eodem
1639 4429 1745 4502 regno
1766 4406 1868 4478 simul
1888 4425 1967 4476 cum

565 4538 616 4610 eis
635 4547 789 4609 teneatur
810 4536 924 4630 ipsum
951 4535 1116 4607 iacobum
1140 4536 1197 4607 vel
1226 4533 1370 4607 heredes
1388 4555 1468 4606 suos
1481 4555 1608 4628 ponera
1628 4533 1664 4603 in
1678 4529 1840 4602 saisinam
1860 4536 1894 4600 et
1909 4527 1968 4596 in·

567 4659 692 4734 vestire
715 4680 775 4732 cos
792 4657 838 4731 de
859 4667 929 4731 tota
947 4667 1035 4730 terra
1052 4657 1212 4753 superius
1229 4657 1419 4749 nominata,
1441 4677 1547 4751 quam
1571 4653 1685 4728 dictus
1704 4651 1852 4725 lacobus
1872 4646 1969 4723 dedit
