4702 6110
407 669 504 730 lacertu.
519 667 563 746 3.]
859 665 1055 728 HISTORIA
1081 661 1372 726 nlruonsrtca.
1758 659 1819 720 415
1933 715 1937 722 .

458 1244 642 1328 Henricus
664 1245 925 1328 Romanorum
942 1269 1008 1326 rex
1028 1241 1196 1326 notificet
1212 1267 1279 1350 per
1302 1241 1527 1323 sententiam
1545 1241 1759 1350 principum
1776 1241 1815 1322 in

404 1376 510 1460 ouria
525 1401 595 1459 sua
612 1375 729 1460 fuisse
742 1376 957 1487 judicatum
979 1375 1085 1484 quod
1103 1374 1286 1457 Henricus
1300 1372 1424 1484 major
1435 1373 1537 1456 filius
1551 1375 1659 1456 ducis
1672 1375 1816 1458 Lotha-

404 1508 551 1620 nngaiee
568 1509 689 1618 possit
711 1535 752 1592 se
769 1508 1019 1592 intromittere
1036 1508 1084 1590 de
1104 1507 1215 1591 bonis
1233 1533 1333 1617 quae
1355 1506 1533 1590 defuncta
1550 1517 1672 1590 matre
1688 1509 1815 1618 possi-

405 1640 488 1748 ee,
514 1641 547 1722 si
565 1641 667 1724 nem
684 1641 764 1724 oux
780 1641 944 1724 nenne
961 1641 1107 1751 aliquid
1119 1639 1210 1724 vern
1227 1641 1275 1723 ee
1293 1639 1404 1725 nonis
1416 1619 1573 1723 einen.

487 1851 614 1936 (Edtdsr.
630 1856 786 1933 Bonane,
812 1853 920 1936 Tropb.
940 1854 982 1918 dc
1002 1854 1105 1929 Brab,
1124 1857 1154 1931 1,
1171 1865 1219 1920 te.
1232 1886 1272 1904 -
1285 1855 1406 1930 Lunna,
1430 1853 1497 1920 Gon.
1517 1855 1611 1918 Geren
1625 1855 1758 1938 dictem„
1775 1861 1815 1933 11,

534 1971 620 2023 root.
631 1994 672 2010 -
685 1963 795 2040 Panna,
809 1963 938 2025 Monam
953 1963 1044 2026 Ger-rt
1056 1962 1167 2044 teuc
1178 1964 1232 2038 IV,
1242 1981 1274 2042 p.
1284 1973 1352 2028 aot.
1367 1964 1437 2027 (bb
1450 1981 1520 2028 cum
1531 1965 1636 2048 Rapiat.
1650 1963 1699 2026 der
1714 1963 1814 2028 chart.

529 2065 564 2130 de
577 2067 713 2146 Brob.,B
724 2071 774 2132 rot
786 2079 803 2132 ⁵
815 2087 916 2144 remo,
931 2072 964 2132 ln
976 2071 1057 2133 arch.
1072 2069 1214 2148 Bruxell.)

457 2257 625 2329 Henricus
642 2257 704 2331 Dei
726 2258 836 2352 gretia
856 2257 1088 2331 Romanorum
1109 2281 1170 2332 mx
1189 2267 1223 2332 et
1236 2279 1372 2355 semper
1392 2265 1578 2351 augustus,
1596 2257 1758 2330 omnibus
1771 2258 1816 2332 ad

408 2403 497 2476 quos
513 2403 656 2477 presens
669 2381 835 2478 scriptum
856 2383 1052 2478 pervenerit
1067 2383 1215 2478 gratiam
1239 2391 1392 2456 suamet
1411 2403 1514 2455 omne
1527 2381 1671 2454 bonum.
1691 2381 1814 2455 Notum

407 2505 552 2580 tacimus
569 2504 666 2600 quod
688 2527 768 2578 oum
790 2506 959 2580 Henrious
974 2508 1084 2600 major
1106 2505 1198 2580 fliius
1220 2507 1361 2580 illustris
1381 2505 1547 2604 principis
1568 2505 1669 2580 ducis
1692 2506 1815 2580 Lotba·

406 2627 519 2726 ringis
538 2638 680 2704 manem
699 2631 859 2704 habuerit
874 2640 910 2705 et
928 2631 986 2706 illa
1006 2633 1052 2706 sit
1074 2641 1225 2723 mortua,
1250 2654 1313 2728 per
1334 2631 1537 2706 sententiam
1558 2631 1753 2727 principum
1777 2632 1813 2705 in

407 2753 503 2826 euna
525 2763 642 2828 nostra
668 2764 721 2828 est
738 2755 950 2848 judicatum,
969 2755 999 2827 si
1024 2753 1118 2829 idem
1143 2755 1220 2829 dux
1238 2755 1283 2829 de
1302 2755 1403 2828 bonis
1424 2776 1494 2850 que
1506 2753 1660 2851 possidet
1680 2755 1813 2850 aliquid

406 2877 557 2952 alienare
570 2879 627 2951 vel
641 2877 677 2949 in
692 2901 817 2953 manus
830 2883 1012 2954 uansfnre
1027 2881 1132 2954 vellet
1148 2879 1292 2972 alienas,
1311 2879 1423 2953 dictus
1437 2879 1603 2952 chricus
1620 2900 1658 2952 se
1681 2879 1726 2953 de
1740 2881 1812 2952 eis-

406 3001 486 3078 dem
511 3003 613 3077 bonis
636 3013 752 3100 posset
778 3005 1002 3078 intromittere
1022 3013 1057 3078 et
1077 3025 1118 3078 ea
1138 3025 1309 3100 occupare
1336 3004 1477 3076 licenter
1499 3003 1544 3076 ad
1570 3025 1655 3076 usus
1677 3025 1759 3077 suos
1777 3017 1812 3077 et

405 3137 533 3202 tencre.

452 3254 577 3326 Datum
604 3253 829 3349 runeberge,
860 3273 951 3327 enno
982 3251 1096 3347 gracie
1129 3251 1309 3325 millesimo
1341 3252 1577 3326 ducentesimo
1614 3251 1806 3342 tricesimo,

405 3378 565 3473 proxima
583 3379 688 3454 tercia
703 3377 753 3476 (a)
771 3378 944 3453 dominica
966 3387 1045 3474 post
1060 3379 1185 3450 festum
1199 3377 1345 3469 Pascha,
1364 3377 1437 3449 1111·
1455 3375 1620 3449 kalendas
1634 3376 1734 3466 maii,
1755 3377 1808 3448 in·

404 3499 554 3576 dictione
567 3503 634 3578 ΠΡ.

1895 1255 1957 1308 apua

1860 1307 1991 1418 iffi&

323 4145 331 4164 ,
451 4065 542 4153 Otto
561 4068 688 4154 Sancti
710 4070 854 4157 Nicolai
874 4073 1083 4158 incarcere
1101 4073 1475 4158 Tullianodieoonus
1497 4073 1701 4158 cardinalis
1715 4101 1807 4184 upo-
1951 4097 1971 4192 '.'

397 4198 551 4284 stolicee
565 4201 673 4287 Sedis
686 4204 836 4316 legatus
849 4205 1034 4316 episcopis
1047 4205 1346 4315 Monasteriensi,
1358 4205 1660 4290 Pederburnensi
1676 4217 1713 4291 et
1729 4209 1808 4294 Os-

395 4331 627 4446 naburgensi
647 4339 806 4422 mandat
831 4349 875 4424 ut
899 4339 1069 4424 favorem
1091 4349 1129 4424 et
1150 4339 1335 4424 auxilium
1360 4340 1583 4450 impendent
1605 4339 1734 4424 abbati
1760 4343 1807 4425 de

394 4465 574 4552 Bredelar
586 4470 844 4584 fratribusque
857 4473 1180 4584 praedicatoribus
1196 4474 1371 4559 Conrado
1388 4475 1437 4558 de
1451 4474 1619 4558 Huxeria
1633 4474 1806 4589 (flenter)

393 4757 418 4818 fl
435 4647 479 4733 (a)
500 4654 586 4720 Hanc
597 4673 703 4722 rocem
716 4659 803 4724 tertia
817 4676 864 4740 ap.
878 4661 965 4725 Peru
978 4663 1129 4738 emtum,
1144 4661 1231 4725 uelde
1253 4667 1354 4726 nmen
1365 4663 1562 4762 inmunem
1574 4678 1613 4724 cx
1625 4663 1725 4724 codtce
1738 4680 1806 4724 res-

419 4761 537 4823 tultum
