4710 6076
420 609 519 670 lunser.
538 605 598 690 la]
869 601 1064 664 HISTORIA
1088 599 1383 664 ntrtouartcn.

478 1201 661 1295 Henricus
687 1200 947 1286 Romanorum
974 1224 1039 1282 rex
1068 1197 1213 1282 Cellam
1241 1198 1414 1282 omnium
1442 1197 1667 1282 Sanctorum
1693 1199 1732 1279 in
1761 1219 1831 1282 sua
1874 1203 2007 1312 {3⁸:²53-

425 1335 656 1447 protectione
671 1333 843 1442 suscipit,
857 1331 1111 1441 omnibusque
1123 1331 1433 1430 ministerialibus
1456 1341 1494 1414 et
1508 1329 1732 1424 officialibus
1751 1330 1831 1414 suis

426 1469 608 1580 praecipit
623 1477 667 1552 ut
678 1467 833 1550 nuntios
846 1465 1037 1574 praefatae
1052 1464 1191 1572 Cellae,
1207 1491 1296 1548 cum
1309 1465 1588 1576 eleemosynam
1604 1463 1831 1574 postulaturi

428 1601 662 1708 advenerint,
678 1599 871 1684 caritative
882 1598 1077 1708 recipiant.

510 1843 613 1924 (Edld.
635 1841 845 1915 Scaomrnvn,
865 1837 957 1902 Aleot
981 1836 1144 1920 captemus,
1163 1845 1187 1901 t.
1203 1841 1235 1912 1,
1257 1857 1287 1917 p.
1308 1848 1378 1914 eoo,
1393 1849 1426 1902 u⁰
1445 1850 1515 1920 tao,
1529 1857 1566 1902 en
1587 1841 1714 1904 tabular.
1737 1842 1831 1904 tamti.

549 1947 785 2028 Sebauauburg.)

481 2164 524 2234 ll.
543 2161 606 2236 Dei
628 2161 737 2256 gratia
754 2161 985 2234 Romanorum
1001 2180 1066 2232 rex
1079 2167 1114 2232 et
1133 2181 1268 2255 semper
1288 2168 1471 2254 augustus,
1489 2141 1658 2234 universis
1676 2160 1837 2256 paginam

433 2294 626 2381 presentem
640 2284 856 2357 intuentibus
872 2283 1017 2374 gratiam
1034 2305 1133 2355 suam
1150 2292 1184 2356 et
1200 2305 1303 2356 omne
1324 2285 1467 2357 bonum.
1487 2284 1573 2356 Cum
1592 2306 1613 2356 a
1634 2283 1733 2356 nobis
1752 2283 1838 2358 ordo

429 2410 518 2504 juris
540 2419 576 2482 et
597 2409 708 2504 piatas
736 2409 831 2501 regie
859 2406 1039 2480 clementie
1066 2408 1265 2480 naturaliter
1288 2409 1407 2502 exigat
1428 2408 1518 2480 votis
1542 2409 1780 2502 religiosorum
1805 2419 1839 2482 et

429 2536 532 2628 justis
555 2533 844 2630 postulationibus
865 2554 985 2606 eorum
1012 2553 1130 2604 aurem
1151 2533 1383 2606 misericordia
1405 2533 1592 2626 benignius
1617 2533 1781 2606 inclinare
1806 2544 1841 2606 et

434 2680 497 2754 pro
523 2679 626 2754 posse
653 2679 778 2730 manus
806 2657 1028 2752 potestativas
1057 2655 1285 2730 humilitatem
1310 2679 1429 2730 eorum
1451 2658 1595 2730 sollicite
1621 2655 1839 2730 defendendo

432 2781 604 2855 indefesse
621 2779 826 2872 extendere,
842 2779 925 2851 hinc
943 2779 1107 2876 estquod
1125 2779 1270 2875 dignum
1289 2779 1456 2856 duximus
1475 2782 1636 2854 omnibus
1656 2781 1752 2876 regie
1764 2803 1840 2855 ma·

429 2905 544 3000 jestati
570 2913 686 2979 nostre
710 2903 1025 3000 obtemperantibus
1046 2904 1292 2979 insinuandum
1312 2907 1408 3001 quod
1431 2929 1494 2981 nos
1514 2907 1581 2980 sub
1603 2906 1739 2980 fidelem
1762 2927 1841 3003 pro-

434 3031 617 3104 tectionem
631 3029 847 3102 celsitudinis
863 3037 978 3102 nostre
999 3029 1113 3102 locum
1134 3031 1195 3125 qui
1212 3031 1338 3104 dicitur
1353 3031 1444 3106 Cella
1465 3033 1620 3105 omnium
1636 3034 1839 3105 sanctonum

434 3175 515 3226 cum
536 3153 692 3250 personis
711 3151 946 3225 contuendum
964 3161 999 3226 et
1021 3153 1230 3226 servandum
1248 3156 1477 3252 suscepimus.
1494 3157 1661 3244 Quocirca
1677 3157 1840 3230 omnibus

434 3277 727 3368 ministerialibus,
746 3277 878 3349 clericis
900 3285 934 3348 et
959 3276 1162 3350 officialibus
1194 3279 1319 3352 noscis
1344 3281 1549 3354 mandamus
1572 3279 1840 3374 mandandoque

436 3398 577 3472 firmiter
600 3399 809 3496 precipimus
833 3409 1005 3494 quatenus
1030 3402 1174 3475 nuncios
1197 3403 1326 3499 prelata
1345 3404 1435 3478 Cella
1458 3425 1546 3498 quos
1569 3405 1607 3476 in
1630 3403 1840 3478 conductum

437 3532 472 3594 et
488 3523 671 3618 specialem
692 3523 926 3598 defensionem
943 3535 1095 3599 nostram
1116 3527 1382 3624 assumpsimus,
1402 3549 1482 3602 cum
1504 3529 1628 3604 advos
1645 3527 1712 3601 sub
1729 3527 1842 3602 officio

438 3646 596 3742 petitorio
625 3648 868 3724 eleemosinam
897 3658 967 3723 tam
990 3671 1012 3722 a
1037 3651 1138 3724 vobis
1157 3673 1263 3745 quam
1288 3651 1325 3723 in
1352 3651 1504 3726 ecclesiis
1525 3651 1648 3726 vestris
1669 3651 1844 3726 humiliter

437 3771 642 3866 postulaturi
661 3771 698 3844 iu
718 3772 913 3872 subsidium
931 3771 1056 3848 domus
1070 3795 1134 3848 sue
1144 3773 1367 3867 advenerint,
1393 3775 1570 3850 canteliva
1591 3775 1763 3871 recipiatis
1779 3796 1845 3848 nec

438 3895 592 3988 aliquam
620 3904 752 3991 purtem
778 3905 875 3991 parte
901 3897 937 3968 in
964 3897 1118 3972 eeclesiis
1139 3899 1345 3973 eleemosina
1365 3921 1428 3996 pru
1454 3899 1763 3996 qualibuscumque
1784 3921 1845 3974 ne·

438 4017 541 4110 gotila
555 4018 612 4091 val
632 4017 809 4092 laboribus
823 4019 948 4096 vestris
965 4021 1010 4094 ab
1027 4021 1071 4095 iis
1088 4023 1321 4118 extorquentis
1339 4025 1395 4096 vel
1415 4023 1612 4120 extorqueri
1626 4024 1841 4120 permittatis.

438 4142 595 4216 Preterea
611 4143 775 4216 volumus
792 4164 864 4236 eos,
883 4143 920 4218 iu
932 4145 1210 4242 quibuscumque
1233 4147 1386 4220 arminia
1408 4149 1531 4223 vestris
1551 4149 1690 4238 luerint,
1706 4147 1843 4222 tuitioni

438 4275 554 4341 nostra
557 4319 730 4342 ...........
745 4267 929 4344 efficaciter
943 4270 1099 4357 subesse.

486 4389 612 4488 Datum
640 4391 824 4484 Humana,
847 4411 939 4466 anno
963 4389 1135 4469 dominice
1155 4395 1398 4470 incarnationis
1420 4395 1646 4492 MCCXXVll,
1669 4398 1761 4472 xvlt
1781 4397 1844 4472 la·

440 4511 561 4588 laudas
576 4513 672 4608 maii,
689 4513 879 4590 indictione
890 4515 964 4590 XV.
