4702 6110
401 615 561 702 4444444444]
847 608 1044 672 HISTORIA
1070 606 1364 670 uleuoldll'llcn

802 1009 914 1072 444Νο
941 1008 1039 1071 1230.
1063 1001 1413 1068 -1u1t1culouun

462 1705 625 1816 Legatus
638 1705 821 1790 Leodium
825 1767 905 1788 .....
922 1703 1147 1816 ueniens(l)
1163 1705 1212 1788 ab
1226 1705 1408 1790 aduocato
1418 1705 1586 1816 Aquensi
1599 1716 1637 1790 et
1650 1703 1820 1788 dmoldo
1868 1707 1998 1814 iffi}

410 1837 458 1921 de
472 1839 708 1923 Gimme'nich
722 1847 760 1922 et
778 1839 861 1924 eliis
877 1838 1090 1922 fautoribus
1107 1839 1345 1948 imperaton's
1359 1839 1515 1952 sugatur
1527 1848 1565 1921 et
1577 1839 1640 1921 vix
1657 1839 1820 1922 evadens

412 1971 452 2052 in
470 1979 594 2054 caeno
608 1971 716 2083 lloyo
735 1972 914 2081 recipitur
928 1971 1004 2084 (2).
1025 1974 1190 2082 Proque
1205 1971 1822 2082 injuriasibiillateexoommuni·

412 2103 569 2186 cationis
584 2105 808 2188 sententiam
821 2105 862 2188 in
875 2105 1119 2190 leodiensem
1135 2105 1324 2190 civitatem
1337 2105 1557 2214 promulgat
1571 2104 1826 2214 exirepreeci·

412 2236 519 2344 piene
547 2245 672 2320 totum
698 2237 844 2320 clerum
870 2235 946 2348 (3).
973 2237 1117 2320 Eadem
1141 2239 1257 2322 etiam
1283 2237 1672 2322 excommunicatione
1695 2247 1826 2348 postea

415 2367 611 2479 Aquenses
628 2367 724 2480 liget
743 2395 814 2478 pro
832 2395 877 2452 eo
895 2369 1001 2480 quod
1017 2369 1237 2480 episcopum
1254 2369 1506 2456 Mutinensem
1524 2371 1572 2454 de
1591 2370 1721 2454 Prutia
1741 2377 1827 2480 post

452 2687 489 2762 (4)
507 2687 562 2748 lete
572 2693 663 2748 4444444
676 2691 711 2746 49
725 2687 877 2748 decembris
886 2690 956 2748 4449
967 2687 1137 2748 Gemtnntiee
1151 2688 1319 2762 4444444444,
1334 2705 1368 2746 ex
1383 2687 1522 2762 privilegio
1538 2691 1701 2748 monestede
1712 2689 1827 2750 84444444

414 2787 514 2846 limiae
524 2787 696 2862 llagmnnae
710 2786 822 2858 indulto,
837 2786 892 2844 (444.
901 2785 1067 2856 Constantis,
1083 2801 1154 2842 44444
1165 2785 1272 2842 nomini
1284 2787 1309 2844 ll
1321 2785 1363 2843 OC
1375 2786 1478 2856 XXIX,
1492 2786 1555 2844 XIV
1566 2785 1694 2844 kalendas
1701 2787 1826 2862 ianuarii,

415 2885 558 2943 indictione
572 2885 609 2958 11,
624 2901 669 2960 ap.
682 2886 824 2956 44444444,
837 2884 1037 2953 mesnilian,
1053 2887 1075 2938 4.
1089 2883 1118 2954 1,
1134 2883 1253 2958 append.
1268 2887 1296 2940 4.
1313 2903 1327 2937 α
1341 2883 1493 2958 Pemgnatie
1507 2884 1691 2957 superioribus
1704 2884 1828 2944 Aleman-

418 2983 506 3042 eniae
519 2983 651 3058 partibus,
662 2983 726 3041 Otto
741 2981 828 3039 sancti
845 2981 947 3038 Nicolai
963 2981 990 3036 in
1008 2995 1115 3038 camere
1132 2980 1253 3038 Tulliano
1264 2979 1391 3038 diaconus
1408 2980 1565 3054 cadinalis,
1580 2983 1752 3055 postmodum
1771 2971 1829 3059 cpi·

418 3101 432 3136 4
448 3095 546 3156 scopus
558 3080 725 3152 Parmensis,
738 3080 813 3138 venit
823 3077 952 3138 leodium
966 3079 1101 3136 dominica
1121 3078 1149 3135 ln
1166 3079 1365 3153 septuagesima
1385 3077 1599 3154 (Sexageeimal)
1616 3079 1644 3136 44
1659 3098 1713 3154 qna
1724 3082 1830 3140 canitur

418 3187 551 3238 44444444
567 3197 574 3234 :
590 3179 768 3238 commovisti
779 3177 894 3234 Domine
909 3183 1010 3234 4444444
1027 3183 1053 3232 et
1070 3176 1238 3234 conturbasti
1258 3193 1332 3244 eom,
1353 3193 1423 3250 quae
1444 3183 1503 3234 erat
1517 3179 1632 3251 septimo
1649 3178 1775 3240 kalendas
1791 3179 1829 3240 44-

419 3293 432 3327 s
448 3274 548 3332 bmarli
558 3277 603 3345 (46
612 3273 735 3346 januarii)
748 3287 818 3330 enno
831 3273 999 3346 praescripto
1014 3275 1095 3344 4444,
1110 3279 1141 3329 44
1151 3273 1299 3331 iohannem
1311 3279 1376 3329 tunc
1386 3273 1538 3348 praesulem
1549 3275 1683 3333 Romame
1694 3276 1829 3336 Ecclesiae

419 3371 547 3430 »laedere
559 3371 690 3428 4444444444
703 3370 850 3446 4444444444.
863 3389 877 3424 s
891 3373 981 3428 AEenn
995 3371 1120 3428 444444.
1135 3387 1180 3446 up.
1194 3371 1398 3442 cannense,
1412 3373 1450 3444 11,
1461 3375 1526 3431 449.

454 3469 491 3544 (4)
511 3491 524 3523 a
541 3469 593 3538 Qui
608 3469 711 3542 legalius
723 3467 752 3526 44
764 3468 855 3542 vigilie
865 3469 953 3527 4444444
964 3468 1098 3529 Valentini
1113 3468 1157 3542 (44
1168 3468 1248 3542 febr.)
1267 3471 1374 3544 lloynrn
1388 3469 1502 3528 veniens
1516 3469 1661 3529 honorifice
1679 3487 1695 3529 4
1709 3471 1830 3531 iohanne

423 3587 436 3622 s
447 3568 575 3642 episcopo
586 3567 714 3643 recipitur
725 3568 754 3624 in
763 3569 852 3624 cestro
862 3567 1003 3624 liciensi.»
1015 3568 1143 3624 4444444.
1157 3567 1192 3622 ad
1203 3581 1267 3624 nnn.
1279 3567 1358 3624 44444.
1367 3567 1422 3624 «m
1431 3583 1493 3624 cum
1507 3566 1577 3623 idem
1589 3567 1732 3627 cardinalis
1743 3575 1830 3630 44444·

423 3685 436 3718 e
450 3671 511 3725 aeto
522 3669 643 3740 tempere
653 3664 765 3738 (44444444
775 3671 838 3739 poet
845 3665 986 3724 concilium
995 3664 1199 3738 llerbipoleme,
1209 3669 1239 3720 44
1247 3664 1358 3737 aurat),
1368 3663 1453 3720 exiret
1461 3669 1566 3737 portem
1576 3665 1691 3725 civitatis
1701 3667 1829 3725 leodien·

422 3764 497 3834 esis,
511 3763 804 3836 comandamento
815 3763 894 3837 regin
910 3769 941 3819 44
957 3762 1063 3833 detur,
1079 3762 1168 3835 ipsum
1180 3759 1328 3820 interficere
1344 3760 1495 3819 vnlnemnt.
1508 3761 1585 3818 Unde
1600 3767 1630 3819 44
1646 3763 1747 3821 crimen
1764 3763 1828 3821 illud

422 3879 435 3913 4
449 3860 523 3935 quod
536 3875 608 3918 unus
620 3859 664 3918 vel
679 3860 733 3917 duo
749 3859 844 3917 ribaldi
861 3859 1032 3916 attentabant
1040 3885 1055 3931 ,·
1067 3857 1210 3916 cardinalis
1223 3859 1252 3916 in
1263 3861 1347 3916 4444444
1360 3857 1495 3915 4444444444
1508 3859 1630 3930 remisit,
1644 3865 1673 3918 44
1683 3861 1734 3919 4444
1750 3875 1829 3920 ecee·

423 3974 436 4008 4
450 3955 526 4014 siene
539 3954 598 4030 ipsa
612 3955 708 4012 4444444
721 3955 777 4012 lere
788 3970 839 4030 per
849 3969 951 4010 annum
962 3954 1034 4028 gravi
1048 3953 1188 4012 incendiato
1199 3952 1367 4026 subiacuit.»
1381 3951 1471 4020 Idem,
1487 3953 1522 4010 ad
1534 3971 1597 4013 ann.
1609 3957 1688 4014 4244.

457 4053 493 4126 (4)
512 4051 552 4112 cl.
566 4053 657 4109 AEesn
669 4051 793 4110 444444.
807 4049 859 4109 444.
873 4065 948 4124 supr.
962 4051 1052 4124 citato,
1068 4057 1096 4108 44
1106 4053 1182 4108 illst.
1194 4051 1349 4109 44444448.
1360 4051 1447 4108 Leuc.
1462 4052 1541 4108 leod
1555 4067 1600 4127 ap.
1609 4055 1753 4126 44444444,
1765 4057 1829 4114 ,4444-

418 4149 496 4224 plius.
515 4147 626 4221 4444444,
641 4155 663 4205 4.
678 4148 729 4214 lv,
744 4165 772 4222 p.
786 4149 864 4205 4494.
877 4145 929 4218 Qui
943 4153 1051 4206 44444444
1064 4147 1413 4222 clercs⁴Lecdienees,‘cum
1427 4163 1510 4222 snper
1520 4149 1681 4223 praebendis
1693 4153 1749 4209 suis
1759 4153 1830 4210 inter

421 4258 514 4306 omnes
526 4245 672 4320 4444444444·
680 4243 831 4303 dividendis
840 4245 967 4304 4444444414
979 4244 1058 4302 valde
1069 4245 1233 4317 4444444444,
1246 4245 1274 4302 in
1286 4245 1414 4304 emiliam
1425 4260 1504 4303 sunm
1517 4245 1668 4320 praeuidcsn
1676 4247 1829 4321 dqneusem

421 4345 574 4402 4444444444.
589 4344 649 4414 Quo
668 4343 773 4414 audite,
792 4343 858 4400 0444
872 4359 934 4400 cnm
953 4342 1081 4416 episeopo
1101 4341 1169 4400 44444
1186 4357 1324 4416 effessum,
1342 4343 1471 4418 populum
1488 4341 1540 4400 sibi
1552 4344 1640 4402 minas
1650 4345 1775 4418 injecisse
1787 4361 1830 4405 ra·

421 4445 482 4511 tm,
496 4440 625 4500 leodium
640 4440 782 4498 4444444444
800 4439 952 4513 sumsit.
964 4439 1110 4512 Postquam
1127 4444 1217 4497 444444
1229 4455 1277 4498 rex
1293 4442 1425 4498 4444444444
1438 4440 1535 4498 ducem
1552 4441 1694 4499 44444444
1709 4443 1780 4516 (scil.
1795 4445 1830 4503 de

422 4536 564 4611 limburg]
575 4537 632 4596 leuc
643 4537 762 4596 misisset
778 4537 813 4594 nd
830 4537 970 4594 4444444444
983 4536 1184 4610 inquirendam,
1197 4538 1353 4612 episcopum
1363 4537 1497 4611 regallbm
1508 4538 1600 4595 444444
1616 4539 1689 4597 unde
1696 4541 1830 4600 4444444444

422 4633 544 4707 gumias,
559 4633 632 4692 44444
645 4633 753 4692 lumbe
771 4633 929 4692 4444444444
941 4634 1093 4692 commissa.
1109 4635 1177 4694 l‘sce
1196 4641 1286 4692 lamen
1307 4634 1376 4692 inter
1394 4635 1493 4708 Papam
1514 4639 1542 4692 et
1558 4634 1746 4710 impmateuem
1766 4651 1829 4696 con·

423 4727 508 4803 444444,
522 4730 680 4790 4444444444
698 4730 800 4806 legatus
819 4729 955 4790 4444444444.
969 4730 1046 4790 Unde
1062 4736 1138 4806 patet
1156 4731 1291 4804 AEgidium
1311 4746 1427 4805 emese,
1442 4743 1499 4790 rem
1518 4736 1602 4791 444444
1623 4733 1656 4792 ad
1673 4750 1735 4792 ann.
1758 4739 1823 4796 4444
