4702 6110
540 637 601 698 ull
1061 633 1232 696 nauale!
1257 633 1423 696 seretur
1762 633 1842 714 [Aua.
1862 635 1948 702 1230.

540 792 680 866 queque
694 779 774 844 ante
787 772 918 847 Pascha
928 783 963 847 et
976 779 1054 846 octe
1070 780 1147 868 post
1160 770 1291 844 Pascha
1309 771 1373 844 ibit
1386 769 1473 844 civis
1485 769 1686 844 Leodiensis
1698 790 1760 866 per
1777 771 1951 848 civitatem

540 894 646 968 libere
663 895 710 968 ita
725 896 823 990 quod
846 919 926 970 enm
947 898 1064 970 nullus
1078 895 1187 992 possit
1202 917 1264 990 pro
1286 895 1403 990 alique
1421 895 1539 970 debite
1555 894 1644 970 intra
1658 895 1723 970 hes
1744 895 1871 970 diesin
1891 899 1951 990 jus

539 1017 685 1092 trahere.
707 1020 745 1092 ln
765 1019 904 1096 civitate
923 1021 1104 1095 leodiensi
1128 1021 1296 1094 nonlicet
1318 1019 1535 1116 cauponibus
1558 1027 1597 1092 ut
1617 1019 1810 1094 revendant
1830 1043 1951 1096 carnee

538 1163 652 1216 emere
672 1143 784 1217 aleria
809 1145 885 1218 sive
905 1145 1054 1219 meantia
1078 1144 1155 1218 sive
1178 1143 1248 1216 sint
1271 1143 1379 1233 salsa,
1400 1164 1514 1238 neque
1535 1143 1647 1239 pisces
1669 1143 1778 1216 salsos
1800 1144 1877 1217 sive
1895 1167 1950 1220 re·

537 1275 665 1350 centes,
683 1289 748 1340 nec
764 1269 915 1342 volatilia
930 1290 1044 1364 neque
1059 1267 1279 1340 venationem
1299 1267 1504 1362 priusquam
1524 1267 1619 1340 cives
1641 1267 1804 1352 emerint,
1822 1267 1950 1343 deinde
2069 1343 2071 1345 ,

535 1391 682 1464 ministri
696 1393 932 1485 ecclesiarum,
950 1393 1139 1466 servientes
1158 1389 1360 1464 clericorum
1375 1398 1409 1462 et
1425 1389 1566 1464 clientas
1577 1390 1721 1462 civium.
1736 1390 1816 1464 Post
1829 1390 1948 1464 horam

535 1536 618 1588 vero
640 1537 768 1590 nonam
790 1517 853 1589 hee
872 1516 986 1590 omnia
1006 1515 1156 1612 cauponi
1175 1535 1289 1588 emere
1306 1513 1439 1604 licebit,
1458 1513 1522 1588 sed
1536 1513 1618 1588 inde
1636 1513 1736 1588 decet
1749 1514 1818 1588 tale
1835 1513 1949 1588 torum

534 1639 681 1714 reddere
701 1641 804 1736 quale
822 1639 967 1715 dederat
988 1641 1085 1735 prins
1104 1639 1161 1712 ille
1185 1639 1247 1732 qni
1272 1637 1443 1712 vendidit.
1464 1639 1502 1710 ln
1525 1637 1664 1712 civitate
1688 1636 1868 1712 Leodiensi
1894 1638 1949 1710 vir

534 1765 633 1857 eujus
650 1772 703 1836 est
724 1765 877 1838 officium
898 1765 981 1836 illuc
999 1763 1152 1838 vendere
1170 1783 1240 1834 uon
1257 1761 1361 1837 debet
1374 1761 1432 1834 ille
1449 1763 1528 1857 plus
1540 1782 1647 1856 quam
1665 1783 1834 1834 summam
1853 1761 1947 1834 illum

533 1908 602 1981 que
626 1888 690 1960 last
713 1889 903 1983 vulgariter
925 1887 1053 1962 dieitur
1076 1887 1233 1960 similiter
1253 1907 1367 1960 emere
1386 1895 1446 1960 aut
1471 1887 1507 1958 in
1534 1885 1697 1960 solarium
1718 1907 1822 1958 snum
1847 1906 1948 1982 repo-

536 2033 617 2084 nere
631 2034 652 2086 a
664 2014 751 2086 festo
769 2013 885 2086 Sancti
900 2012 1038 2088 Martini
1055 2033 1167 2105 usqne
1178 2010 1225 2086 ad
1237 2012 1386 2084 natalem
1403 2010 1552 2084 Domini.
1572 2010 1609 2084 Si
1625 2009 1781 2084 carnifex
1803 2030 1946 2106 porcum

535 2145 595 2208 aut
616 2156 759 2210 vaccam
780 2145 842 2210 aut
868 2137 992 2210 bovem
1016 2135 1063 2210 ad
1086 2133 1362 2210 interficiendum
1388 2134 1509 2208 emerit
1530 2142 1566 2208 et
1591 2133 1685 2206 illam
1708 2133 1862 2208 serviens
1883 2133 1946 2208 ali·

535 2263 633 2353 eujus
653 2260 767 2334 elerici
782 2261 839 2333 vel
856 2261 943 2336 civis
968 2261 1097 2334 habere
1120 2259 1287 2348 voluerit,
1306 2256 1459 2332 carnifici
1483 2267 1533 2332 tot
1554 2257 1684 2332 solidos
1704 2258 1762 2332 vel
1786 2257 1946 2332 denarios

533 2393 617 2478 quet
629 2384 705 2479 ipse
719 2385 864 2458 bestiam
880 2386 971 2460 illam
987 2394 1117 2460 emerat
1135 2383 1258 2458 reddet
1272 2385 1416 2460 etillam
1429 2383 1583 2480 recipiet,
1604 2392 1639 2458 et
1655 2383 1686 2456 si
1704 2381 1778 2456 fieri
1798 2403 1867 2456 non
1883 2405 1946 2478 po-

533 2517 598 2581 test
615 2507 682 2582 alio
698 2509 803 2584 modo
817 2531 928 2584 unum
947 2519 1081 2584 tantum
1103 2509 1285 2584 denarium
1306 2509 1421 2600 dabit,
1439 2509 1532 2584 etde
1553 2511 1648 2582 lucro
1666 2508 1724 2580 ille
1741 2508 1803 2602 qui
1823 2507 1945 2582 vendit

532 2631 602 2704 illic
618 2642 801 2728 postquam
823 2655 995 2707 summam
1011 2635 1104 2709 illam
1117 2655 1187 2728 qne
1207 2635 1273 2707 last
1290 2634 1483 2730 appellatur
1500 2630 1698 2718 vendiderit
1710 2632 1813 2706 aliam
1830 2651 1945 2708 emm

533 2765 685 2830 recenter
699 2755 750 2853 (n)
765 2757 900 2854 poterit.
918 2758 1048 2852 Siquis
1062 2758 1150 2831 civis
1166 2759 1212 2832 de
1230 2758 1347 2853 aliquo
1363 2757 1481 2832 debito
1499 2775 1615 2830 ceram
1631 2755 1764 2849 justitia
1782 2755 1847 2828 fnit
1860 2777 1945 2830 con·

532 2879 662 2973 vietus,
691 2882 869 2976 precipere
887 2881 991 2956 debet
1014 2883 1046 2956 ei
1072 2882 1211 2956 villicus
1233 2892 1272 2954 nt
1299 2883 1366 2955 hcc
1391 2881 1547 2956 debitum
1569 2880 1626 2953 vel
1646 2881 1776 2967 solvat,
1795 2879 1851 2954 vel
1876 2880 1943 2954 nisi

533 3003 751 3096 fidejussores
767 3004 902 3079 dederit
917 3014 996 3078 ante
1010 3007 1092 3080 solis
1109 3027 1271 3082 oceasum
1292 3015 1327 3080 et
1347 3007 1377 3078 si
1395 3014 1556 3079 nentrum
1573 3005 1709 3096 lecerit,
1732 3003 1853 3078 turrim
1868 3005 1942 3100 epi·

530 3128 625 3222 seopi
643 3139 761 3224 aperte
779 3129 811 3202 ei
827 3131 915 3202 ostio
930 3129 1233 3224 ingrediatur,nec
1247 3130 1341 3222 indo,
1356 3131 1436 3204 lieet
1448 3139 1605 3224 apertum
1619 3130 1664 3202 sit
1677 3129 1820 3220 ostium,
1831 3127 1942 3204 donec

531 3251 687 3326 debitum
715 3253 855 3326 solverit
882 3253 1090 3348 egrediatur.
1120 3255 1160 3326 lu
1183 3255 1323 3327 civitate
1353 3253 1542 3327 leodiensi.
1558 3253 1588 3326 ei
1615 3253 1694 3347 quis
1716 3252 1939 3326 hereditatem

529 3375 680 3470 aliquam
700 3377 922 3472 acquisiverit
936 3385 970 3453 et
987 3399 1064 3452 eam
1079 3379 1115 3451 in
1134 3401 1220 3475 pace
1233 3389 1267 3452 el
1285 3379 1361 3452 sine
1375 3377 1547 3450 calumnia
1563 3399 1625 3472 per
1637 3397 1767 3450 annum
1781 3399 1891 3450 unum
1904 3386 1941 3450 et

531 3500 622 3576 diem
640 3503 751 3574 tenuit
766 3513 801 3576 et
821 3502 1040 3596 deeensavit,
1061 3504 1155 3578 illam
1171 3503 1217 3577 de
1231 3511 1343 3576 cetero
1360 3503 1396 3576 in
1412 3503 1529 3597 quieta
1546 3523 1632 3598 paee
1646 3501 1822 3596 possidere
1837 3501 1942 3575 debet

531 3627 657 3700 neceb
674 3628 789 3722 aliquo
809 3627 855 3702 ad
878 3630 1136 3704 reclamandum
1159 3629 1196 3702 in
1215 3629 1274 3720 jus
1292 3627 1380 3700 trahi
1398 3627 1443 3702 de
1460 3627 1541 3719 jure
1559 3635 1683 3722 potest.
1701 3624 1758 3700 Ad
1775 3627 1876 3719 onius
1890 3627 1939 3700 rei

529 3751 727 3825 memoriam
749 3775 892 3848 presens
914 3753 998 3827 inde
1022 3752 1241 3849 privilegium
1261 3752 1492 3848 conscriptum
1516 3750 1621 3844 sigilli
1643 3749 1751 3824 nestri
1768 3761 1938 3826 caractere

525 3876 693 3967 jussimus
708 3877 926 3950 communiri.

575 4001 701 4076 Datum
724 4001 820 4096 apud
849 4000 1065 4091 Gclnhnsen,
1089 4023 1181 4076 anne
1206 4000 1379 4077 dominice
1404 3998 1801 4094 inmiscuissent.
1823 3998 1931 4086 XXX,

527 4123 556 4196 V
574 4123 654 4198 idus
670 4125 804 4221 aprilis,
825 4125 1014 4200 indictione
1029 4125 1086 4200 lll.

566 4321 602 4406 (a)
622 4325 735 4390 Forsan
749 4323 875 4390 licenter.
935 4405 938 4414 .
