<?xml version="1.0" encoding="UTF-8"?>
<!DOCTYPE html PUBLIC "-//W3C//DTD XHTML 1.0 Transitional//EN"
    "http://www.w3.org/TR/xhtml1/DTD/xhtml1-transitional.dtd">
<html xmlns="http://www.w3.org/1999/xhtml" xml:lang="en" lang="en">
 <head>
  <title>
</title>
<meta http-equiv="Content-Type" content="text/html;charset=utf-8" />
  <meta name='ocr-system' content='tesseract 3.04.00' />
  <meta name='ocr-capabilities' content='ocr_page ocr_carea ocr_par ocr_line ocrx_word'/>
</head>
<body>
  <div class='ocr_page' id='page_1' title='image "./historiadiploma03fredgoog/historiadiploma03fredgoog_0427.png"; bbox 0 0 4702 6110; ppageno 0'>
   <div class='ocr_carea' id='block_1_1' title="bbox 582 633 1996 720">
    <p class='ocr_par' dir='ltr' id='par_1_1' title="bbox 582 633 1996 720">
     <span class='ocr_line' id='line_1_1' title="bbox 582 633 1996 720; baseline 0.004 -22"><span class='ocrx_word' id='word_1_1' title='bbox 582 635 643 699; x_wconf 82' lang='lat' dir='ltr'><strong>tls</strong></span> <span class='ocrx_word' id='word_1_2' title='bbox 1106 633 1278 698; x_wconf 76' lang='lat' dir='ltr'><strong>ttnltmct</strong></span> <span class='ocrx_word' id='word_1_3' title='bbox 1302 637 1472 698; x_wconf 75' lang='lat' dir='ltr'><strong>sarvtttt</strong></span> <span class='ocrx_word' id='word_1_4' title='bbox 1809 637 1889 720; x_wconf 78' lang='lat' dir='ltr'><strong>[Anu</strong></span> <span class='ocrx_word' id='word_1_5' title='bbox 1908 637 1996 704; x_wconf 65' lang='lat' dir='ltr'><strong>leto.</strong></span> 
     </span>
    </p>
   </div>
   <div class='ocr_carea' id='block_1_2' title="bbox 582 771 2070 2610">
    <p class='ocr_par' dir='ltr' id='par_1_2' title="bbox 582 771 2070 2482">
     <span class='ocr_line' id='line_1_2' title="bbox 635 771 1998 870; baseline 0.001 -25"><span class='ocrx_word' id='word_1_6' title='bbox 635 773 678 845; x_wconf 87' lang='lat' dir='ltr'><strong>ll.</strong></span> <span class='ocrx_word' id='word_1_7' title='bbox 697 772 760 845; x_wconf 88' lang='lat' dir='ltr'><strong>Dei</strong></span> <span class='ocrx_word' id='word_1_8' title='bbox 781 771 891 866; x_wconf 86' lang='lat' dir='ltr'><strong>gratia</strong></span> <span class='ocrx_word' id='word_1_9' title='bbox 909 773 1141 844; x_wconf 87' lang='lat' dir='ltr'><strong>Romanorum</strong></span> <span class='ocrx_word' id='word_1_10' title='bbox 1157 793 1221 846; x_wconf 84' lang='lat' dir='ltr'><strong>rex</strong></span> <span class='ocrx_word' id='word_1_11' title='bbox 1234 781 1271 846; x_wconf 90' lang='lat' dir='ltr'><strong>et</strong></span> <span class='ocrx_word' id='word_1_12' title='bbox 1290 794 1426 870; x_wconf 84' lang='lat' dir='ltr'><strong>semper</strong></span> <span class='ocrx_word' id='word_1_13' title='bbox 1445 781 1629 868; x_wconf 83' lang='lat' dir='ltr'><strong>augustus,</strong></span> <span class='ocrx_word' id='word_1_14' title='bbox 1646 772 1809 848; x_wconf 88' lang='lat' dir='ltr'><strong>lidelibus</strong></span> <span class='ocrx_word' id='word_1_15' title='bbox 1827 774 1901 846; x_wconf 90' lang='lat' dir='ltr'><strong>suis</strong></span> <span class='ocrx_word' id='word_1_16' title='bbox 1919 775 1998 849; x_wconf 90' lang='lat' dir='ltr'><strong>uni·</strong></span> 
     </span>
     <span class='ocr_line' id='line_1_3' title="bbox 585 896 1998 990; baseline 0.001 -20"><span class='ocrx_word' id='word_1_17' title='bbox 585 896 696 972; x_wconf 89' lang='lat' dir='ltr'><strong>versis</strong></span> <span class='ocrx_word' id='word_1_18' title='bbox 719 896 919 988; x_wconf 79' lang='lat' dir='ltr'><strong>infeodatis,</strong></span> <span class='ocrx_word' id='word_1_19' title='bbox 946 896 1246 990; x_wconf 75' lang='lat' dir='ltr'><strong>ministerialibus,</strong></span> <span class='ocrx_word' id='word_1_20' title='bbox 1272 897 1445 990; x_wconf 82' lang='lat' dir='ltr'><strong>scabinis,</strong></span> <span class='ocrx_word' id='word_1_21' title='bbox 1468 897 1595 971; x_wconf 87' lang='lat' dir='ltr'><strong>villicis</strong></span> <span class='ocrx_word' id='word_1_22' title='bbox 1617 907 1653 972; x_wconf 89' lang='lat' dir='ltr'><strong>et</strong></span> <span class='ocrx_word' id='word_1_23' title='bbox 1679 896 1912 988; x_wconf 82' lang='lat' dir='ltr'><strong>burgensibus</strong></span> <span class='ocrx_word' id='word_1_24' title='bbox 1936 897 1998 972; x_wconf 89' lang='lat' dir='ltr'><strong>ab·</strong></span> 
     </span>
     <span class='ocr_line' id='line_1_4' title="bbox 586 1021 1999 1119; baseline 0 -23"><span class='ocrx_word' id='word_1_25' title='bbox 586 1021 714 1096; x_wconf 88' lang='lat' dir='ltr'><strong>batisse</strong></span> <span class='ocrx_word' id='word_1_26' title='bbox 737 1022 925 1096; x_wconf 89' lang='lat' dir='ltr'><strong>Nivellensi</strong></span> <span class='ocrx_word' id='word_1_27' title='bbox 950 1021 1175 1096; x_wconf 80' lang='lat' dir='ltr'><strong>attinentibus</strong></span> <span class='ocrx_word' id='word_1_28' title='bbox 1196 1023 1343 1119; x_wconf 85' lang='lat' dir='ltr'><strong>gratiam</strong></span> <span class='ocrx_word' id='word_1_29' title='bbox 1363 1045 1463 1096; x_wconf 86' lang='lat' dir='ltr'><strong>suam</strong></span> <span class='ocrx_word' id='word_1_30' title='bbox 1487 1031 1523 1096; x_wconf 92' lang='lat' dir='ltr'><strong>et</strong></span> <span class='ocrx_word' id='word_1_31' title='bbox 1541 1043 1645 1096; x_wconf 90' lang='lat' dir='ltr'><strong>omne</strong></span> <span class='ocrx_word' id='word_1_32' title='bbox 1664 1021 1808 1098; x_wconf 91' lang='lat' dir='ltr'><strong>bonum.</strong></span> <span class='ocrx_word' id='word_1_33' title='bbox 1835 1021 1921 1095; x_wconf 87' lang='lat' dir='ltr'><strong>Cum</strong></span> <span class='ocrx_word' id='word_1_34' title='bbox 1951 1043 1999 1096; x_wconf 83' lang='lat' dir='ltr'><strong>ex</strong></span> 
     </span>
     <span class='ocr_line' id='line_1_5' title="bbox 586 1143 1998 1244; baseline 0.001 -27"><span class='ocrx_word' id='word_1_35' title='bbox 586 1145 818 1218; x_wconf 87' lang='lat' dir='ltr'><strong>insinuatione</strong></span> <span class='ocrx_word' id='word_1_36' title='bbox 837 1145 1043 1219; x_wconf 89' lang='lat' dir='ltr'><strong>Nivellensis</strong></span> <span class='ocrx_word' id='word_1_37' title='bbox 1062 1146 1205 1242; x_wconf 88' lang='lat' dir='ltr'><strong>capituli</strong></span> <span class='ocrx_word' id='word_1_38' title='bbox 1230 1146 1331 1220; x_wconf 92' lang='lat' dir='ltr'><strong>nobis</strong></span> <span class='ocrx_word' id='word_1_39' title='bbox 1351 1145 1502 1219; x_wconf 89' lang='lat' dir='ltr'><strong>constitit</strong></span> <span class='ocrx_word' id='word_1_40' title='bbox 1521 1146 1598 1220; x_wconf 90' lang='lat' dir='ltr'><strong>Odn</strong></span> <span class='ocrx_word' id='word_1_41' title='bbox 1610 1143 1665 1244; x_wconf 84' lang='lat' dir='ltr'><strong>(l)</strong></span> <span class='ocrx_word' id='word_1_42' title='bbox 1687 1145 1919 1220; x_wconf 86' lang='lat' dir='ltr'><strong>concanonica</strong></span> <span class='ocrx_word' id='word_1_43' title='bbox 1937 1145 1998 1218; x_wconf 89' lang='lat' dir='ltr'><strong>Ni·</strong></span> 
     </span>
     <span class='ocr_line' id='line_1_6' title="bbox 584 1269 2070 1358; baseline 0.002 -18"><span class='ocrx_word' id='word_1_44' title='bbox 584 1269 748 1342; x_wconf 86' lang='lat' dir='ltr'><strong>vellensis</strong></span> <span class='ocrx_word' id='word_1_45' title='bbox 763 1269 927 1345; x_wconf 89' lang='lat' dir='ltr'><strong>ooncordi</strong></span> <span class='ocrx_word' id='word_1_46' title='bbox 940 1270 1107 1344; x_wconf 81' lang='lat' dir='ltr'><strong>electione</strong></span> <span class='ocrx_word' id='word_1_47' title='bbox 1124 1291 1201 1344; x_wconf 87' lang='lat' dir='ltr'><strong>esse</strong></span> <span class='ocrx_word' id='word_1_48' title='bbox 1213 1271 1322 1344; x_wconf 88' lang='lat' dir='ltr'><strong>electa</strong></span> <span class='ocrx_word' id='word_1_49' title='bbox 1339 1271 1376 1342; x_wconf 92' lang='lat' dir='ltr'><strong>in</strong></span> <span class='ocrx_word' id='word_1_50' title='bbox 1389 1269 1611 1358; x_wconf 85' lang='lat' dir='ltr'><strong>abbatissam,</strong></span> <span class='ocrx_word' id='word_1_51' title='bbox 1633 1269 1840 1346; x_wconf 89' lang='lat' dir='ltr'><strong>mandamus</strong></span> <span class='ocrx_word' id='word_1_52' title='bbox 1857 1270 1999 1344; x_wconf 86' lang='lat' dir='ltr'><strong>univer·</strong></span> <span class='ocrx_word' id='word_1_53' title='bbox 2068 1341 2070 1343; x_wconf 80' lang='grc'><em>,</em></span> 
     </span>
     <span class='ocr_line' id='line_1_7' title="bbox 585 1393 1997 1491; baseline 0.001 -25"><span class='ocrx_word' id='word_1_54' title='bbox 585 1394 676 1466; x_wconf 87' lang='lat' dir='ltr'><strong>sitati</strong></span> <span class='ocrx_word' id='word_1_55' title='bbox 694 1403 809 1468; x_wconf 90' lang='lat' dir='ltr'><strong>vestre</strong></span> <span class='ocrx_word' id='word_1_56' title='bbox 825 1393 1052 1490; x_wconf 87' lang='lat' dir='ltr'><strong>pergratiam</strong></span> <span class='ocrx_word' id='word_1_57' title='bbox 1079 1403 1229 1468; x_wconf 89' lang='lat' dir='ltr'><strong>nostram</strong></span> <span class='ocrx_word' id='word_1_58' title='bbox 1251 1393 1447 1468; x_wconf 86' lang='lat' dir='ltr'><strong>firmissime</strong></span> <span class='ocrx_word' id='word_1_59' title='bbox 1472 1395 1703 1491; x_wconf 86' lang='lat' dir='ltr'><strong>precipientes</strong></span> <span class='ocrx_word' id='word_1_60' title='bbox 1726 1403 1898 1490; x_wconf 68' lang='lat' dir='ltr'><strong>quatem</strong></span> <span class='ocrx_word' id='word_1_61' title='bbox 1918 1415 1997 1490; x_wconf 89' lang='lat' dir='ltr'><strong>prc-</strong></span> 
     </span>
     <span class='ocr_line' id='line_1_8' title="bbox 584 1517 1997 1614; baseline 0.001 -24"><span class='ocrx_word' id='word_1_62' title='bbox 584 1517 688 1592; x_wconf 89' lang='lat' dir='ltr'><strong>libate</strong></span> <span class='ocrx_word' id='word_1_63' title='bbox 716 1519 890 1592; x_wconf 87' lang='lat' dir='ltr'><strong>abbatisse</strong></span> <span class='ocrx_word' id='word_1_64' title='bbox 916 1541 1022 1614; x_wconf 60' lang='lat' dir='ltr'><strong>mam</strong></span> <span class='ocrx_word' id='word_1_65' title='bbox 1049 1519 1292 1593; x_wconf 88' lang='lat' dir='ltr'><strong>investivimus</strong></span> <span class='ocrx_word' id='word_1_66' title='bbox 1323 1519 1497 1614; x_wconf 80' lang='lat' dir='ltr'><strong>regalibus</strong></span> <span class='ocrx_word' id='word_1_67' title='bbox 1524 1519 1626 1614; x_wconf 92' lang='lat' dir='ltr'><strong>pleno</strong></span> <span class='ocrx_word' id='word_1_68' title='bbox 1648 1520 1729 1611; x_wconf 73' lang='lat' dir='ltr'><strong>iure</strong></span> <span class='ocrx_word' id='word_1_69' title='bbox 1758 1519 1804 1592; x_wconf 93' lang='lat' dir='ltr'><strong>de</strong></span> <span class='ocrx_word' id='word_1_70' title='bbox 1836 1519 1997 1592; x_wconf 88' lang='lat' dir='ltr'><strong>omnibus</strong></span> 
     </span>
     <span class='ocr_line' id='line_1_9' title="bbox 582 1622 1993 1738; baseline 0.001 -25"><span class='ocrx_word' id='word_1_71' title='bbox 582 1643 723 1735; x_wconf 72' lang='lat' dir='ltr'><strong>iustitiis</strong></span> <span class='ocrx_word' id='word_1_72' title='bbox 751 1622 786 1716; x_wconf 85' lang='lat' dir='ltr'><strong>et</strong></span> <span class='ocrx_word' id='word_1_73' title='bbox 810 1643 1001 1717; x_wconf 90' lang='lat' dir='ltr'><strong>rationibus</strong></span> <span class='ocrx_word' id='word_1_74' title='bbox 1028 1645 1102 1716; x_wconf 92' lang='lat' dir='ltr'><strong>suis</strong></span> <span class='ocrx_word' id='word_1_75' title='bbox 1129 1635 1315 1716; x_wconf 88' lang='lat' dir='ltr'><strong>intendatis</strong></span> <span class='ocrx_word' id='word_1_76' title='bbox 1339 1651 1374 1716; x_wconf 93' lang='lat' dir='ltr'><strong>et</strong></span> <span class='ocrx_word' id='word_1_77' title='bbox 1395 1641 1565 1717; x_wconf 91' lang='lat' dir='ltr'><strong>obediatis</strong></span> <span class='ocrx_word' id='word_1_78' title='bbox 1589 1642 1636 1716; x_wconf 92' lang='lat' dir='ltr'><strong>ad</strong></span> <span class='ocrx_word' id='word_1_79' title='bbox 1663 1643 1804 1738; x_wconf 90' lang='lat' dir='ltr'><strong>plenum</strong></span> <span class='ocrx_word' id='word_1_80' title='bbox 1829 1651 1993 1736; x_wconf 66' lang='lat' dir='ltr'><strong>unquam</strong></span> 
     </span>
     <span class='ocr_line' id='line_1_10' title="bbox 585 1765 1996 1864; baseline 0.001 -25"><span class='ocrx_word' id='word_1_81' title='bbox 585 1765 709 1840; x_wconf 86' lang='lat' dir='ltr'><strong>dilecte</strong></span> <span class='ocrx_word' id='word_1_82' title='bbox 727 1767 876 1864; x_wconf 89' lang='lat' dir='ltr'><strong>principi</strong></span> <span class='ocrx_word' id='word_1_83' title='bbox 897 1777 1028 1860; x_wconf 83' lang='lat' dir='ltr'><strong>nostre,</strong></span> <span class='ocrx_word' id='word_1_84' title='bbox 1050 1767 1252 1842; x_wconf 84' lang='lat' dir='ltr'><strong>fidelitatem</strong></span> <span class='ocrx_word' id='word_1_85' title='bbox 1266 1777 1301 1841; x_wconf 91' lang='lat' dir='ltr'><strong>et</strong></span> <span class='ocrx_word' id='word_1_86' title='bbox 1317 1768 1478 1862; x_wconf 88' lang='lat' dir='ltr'><strong>homagia</strong></span> <span class='ocrx_word' id='word_1_87' title='bbox 1499 1776 1535 1840; x_wconf 92' lang='lat' dir='ltr'><strong>et</strong></span> <span class='ocrx_word' id='word_1_88' title='bbox 1549 1769 1615 1841; x_wconf 85' lang='lat' dir='ltr'><strong>alia</strong></span> <span class='ocrx_word' id='word_1_89' title='bbox 1632 1767 1712 1860; x_wconf 84' lang='lat' dir='ltr'><strong>jura</strong></span> <span class='ocrx_word' id='word_1_90' title='bbox 1735 1767 1772 1840; x_wconf 94' lang='lat' dir='ltr'><strong>iu</strong></span> <span class='ocrx_word' id='word_1_91' title='bbox 1793 1765 1921 1862; x_wconf 89' lang='lat' dir='ltr'><strong>quibus</strong></span> <span class='ocrx_word' id='word_1_92' title='bbox 1947 1775 1996 1840; x_wconf 91' lang='lat' dir='ltr'><strong>te·</strong></span> 
     </span>
     <span class='ocr_line' id='line_1_11' title="bbox 585 1890 1997 1988; baseline 0.001 -26"><span class='ocrx_word' id='word_1_93' title='bbox 585 1891 737 1964; x_wconf 90' lang='lat' dir='ltr'><strong>ueamini</strong></span> <span class='ocrx_word' id='word_1_94' title='bbox 763 1891 878 1967; x_wconf 88' lang='lat' dir='ltr'><strong>eidem</strong></span> <span class='ocrx_word' id='word_1_95' title='bbox 906 1892 1157 1988; x_wconf 87' lang='lat' dir='ltr'><strong>impendentes.</strong></span> <span class='ocrx_word' id='word_1_96' title='bbox 1184 1892 1286 1977; x_wconf 89' lang='lat' dir='ltr'><strong>Quod</strong></span> <span class='ocrx_word' id='word_1_97' title='bbox 1306 1891 1367 1986; x_wconf 92' lang='lat' dir='ltr'><strong>qui</strong></span> <span class='ocrx_word' id='word_1_98' title='bbox 1392 1913 1461 1965; x_wconf 93' lang='lat' dir='ltr'><strong>non</strong></span> <span class='ocrx_word' id='word_1_99' title='bbox 1485 1891 1624 1980; x_wconf 90' lang='lat' dir='ltr'><strong>lecerit,</strong></span> <span class='ocrx_word' id='word_1_100' title='bbox 1647 1890 1887 1986; x_wconf 85' lang='lat' dir='ltr'><strong>gravissimam</strong></span> <span class='ocrx_word' id='word_1_101' title='bbox 1911 1891 1997 1964; x_wconf 88' lang='lat' dir='ltr'><strong>iram</strong></span> 
     </span>
     <span class='ocr_line' id='line_1_12' title="bbox 585 2011 1998 2114; baseline 0 -28"><span class='ocrx_word' id='word_1_102' title='bbox 585 2025 738 2088; x_wconf 88' lang='lat' dir='ltr'><strong>nostram</strong></span> <span class='ocrx_word' id='word_1_103' title='bbox 757 2015 793 2088; x_wconf 94' lang='lat' dir='ltr'><strong>in</strong></span> <span class='ocrx_word' id='word_1_104' title='bbox 815 2011 883 2114; x_wconf 89' lang='lat' dir='ltr'><strong>[se]</strong></span> <span class='ocrx_word' id='word_1_105' title='bbox 905 2015 955 2114; x_wconf 84' lang='lat' dir='ltr'><strong>(o)</strong></span> <span class='ocrx_word' id='word_1_106' title='bbox 975 2017 1098 2090; x_wconf 90' lang='lat' dir='ltr'><strong>sentiet</strong></span> <span class='ocrx_word' id='word_1_107' title='bbox 1116 2025 1151 2090; x_wconf 92' lang='lat' dir='ltr'><strong>et</strong></span> <span class='ocrx_word' id='word_1_108' title='bbox 1170 2016 1356 2106; x_wconf 86' lang='lat' dir='ltr'><strong>ollcnsam,</strong></span> <span class='ocrx_word' id='word_1_109' title='bbox 1379 2015 1463 2110; x_wconf 87' lang='lat' dir='ltr'><strong>quia</strong></span> <span class='ocrx_word' id='word_1_110' title='bbox 1483 2013 1724 2112; x_wconf 88' lang='lat' dir='ltr'><strong>indempnitati</strong></span> <span class='ocrx_word' id='word_1_111' title='bbox 1747 2013 1903 2108; x_wconf 88' lang='lat' dir='ltr'><strong>ejusdem</strong></span> <span class='ocrx_word' id='word_1_112' title='bbox 1925 2022 1998 2087; x_wconf 91' lang='lat' dir='ltr'><strong>stu·</strong></span> 
     </span>
     <span class='ocr_line' id='line_1_13' title="bbox 587 2138 2000 2236; baseline 0 -24"><span class='ocrx_word' id='word_1_113' title='bbox 587 2138 720 2212; x_wconf 92' lang='lat' dir='ltr'><strong>diosius</strong></span> <span class='ocrx_word' id='word_1_114' title='bbox 743 2138 912 2213; x_wconf 83' lang='lat' dir='ltr'><strong>duximus</strong></span> <span class='ocrx_word' id='word_1_115' title='bbox 926 2139 1195 2236; x_wconf 88' lang='lat' dir='ltr'><strong>precavendum.</strong></span> <span class='ocrx_word' id='word_1_116' title='bbox 1218 2141 1263 2213; x_wconf 92' lang='lat' dir='ltr'><strong>Ut</strong></span> <span class='ocrx_word' id='word_1_117' title='bbox 1287 2150 1403 2214; x_wconf 90' lang='lat' dir='ltr'><strong>autem</strong></span> <span class='ocrx_word' id='word_1_118' title='bbox 1430 2139 1467 2210; x_wconf 94' lang='lat' dir='ltr'><strong>in</strong></span> <span class='ocrx_word' id='word_1_119' title='bbox 1489 2139 1665 2236; x_wconf 89' lang='lat' dir='ltr'><strong>premissis</strong></span> <span class='ocrx_word' id='word_1_120' title='bbox 1692 2140 1823 2212; x_wconf 86' lang='lat' dir='ltr'><strong>nullam</strong></span> <span class='ocrx_word' id='word_1_121' title='bbox 1844 2138 2000 2212; x_wconf 86' lang='lat' dir='ltr'><strong>babeatis</strong></span> 
     </span>
     <span class='ocr_line' id='line_1_14' title="bbox 585 2261 2000 2362; baseline -0.001 -28"><span class='ocrx_word' id='word_1_122' title='bbox 585 2261 866 2354; x_wconf 80' lang='lat' dir='ltr'><strong>ambiguitatem,</strong></span> <span class='ocrx_word' id='word_1_123' title='bbox 892 2273 1086 2360; x_wconf 86' lang='lat' dir='ltr'><strong>presentem</strong></span> <span class='ocrx_word' id='word_1_124' title='bbox 1110 2263 1257 2338; x_wconf 88' lang='lat' dir='ltr'><strong>litteram</strong></span> <span class='ocrx_word' id='word_1_125' title='bbox 1282 2265 1349 2362; x_wconf 92' lang='lat' dir='ltr'><strong>ipsi</strong></span> <span class='ocrx_word' id='word_1_126' title='bbox 1375 2273 1538 2358; x_wconf 87' lang='lat' dir='ltr'><strong>tanquam</strong></span> <span class='ocrx_word' id='word_1_127' title='bbox 1563 2264 1687 2339; x_wconf 90' lang='lat' dir='ltr'><strong>dilecte</strong></span> <span class='ocrx_word' id='word_1_128' title='bbox 1712 2262 1859 2360; x_wconf 92' lang='lat' dir='ltr'><strong>principi</strong></span> <span class='ocrx_word' id='word_1_129' title='bbox 1885 2268 2000 2334; x_wconf 85' lang='lat' dir='ltr'><strong>nostre</strong></span> 
     </span>
     <span class='ocr_line' id='line_1_15' title="bbox 586 2385 1486 2482; baseline 0.002 -25"><span class='ocrx_word' id='word_1_130' title='bbox 586 2385 796 2459; x_wconf 89' lang='lat' dir='ltr'><strong>indulsimus</strong></span> <span class='ocrx_word' id='word_1_131' title='bbox 816 2387 922 2482; x_wconf 82' lang='lat' dir='ltr'><strong>sigilli</strong></span> <span class='ocrx_word' id='word_1_132' title='bbox 940 2387 1047 2462; x_wconf 91' lang='lat' dir='ltr'><strong>nostri</strong></span> <span class='ocrx_word' id='word_1_133' title='bbox 1067 2388 1261 2461; x_wconf 89' lang='lat' dir='ltr'><strong>munimine</strong></span> <span class='ocrx_word' id='word_1_134' title='bbox 1279 2387 1486 2462; x_wconf 85' lang='lat' dir='ltr'><strong>roboratam.</strong></span> 
     </span>
    </p>

    <p class='ocr_par' dir='ltr' id='par_1_3' title="bbox 633 2511 1386 2610">
     <span class='ocr_line' id='line_1_16' title="bbox 633 2511 1386 2610; baseline 0.003 -28"><span class='ocrx_word' id='word_1_135' title='bbox 633 2513 759 2584; x_wconf 89' lang='lat' dir='ltr'><strong>Datum</strong></span> <span class='ocrx_word' id='word_1_136' title='bbox 777 2513 873 2610; x_wconf 91' lang='lat' dir='ltr'><strong>apud</strong></span> <span class='ocrx_word' id='word_1_137' title='bbox 888 2513 1115 2610; x_wconf 90' lang='lat' dir='ltr'><strong>Nuremberg,</strong></span> <span class='ocrx_word' id='word_1_138' title='bbox 1131 2513 1176 2586; x_wconf 84' lang='lat' dir='ltr'><strong>Vl</strong></span> <span class='ocrx_word' id='word_1_139' title='bbox 1191 2511 1273 2587; x_wconf 88' lang='lat' dir='ltr'><strong>idus</strong></span> <span class='ocrx_word' id='word_1_140' title='bbox 1283 2513 1386 2606; x_wconf 90' lang='lat' dir='ltr'><strong>junii.</strong></span> 
     </span>
    </p>
   </div>
   <div class='ocr_carea' id='block_1_3' title="bbox 816 2849 871 2860">
    <p class='ocr_par' dir='ltr' id='par_1_4' title="bbox 816 2849 871 2860">
     <span class='ocr_line' id='line_1_17' title="bbox 816 2849 871 2860; baseline -0.036 0"><span class='ocrx_word' id='word_1_141' title='bbox 816 2849 871 2860; x_wconf 65' lang='lat'><strong>5-</strong></span> 
     </span>
    </p>
   </div>
   <div class='ocr_carea' id='block_1_4' title="bbox 668 3153 1322 3440">
    <p class='ocr_par' dir='ltr' id='par_1_5' title="bbox 668 3153 1322 3440">
     <span class='ocr_line' id='line_1_18' title="bbox 1268 3153 1316 3224; baseline 0 -1"><span class='ocrx_word' id='word_1_142' title='bbox 1268 3153 1316 3224; x_wconf 89' lang='lat' dir='ltr'><strong>ll.</strong></span> 
     </span>
     <span class='ocr_line' id='line_1_19' title="bbox 668 3357 1322 3440; baseline -0.002 -18"><span class='ocrx_word' id='word_1_143' title='bbox 668 3359 790 3440; x_wconf 81' lang='lat' dir='ltr'><strong>(lncdlt.</strong></span> <span class='ocrx_word' id='word_1_144' title='bbox 800 3357 918 3432; x_wconf 78' lang='lat' dir='ltr'><strong>Ibidem,</strong></span> <span class='ocrx_word' id='word_1_145' title='bbox 933 3357 985 3420; x_wconf 87' lang='lat' dir='ltr'><strong>lol.</strong></span> <span class='ocrx_word' id='word_1_146' title='bbox 1006 3367 1041 3419; x_wconf 87' lang='lat' dir='ltr'><strong>ts</strong></span> <span class='ocrx_word' id='word_1_147' title='bbox 1055 3373 1151 3432; x_wconf 88' lang='lat' dir='ltr'><strong>verso,</strong></span> <span class='ocrx_word' id='word_1_148' title='bbox 1167 3368 1203 3420; x_wconf 83' lang='lat'><strong>19</strong></span> <span class='ocrx_word' id='word_1_149' title='bbox 1217 3357 1322 3436; x_wconf 84' lang='lat' dir='ltr'><strong>recto.)</strong></span> 
     </span>
    </p>
   </div>
   <div class='ocr_carea' id='block_1_5' title="bbox 584 3545 2000 4264">
    <p class='ocr_par' dir='ltr' id='par_1_6' title="bbox 584 3545 2000 4264">
     <span class='ocr_line' id='line_1_20' title="bbox 636 3545 1999 3642; baseline -0.004 -21"><span class='ocrx_word' id='word_1_150' title='bbox 636 3551 680 3621; x_wconf 88' lang='grc' dir='ltr'><strong>Η.</strong></span> <span class='ocrx_word' id='word_1_151' title='bbox 706 3549 769 3621; x_wconf 91' lang='lat' dir='ltr'><strong>Dei</strong></span> <span class='ocrx_word' id='word_1_152' title='bbox 791 3547 902 3642; x_wconf 86' lang='lat' dir='ltr'><strong>gratia</strong></span> <span class='ocrx_word' id='word_1_153' title='bbox 921 3549 1152 3620; x_wconf 84' lang='lat' dir='ltr'><strong>Romanorum</strong></span> <span class='ocrx_word' id='word_1_154' title='bbox 1173 3567 1235 3617; x_wconf 85' lang='lat' dir='ltr'><strong>rex</strong></span> <span class='ocrx_word' id='word_1_155' title='bbox 1256 3554 1291 3616; x_wconf 91' lang='lat' dir='ltr'><strong>et</strong></span> <span class='ocrx_word' id='word_1_156' title='bbox 1311 3565 1447 3641; x_wconf 88' lang='lat' dir='ltr'><strong>semper</strong></span> <span class='ocrx_word' id='word_1_157' title='bbox 1465 3555 1652 3641; x_wconf 84' lang='lat' dir='ltr'><strong>augustus,</strong></span> <span class='ocrx_word' id='word_1_158' title='bbox 1676 3545 1848 3618; x_wconf 89' lang='lat' dir='ltr'><strong>universis</strong></span> <span class='ocrx_word' id='word_1_159' title='bbox 1866 3545 1999 3640; x_wconf 88' lang='lat' dir='ltr'><strong>imperii</strong></span> 
     </span>
     <span class='ocr_line' id='line_1_21' title="bbox 588 3669 2000 3768; baseline -0.003 -22"><span class='ocrx_word' id='word_1_160' title='bbox 588 3673 750 3748; x_wconf 85' lang='lat' dir='ltr'><strong>fidelibus</strong></span> <span class='ocrx_word' id='word_1_161' title='bbox 780 3674 909 3768; x_wconf 91' lang='lat' dir='ltr'><strong>quibus</strong></span> <span class='ocrx_word' id='word_1_162' title='bbox 936 3693 1077 3768; x_wconf 80' lang='lat' dir='ltr'><strong>presens</strong></span> <span class='ocrx_word' id='word_1_163' title='bbox 1104 3670 1269 3766; x_wconf 90' lang='lat' dir='ltr'><strong>scriptum</strong></span> <span class='ocrx_word' id='word_1_164' title='bbox 1295 3669 1492 3743; x_wconf 83' lang='lat' dir='ltr'><strong>exhibitum</strong></span> <span class='ocrx_word' id='word_1_165' title='bbox 1522 3670 1626 3743; x_wconf 89' lang='lat' dir='ltr'><strong>luerit</strong></span> <span class='ocrx_word' id='word_1_166' title='bbox 1656 3669 1801 3764; x_wconf 88' lang='lat' dir='ltr'><strong>gratiam</strong></span> <span class='ocrx_word' id='word_1_167' title='bbox 1834 3691 1933 3742; x_wconf 88' lang='lat' dir='ltr'><strong>suam</strong></span> <span class='ocrx_word' id='word_1_168' title='bbox 1963 3679 2000 3742; x_wconf 84' lang='lat' dir='ltr'><strong>ct</strong></span> 
     </span>
     <span class='ocr_line' id='line_1_22' title="bbox 587 3793 1999 3892; baseline -0.004 -20"><span class='ocrx_word' id='word_1_169' title='bbox 587 3819 689 3872; x_wconf 92' lang='lat' dir='ltr'><strong>omne</strong></span> <span class='ocrx_word' id='word_1_170' title='bbox 716 3799 859 3871; x_wconf 93' lang='lat' dir='ltr'><strong>bonum.</strong></span> <span class='ocrx_word' id='word_1_171' title='bbox 887 3793 944 3868; x_wconf 79' lang='lat' dir='ltr'><strong>tc</strong></span> <span class='ocrx_word' id='word_1_172' title='bbox 968 3795 1123 3866; x_wconf 87' lang='lat' dir='ltr'><strong>notitiem</strong></span> <span class='ocrx_word' id='word_1_173' title='bbox 1149 3795 1391 3867; x_wconf 90' lang='lat' dir='ltr'><strong>universorum</strong></span> <span class='ocrx_word' id='word_1_174' title='bbox 1418 3794 1579 3892; x_wconf 92' lang='lat' dir='ltr'><strong>cupimus</strong></span> <span class='ocrx_word' id='word_1_175' title='bbox 1607 3793 1788 3891; x_wconf 89' lang='lat' dir='ltr'><strong>pervenire</strong></span> <span class='ocrx_word' id='word_1_176' title='bbox 1813 3793 1909 3888; x_wconf 91' lang='lat' dir='ltr'><strong>qood</strong></span> <span class='ocrx_word' id='word_1_177' title='bbox 1935 3813 1999 3866; x_wconf 90' lang='lat' dir='ltr'><strong>nos</strong></span> 
     </span>
     <span class='ocr_line' id='line_1_23' title="bbox 586 3917 1998 4014; baseline -0.005 -18"><span class='ocrx_word' id='word_1_178' title='bbox 586 3921 702 3996; x_wconf 88' lang='lat' dir='ltr'><strong>omnin</strong></span> <span class='ocrx_word' id='word_1_179' title='bbox 723 3921 815 3994; x_wconf 86' lang='lat' dir='ltr'><strong>bona</strong></span> <span class='ocrx_word' id='word_1_180' title='bbox 834 3919 978 3994; x_wconf 85' lang='lat' dir='ltr'><strong>ecclesie</strong></span> <span class='ocrx_word' id='word_1_181' title='bbox 997 3917 1182 3992; x_wconf 86' lang='lat' dir='ltr'><strong>Nivellensi</strong></span> <span class='ocrx_word' id='word_1_182' title='bbox 1205 3917 1384 3991; x_wconf 87' lang='lat' dir='ltr'><strong>attinentia</strong></span> <span class='ocrx_word' id='word_1_183' title='bbox 1402 3917 1469 3990; x_wconf 92' lang='lat' dir='ltr'><strong>sub</strong></span> <span class='ocrx_word' id='word_1_184' title='bbox 1486 3927 1637 3992; x_wconf 88' lang='lat' dir='ltr'><strong>nostram</strong></span> <span class='ocrx_word' id='word_1_185' title='bbox 1656 3929 1690 3992; x_wconf 93' lang='lat' dir='ltr'><strong>et</strong></span> <span class='ocrx_word' id='word_1_186' title='bbox 1708 3917 1843 4014; x_wconf 89' lang='lat' dir='ltr'><strong>imperii</strong></span> <span class='ocrx_word' id='word_1_187' title='bbox 1866 3917 1998 4014; x_wconf 89' lang='lat' dir='ltr'><strong>specia-</strong></span> 
     </span>
     <span class='ocr_line' id='line_1_24' title="bbox 587 4040 1998 4141; baseline -0.004 -23"><span class='ocrx_word' id='word_1_188' title='bbox 587 4047 654 4119; x_wconf 93' lang='lat' dir='ltr'><strong>lem</strong></span> <span class='ocrx_word' id='word_1_189' title='bbox 678 4046 872 4141; x_wconf 89' lang='lat' dir='ltr'><strong>recepimus</strong></span> <span class='ocrx_word' id='word_1_190' title='bbox 897 4043 1162 4139; x_wconf 88' lang='lat' dir='ltr'><strong>prctectionem,</strong></span> <span class='ocrx_word' id='word_1_191' title='bbox 1186 4042 1223 4113; x_wconf 95' lang='lat' dir='ltr'><strong>in</strong></span> <span class='ocrx_word' id='word_1_192' title='bbox 1248 4042 1382 4114; x_wconf 90' lang='lat' dir='ltr'><strong>irritum</strong></span> <span class='ocrx_word' id='word_1_193' title='bbox 1404 4053 1607 4118; x_wconf 87' lang='lat' dir='ltr'><strong>revocantes</strong></span> <span class='ocrx_word' id='word_1_194' title='bbox 1630 4043 1805 4138; x_wconf 89' lang='lat' dir='ltr'><strong>quidquid</strong></span> <span class='ocrx_word' id='word_1_195' title='bbox 1829 4041 1874 4116; x_wconf 93' lang='lat' dir='ltr'><strong>de</strong></span> <span class='ocrx_word' id='word_1_196' title='bbox 1897 4040 1998 4116; x_wconf 91' lang='lat' dir='ltr'><strong>bonis</strong></span> 
     </span>
     <span class='ocr_line' id='line_1_25' title="bbox 584 4165 1999 4264; baseline -0.006 -20"><span class='ocrx_word' id='word_1_197' title='bbox 584 4169 750 4264; x_wconf 83' lang='lat' dir='ltr'><strong>jamdicta</strong></span> <span class='ocrx_word' id='word_1_198' title='bbox 771 4169 914 4242; x_wconf 88' lang='lat' dir='ltr'><strong>ecclesie</strong></span> <span class='ocrx_word' id='word_1_199' title='bbox 937 4167 1090 4240; x_wconf 88' lang='lat' dir='ltr'><strong>indebite</strong></span> <span class='ocrx_word' id='word_1_200' title='bbox 1113 4187 1188 4240; x_wconf 91' lang='lat' dir='ltr'><strong>esse</strong></span> <span class='ocrx_word' id='word_1_201' title='bbox 1210 4165 1402 4240; x_wconf 91' lang='lat' dir='ltr'><strong>dinoscitur</strong></span> <span class='ocrx_word' id='word_1_202' title='bbox 1423 4167 1623 4240; x_wconf 88' lang='lat' dir='ltr'><strong>alienatum.</strong></span> <span class='ocrx_word' id='word_1_203' title='bbox 1652 4166 1836 4261; x_wconf 84' lang='lat' dir='ltr'><strong>Privilegia</strong></span> <span class='ocrx_word' id='word_1_204' title='bbox 1856 4185 1939 4238; x_wconf 82' lang='lat' dir='ltr'><strong>veru</strong></span> <span class='ocrx_word' id='word_1_205' title='bbox 1964 4173 1999 4236; x_wconf 90' lang='lat' dir='ltr'><strong>et</strong></span> 
     </span>
    </p>
   </div>
   <div class='ocr_carea' id='block_1_6' title="bbox 630 4372 981 4454">
    <p class='ocr_par' dir='ltr' id='par_1_7' title="bbox 630 4372 981 4454">
     <span class='ocr_line' id='line_1_26' title="bbox 630 4372 981 4454; baseline -0.011 -18"><span class='ocrx_word' id='word_1_206' title='bbox 630 4374 671 4454; x_wconf 83' lang='lat' dir='ltr'><strong>(a)</strong></span> <span class='ocrx_word' id='word_1_207' title='bbox 689 4375 802 4436; x_wconf 81' lang='lat' dir='ltr'><strong>Forsan</strong></span> <span class='ocrx_word' id='word_1_208' title='bbox 819 4372 981 4433; x_wconf 65' lang='lat' dir='ltr'><strong>mnaso.</strong></span> 
     </span>
    </p>
   </div>
   <div class='ocr_carea' id='block_1_7' title="bbox 588 4651 1997 4833">
    <p class='ocr_par' dir='ltr' id='par_1_8' title="bbox 588 4651 1997 4833">
     <span class='ocr_line' id='line_1_27' title="bbox 624 4651 1997 4738; baseline -0.008 -18"><span class='ocrx_word' id='word_1_209' title='bbox 624 4665 659 4738; x_wconf 81' lang='lat' dir='ltr'><strong>(t)</strong></span> <span class='ocrx_word' id='word_1_210' title='bbox 678 4661 751 4719; x_wconf 85' lang='lat' dir='ltr'><strong>luter</strong></span> <span class='ocrx_word' id='word_1_211' title='bbox 767 4659 909 4734; x_wconf 83' lang='lat' dir='ltr'><strong>lliburglm</strong></span> <span class='ocrx_word' id='word_1_212' title='bbox 923 4659 990 4734; x_wconf 85' lang='lat' dir='ltr'><strong>(vid.</strong></span> <span class='ocrx_word' id='word_1_213' title='bbox 1003 4675 1084 4735; x_wconf 84' lang='lat' dir='ltr'><strong>supra</strong></span> <span class='ocrx_word' id='word_1_214' title='bbox 1097 4677 1127 4733; x_wconf 90' lang='lat' dir='ltr'><strong>p.</strong></span> <span class='ocrx_word' id='word_1_215' title='bbox 1143 4659 1207 4734; x_wconf 78' lang='lat' dir='ltr'><strong>tte)</strong></span> <span class='ocrx_word' id='word_1_216' title='bbox 1219 4666 1248 4716; x_wconf 88' lang='lat' dir='ltr'><strong>et</strong></span> <span class='ocrx_word' id='word_1_217' title='bbox 1260 4659 1345 4718; x_wconf 84' lang='lat' dir='ltr'><strong>Odam</strong></span> <span class='ocrx_word' id='word_1_218' title='bbox 1358 4660 1437 4717; x_wconf 64' lang='lat' dir='ltr'><strong>mam</strong></span> <span class='ocrx_word' id='word_1_219' title='bbox 1452 4657 1570 4718; x_wconf 86' lang='lat' dir='ltr'><strong>historici</strong></span> <span class='ocrx_word' id='word_1_220' title='bbox 1587 4661 1737 4717; x_wconf 74' lang='lat' dir='ltr'><strong>mouerunt</strong></span> <span class='ocrx_word' id='word_1_221' title='bbox 1752 4653 1863 4714; x_wconf 76' lang='lat' dir='ltr'><strong>ultorem</strong></span> <span class='ocrx_word' id='word_1_222' title='bbox 1879 4651 1997 4712; x_wconf 81' lang='lat' dir='ltr'><strong>obbatis-</strong></span> 
     </span>
     <span class='ocr_line' id='line_1_28' title="bbox 588 4756 1469 4833; baseline -0.008 -13"><span class='ocrx_word' id='word_1_223' title='bbox 588 4777 646 4821; x_wconf 87' lang='lat' dir='ltr'><strong>sam</strong></span> <span class='ocrx_word' id='word_1_224' title='bbox 658 4760 766 4819; x_wconf 90' lang='lat' dir='ltr'><strong>nominc</strong></span> <span class='ocrx_word' id='word_1_225' title='bbox 775 4759 911 4829; x_wconf 80' lang='lat' dir='ltr'><strong>llertbum,</strong></span> <span class='ocrx_word' id='word_1_226' title='bbox 924 4772 993 4833; x_wconf 88' lang='lat' dir='ltr'><strong>quac</strong></span> <span class='ocrx_word' id='word_1_227' title='bbox 1004 4773 1059 4816; x_wconf 91' lang='lat' dir='ltr'><strong>non</strong></span> <span class='ocrx_word' id='word_1_228' title='bbox 1072 4757 1119 4814; x_wconf 91' lang='lat' dir='ltr'><strong>diu</strong></span> <span class='ocrx_word' id='word_1_229' title='bbox 1128 4756 1267 4831; x_wconf 62' lang='lat' dir='ltr'><strong>melmae</strong></span> <span class='ocrx_word' id='word_1_230' title='bbox 1277 4756 1393 4814; x_wconf 64' lang='lat' dir='ltr'><strong>udam.</strong></span> <span class='ocrx_word' id='word_1_231' title='bbox 1465 4787 1469 4799; x_wconf 75' lang='lat'><em>=</em></span> 
     </span>
    </p>
   </div>
   <div class='ocr_carea' id='block_1_8' title="bbox 0 0 2358 6100">
    <p class='ocr_par' dir='ltr' id='par_1_9' title="bbox 0 0 2358 6100">
     <span class='ocr_line' id='line_1_29' title="bbox 0 0 2358 6100; baseline 0 0"><span class='ocrx_word' id='word_1_232' title='bbox 0 0 2358 6100; x_wconf 95' lang='lat' dir='ltr'><strong> </strong></span> 
     </span>
    </p>
   </div>
  </div>
 </body>
</html>
