<?xml version="1.0" encoding="UTF-8"?>
<!DOCTYPE html PUBLIC "-//W3C//DTD XHTML 1.0 Transitional//EN"
    "http://www.w3.org/TR/xhtml1/DTD/xhtml1-transitional.dtd">
<html xmlns="http://www.w3.org/1999/xhtml" xml:lang="en" lang="en">
 <head>
  <title>
</title>
<meta http-equiv="Content-Type" content="text/html;charset=utf-8" />
  <meta name='ocr-system' content='tesseract 3.04.00' />
  <meta name='ocr-capabilities' content='ocr_page ocr_carea ocr_par ocr_line ocrx_word'/>
</head>
<body>
  <div class='ocr_page' id='page_1' title='image "./historiadiploma03fredgoog/historiadiploma03fredgoog_0046.png"; bbox 0 0 4602 6084; ppageno 0'>
   <div class='ocr_carea' id='block_1_1' title="bbox 312 647 1716 740">
    <p class='ocr_par' dir='ltr' id='par_1_1' title="bbox 312 647 1716 740">
     <span class='ocr_line' id='line_1_1' title="bbox 312 647 1716 740; baseline -0.01 -20"><span class='ocrx_word' id='word_1_1' title='bbox 312 659 408 720; x_wconf 85' lang='lat' dir='ltr'>lrorcr.</span> <span class='ocrx_word' id='word_1_2' title='bbox 428 654 468 740; x_wconf 91' lang='grc'>1.]</span> <span class='ocrx_word' id='word_1_3' title='bbox 755 647 952 711; x_wconf 74' lang='lat' dir='ltr'>lllsrottla</span> <span class='ocrx_word' id='word_1_4' title='bbox 977 649 1268 712; x_wconf 66' lang='lat' dir='ltr'>clitellarios.</span> <span class='ocrx_word' id='word_1_5' title='bbox 1675 651 1716 716; x_wconf 76' lang='lat'>83</span> 
     </span>
    </p>
   </div>
   <div class='ocr_carea' id='block_1_2' title="bbox 312 784 1745 4202">
    <p class='ocr_par' dir='ltr' id='par_1_2' title="bbox 312 784 1745 4202">
     <span class='ocr_line' id='line_1_2' title="bbox 312 784 1716 884; baseline -0.003 -18"><span class='ocrx_word' id='word_1_6' title='bbox 312 814 409 884; x_wconf 89' lang='lat' dir='ltr'>rare,</span> <span class='ocrx_word' id='word_1_7' title='bbox 428 791 550 864; x_wconf 89' lang='lat' dir='ltr'>tientes</span> <span class='ocrx_word' id='word_1_8' title='bbox 570 785 784 860; x_wconf 86' lang='lat' dir='ltr'>amarissime</span> <span class='ocrx_word' id='word_1_9' title='bbox 803 784 1027 857; x_wconf 90' lang='lat' dir='ltr'>nihilominus</span> <span class='ocrx_word' id='word_1_10' title='bbox 1046 793 1096 856; x_wconf 90' lang='lat' dir='ltr'>tot</span> <span class='ocrx_word' id='word_1_11' title='bbox 1111 795 1146 858; x_wconf 92' lang='lat' dir='ltr'>et</span> <span class='ocrx_word' id='word_1_12' title='bbox 1165 794 1277 858; x_wconf 82' lang='lat' dir='ltr'>uuus</span> <span class='ocrx_word' id='word_1_13' title='bbox 1294 786 1475 860; x_wconf 89' lang='lat' dir='ltr'>occasione</span> <span class='ocrx_word' id='word_1_14' title='bbox 1493 788 1543 860; x_wconf 90' lang='lat' dir='ltr'>tui</span> <span class='ocrx_word' id='word_1_15' title='bbox 1563 795 1716 862; x_wconf 90' lang='lat' dir='ltr'>mortuos</span> 
     </span>
     <span class='ocr_line' id='line_1_3' title="bbox 314 908 1716 1008; baseline -0.002 -20"><span class='ocrx_word' id='word_1_16' title='bbox 314 911 518 988; x_wconf 88' lang='lat' dir='ltr'>christianos</span> <span class='ocrx_word' id='word_1_17' title='bbox 538 921 573 982; x_wconf 88' lang='lat' dir='ltr'>et</span> <span class='ocrx_word' id='word_1_18' title='bbox 594 919 770 1004; x_wconf 74' lang='lat' dir='ltr'>gementes</span> <span class='ocrx_word' id='word_1_19' title='bbox 784 908 920 980; x_wconf 90' lang='lat' dir='ltr'>illorum</span> <span class='ocrx_word' id='word_1_20' title='bbox 937 908 1101 998; x_wconf 86' lang='lat' dir='ltr'>exilium,</span> <span class='ocrx_word' id='word_1_21' title='bbox 1120 909 1252 982; x_wconf 91' lang='lat' dir='ltr'>utinam</span> <span class='ocrx_word' id='word_1_22' title='bbox 1271 931 1340 982; x_wconf 95' lang='lat' dir='ltr'>non</span> <span class='ocrx_word' id='word_1_23' title='bbox 1357 909 1550 984; x_wconf 85' lang='lat' dir='ltr'><strong>excidium!</strong></span> <span class='ocrx_word' id='word_1_24' title='bbox 1574 913 1634 1006; x_wconf 90' lang='lat' dir='ltr'>qui</span> <span class='ocrx_word' id='word_1_25' title='bbox 1654 934 1716 1008; x_wconf 88' lang='lat' dir='ltr'>pro</span> 
     </span>
     <span class='ocr_line' id='line_1_4' title="bbox 317 1031 1715 1128; baseline -0.004 -17"><span class='ocrx_word' id='word_1_26' title='bbox 317 1048 377 1110; x_wconf 89' lang='lat' dir='ltr'>tua</span> <span class='ocrx_word' id='word_1_27' title='bbox 401 1035 530 1110; x_wconf 87' lang='lat' dir='ltr'>fiducia</span> <span class='ocrx_word' id='word_1_28' title='bbox 558 1034 622 1107; x_wconf 92' lang='lat' dir='ltr'>iter</span> <span class='ocrx_word' id='word_1_29' title='bbox 643 1033 862 1128; x_wconf 90' lang='lat' dir='ltr'>arripuerunt</span> <span class='ocrx_word' id='word_1_30' title='bbox 886 1032 921 1102; x_wconf 93' lang='lat' dir='ltr'>in</span> <span class='ocrx_word' id='word_1_31' title='bbox 944 1031 1101 1126; x_wconf 88' lang='lat' dir='ltr'>ejusdem</span> <span class='ocrx_word' id='word_1_32' title='bbox 1125 1041 1215 1104; x_wconf 84' lang='lat' dir='ltr'>tene</span> <span class='ocrx_word' id='word_1_33' title='bbox 1239 1031 1435 1107; x_wconf 81' lang='lat' dir='ltr'>subsidium</span> <span class='ocrx_word' id='word_1_34' title='bbox 1460 1034 1715 1108; x_wconf 78' lang='lat' dir='ltr'><strong>transfretandi.</strong></span> 
     </span>
     <span class='ocr_line' id='line_1_5' title="bbox 315 1155 1738 1252; baseline -0.003 -16"><span class='ocrx_word' id='word_1_35' title='bbox 315 1161 425 1236; x_wconf 90' lang='lat' dir='ltr'>Omne</span> <span class='ocrx_word' id='word_1_36' title='bbox 448 1169 563 1232; x_wconf 90' lang='lat' dir='ltr'>tumen</span> <span class='ocrx_word' id='word_1_37' title='bbox 584 1156 680 1252; x_wconf 91' lang='lat' dir='ltr'>quod</span> <span class='ocrx_word' id='word_1_38' title='bbox 705 1157 881 1252; x_wconf 93' lang='lat' dir='ltr'>potuimus</span> <span class='ocrx_word' id='word_1_39' title='bbox 905 1177 986 1250; x_wconf 86' lang='lat' dir='ltr'>erga</span> <span class='ocrx_word' id='word_1_40' title='bbox 1009 1165 1042 1227; x_wconf 92' lang='lat' dir='ltr'>te</span> <span class='ocrx_word' id='word_1_41' title='bbox 1069 1155 1284 1228; x_wconf 80' lang='lat' dir='ltr'>servavimus</span> <span class='ocrx_word' id='word_1_42' title='bbox 1309 1157 1585 1230; x_wconf 89' lang='lat' dir='ltr'>mansuetudinis</span> <span class='ocrx_word' id='word_1_43' title='bbox 1600 1158 1738 1232; x_wconf 78' lang='lat' dir='ltr'>mode·</span> 
     </span>
     <span class='ocr_line' id='line_1_6' title="bbox 316 1279 1721 1374; baseline -0.003 -16"><span class='ocrx_word' id='word_1_44' title='bbox 316 1307 452 1374; x_wconf 91' lang='lat' dir='ltr'>ramen,</span> <span class='ocrx_word' id='word_1_45' title='bbox 474 1283 566 1356; x_wconf 91' lang='lat' dir='ltr'>illam</span> <span class='ocrx_word' id='word_1_46' title='bbox 584 1291 718 1353; x_wconf 90' lang='lat' dir='ltr'>tantum</span> <span class='ocrx_word' id='word_1_47' title='bbox 735 1279 939 1352; x_wconf 88' lang='lat' dir='ltr'>sententiam</span> <span class='ocrx_word' id='word_1_48' title='bbox 957 1279 1167 1374; x_wconf 91' lang='lat' dir='ltr'>publicando</span> <span class='ocrx_word' id='word_1_49' title='bbox 1183 1300 1288 1373; x_wconf 90' lang='lat' dir='ltr'>qnam</span> <span class='ocrx_word' id='word_1_50' title='bbox 1305 1279 1379 1374; x_wconf 91' lang='lat' dir='ltr'>ipse</span> <span class='ocrx_word' id='word_1_51' title='bbox 1399 1279 1436 1350; x_wconf 93' lang='lat' dir='ltr'>in</span> <span class='ocrx_word' id='word_1_52' title='bbox 1455 1289 1488 1352; x_wconf 89' lang='lat' dir='ltr'>te</span> <span class='ocrx_word' id='word_1_53' title='bbox 1506 1281 1721 1354; x_wconf 89' lang='lat' dir='ltr'>voluntarius</span> 
     </span>
     <span class='ocr_line' id='line_1_7' title="bbox 318 1400 1722 1501; baseline -0.003 -21"><span class='ocrx_word' id='word_1_54' title='bbox 318 1409 447 1480; x_wconf 85' lang='lat' dir='ltr'>ieceras</span> <span class='ocrx_word' id='word_1_55' title='bbox 463 1404 672 1501; x_wconf 86' lang='lat' dir='ltr'>promulgari</span> <span class='ocrx_word' id='word_1_56' title='bbox 686 1413 721 1475; x_wconf 87' lang='lat' dir='ltr'>et</span> <span class='ocrx_word' id='word_1_57' title='bbox 735 1400 941 1476; x_wconf 89' lang='lat' dir='ltr'>retardando</span> <span class='ocrx_word' id='word_1_58' title='bbox 955 1402 1031 1474; x_wconf 91' lang='lat' dir='ltr'>illas</span> <span class='ocrx_word' id='word_1_59' title='bbox 1044 1423 1133 1496; x_wconf 88' lang='lat' dir='ltr'>quaa</span> <span class='ocrx_word' id='word_1_60' title='bbox 1150 1402 1351 1476; x_wconf 84' lang='lat' dir='ltr'>consensisti</span> <span class='ocrx_word' id='word_1_61' title='bbox 1366 1403 1541 1492; x_wconf 82' lang='lat' dir='ltr'>terendus,</span> <span class='ocrx_word' id='word_1_62' title='bbox 1563 1405 1629 1478; x_wconf 90' lang='lat' dir='ltr'>nisi</span> <span class='ocrx_word' id='word_1_63' title='bbox 1642 1427 1722 1478; x_wconf 93' lang='lat' dir='ltr'>oon·</span> 
     </span>
     <span class='ocr_line' id='line_1_8' title="bbox 319 1525 1723 1623; baseline -0.003 -19"><span class='ocrx_word' id='word_1_64' title='bbox 319 1527 466 1606; x_wconf 88' lang='lat' dir='ltr'>ditiones</span> <span class='ocrx_word' id='word_1_65' title='bbox 479 1529 565 1602; x_wconf 89' lang='lat' dir='ltr'>alias</span> <span class='ocrx_word' id='word_1_66' title='bbox 580 1549 668 1622; x_wconf 86' lang='lat' dir='ltr'>quas</span> <span class='ocrx_word' id='word_1_67' title='bbox 686 1525 889 1622; x_wconf 81' lang='lat' dir='ltr'>promiseras</span> <span class='ocrx_word' id='word_1_68' title='bbox 907 1525 1124 1620; x_wconf 78' lang='lat' dir='ltr'>adimpleres.</span> <span class='ocrx_word' id='word_1_69' title='bbox 1144 1527 1195 1597; x_wconf 90' lang='lat' dir='ltr'>Ne</span> <span class='ocrx_word' id='word_1_70' title='bbox 1213 1535 1329 1598; x_wconf 88' lang='lat' dir='ltr'>aulem</span> <span class='ocrx_word' id='word_1_71' title='bbox 1343 1527 1450 1620; x_wconf 91' lang='lat' dir='ltr'>possit</span> <span class='ocrx_word' id='word_1_72' title='bbox 1462 1527 1634 1623; x_wconf 84' lang='lat' dir='ltr'>quispiam</span> <span class='ocrx_word' id='word_1_73' title='bbox 1647 1546 1723 1601; x_wconf 91' lang='lat' dir='ltr'>sus·</span> 
     </span>
     <span class='ocr_line' id='line_1_9' title="bbox 320 1649 1724 1750; baseline -0.003 -24"><span class='ocrx_word' id='word_1_74' title='bbox 320 1654 428 1750; x_wconf 90' lang='lat' dir='ltr'>picari</span> <span class='ocrx_word' id='word_1_75' title='bbox 453 1651 548 1747; x_wconf 92' lang='lat' dir='ltr'>quod</span> <span class='ocrx_word' id='word_1_76' title='bbox 576 1649 779 1722; x_wconf 88' lang='lat' dir='ltr'>sinceritatis</span> <span class='ocrx_word' id='word_1_77' title='bbox 804 1649 946 1721; x_wconf 88' lang='lat' dir='ltr'>allectus</span> <span class='ocrx_word' id='word_1_78' title='bbox 967 1669 1072 1742; x_wconf 90' lang='lat' dir='ltr'>quem</span> <span class='ocrx_word' id='word_1_79' title='bbox 1087 1669 1169 1742; x_wconf 86' lang='lat' dir='ltr'>erga</span> <span class='ocrx_word' id='word_1_80' title='bbox 1187 1657 1222 1720; x_wconf 88' lang='lat' dir='ltr'>te</span> <span class='ocrx_word' id='word_1_81' title='bbox 1239 1649 1391 1742; x_wconf 82' lang='lat' dir='ltr'>gerimus</span> <span class='ocrx_word' id='word_1_82' title='bbox 1408 1650 1453 1722; x_wconf 89' lang='lat' dir='ltr'>sit</span> <span class='ocrx_word' id='word_1_83' title='bbox 1466 1671 1513 1722; x_wconf 84' lang='lat' dir='ltr'>ex</span> <span class='ocrx_word' id='word_1_84' title='bbox 1533 1651 1600 1724; x_wconf 89' lang='lat' dir='ltr'>boo</span> <span class='ocrx_word' id='word_1_85' title='bbox 1617 1652 1672 1724; x_wconf 93' lang='lat' dir='ltr'>vel</span> <span class='ocrx_word' id='word_1_86' title='bbox 1688 1651 1724 1724; x_wconf 94' lang='lat' dir='ltr'>in</span> 
     </span>
     <span class='ocr_line' id='line_1_10' title="bbox 321 1769 1726 1871; baseline -0.004 -22"><span class='ocrx_word' id='word_1_87' title='bbox 321 1777 438 1871; x_wconf 88' lang='lat' dir='ltr'>aliquo</span> <span class='ocrx_word' id='word_1_88' title='bbox 453 1774 665 1862; x_wconf 91' lang='lat' dir='ltr'>diminutus,</span> <span class='ocrx_word' id='word_1_89' title='bbox 682 1793 761 1844; x_wconf 91' lang='lat' dir='ltr'>curn</span> <span class='ocrx_word' id='word_1_90' title='bbox 776 1771 911 1845; x_wconf 90' lang='lat' dir='ltr'>dicatur</span> <span class='ocrx_word' id='word_1_91' title='bbox 928 1771 1044 1865; x_wconf 89' lang='lat' dir='ltr'>polius</span> <span class='ocrx_word' id='word_1_92' title='bbox 1060 1770 1156 1864; x_wconf 92' lang='lat' dir='ltr'>quod</span> <span class='ocrx_word' id='word_1_93' title='bbox 1172 1779 1268 1866; x_wconf 82' lang='lat' dir='ltr'>pater</span> <span class='ocrx_word' id='word_1_94' title='bbox 1281 1769 1390 1844; x_wconf 90' lang='lat' dir='ltr'>lilium</span> <span class='ocrx_word' id='word_1_95' title='bbox 1407 1794 1511 1866; x_wconf 90' lang='lat' dir='ltr'>quem</span> <span class='ocrx_word' id='word_1_96' title='bbox 1526 1773 1639 1870; x_wconf 75' lang='lat' dir='ltr'>diligit</span> <span class='ocrx_word' id='word_1_97' title='bbox 1652 1795 1726 1848; x_wconf 91' lang='lat' dir='ltr'>cor·</span> 
     </span>
     <span class='ocr_line' id='line_1_11' title="bbox 323 1892 1726 1996; baseline -0.002 -24"><span class='ocrx_word' id='word_1_98' title='bbox 323 1901 405 1996; x_wconf 88' lang='lat' dir='ltr'>n&#39;pit</span> <span class='ocrx_word' id='word_1_99' title='bbox 418 1909 487 1972; x_wconf 92' lang='lat' dir='ltr'>ete</span> <span class='ocrx_word' id='word_1_100' title='bbox 504 1895 675 1970; x_wconf 89' lang='lat' dir='ltr'>contrario</span> <span class='ocrx_word' id='word_1_101' title='bbox 691 1895 751 1989; x_wconf 90' lang='lat' dir='ltr'>qui</span> <span class='ocrx_word' id='word_1_102' title='bbox 770 1895 880 1990; x_wconf 89' lang='lat' dir='ltr'>parcit</span> <span class='ocrx_word' id='word_1_103' title='bbox 893 1894 991 1987; x_wconf 88' lang='lat' dir='ltr'>virge</span> <span class='ocrx_word' id='word_1_104' title='bbox 1005 1895 1079 1967; x_wconf 92' lang='lat' dir='ltr'>odit</span> <span class='ocrx_word' id='word_1_105' title='bbox 1092 1892 1219 1982; x_wconf 88' lang='lat' dir='ltr'>lilium,</span> <span class='ocrx_word' id='word_1_106' title='bbox 1244 1915 1286 1966; x_wconf 90' lang='lat' dir='ltr'>ea</span> <span class='ocrx_word' id='word_1_107' title='bbox 1301 1915 1372 1987; x_wconf 89' lang='lat' dir='ltr'>que</span> <span class='ocrx_word' id='word_1_108' title='bbox 1389 1895 1436 1968; x_wconf 90' lang='lat' dir='ltr'>ad</span> <span class='ocrx_word' id='word_1_109' title='bbox 1453 1897 1597 1968; x_wconf 88' lang='lat' dir='ltr'>salutem</span> <span class='ocrx_word' id='word_1_110' title='bbox 1612 1897 1726 1969; x_wconf 90' lang='lat' dir='ltr'>anime</span> 
     </span>
     <span class='ocr_line' id='line_1_12' title="bbox 324 2011 1727 2116; baseline -0.001 -22"><span class='ocrx_word' id='word_1_111' title='bbox 324 2011 507 2116; x_wconf 71' lang='lat' dir='ltr'>tuaquom</span> <span class='ocrx_word' id='word_1_112' title='bbox 530 2020 611 2093; x_wconf 92' lang='lat' dir='ltr'>totis</span> <span class='ocrx_word' id='word_1_113' title='bbox 629 2018 822 2092; x_wconf 87' lang='lat' dir='ltr'>visceribus</span> <span class='ocrx_word' id='word_1_114' title='bbox 844 2017 1045 2092; x_wconf 89' lang='lat' dir='ltr'>allectamus</span> <span class='ocrx_word' id='word_1_115' title='bbox 1060 2017 1230 2111; x_wconf 84' lang='lat' dir='ltr'>pertinere</span> <span class='ocrx_word' id='word_1_116' title='bbox 1249 2017 1508 2110; x_wconf 79' lang='lat' dir='ltr'>aegrescimus,</span> <span class='ocrx_word' id='word_1_117' title='bbox 1530 2038 1663 2091; x_wconf 89' lang='lat' dir='ltr'>necnon</span> <span class='ocrx_word' id='word_1_118' title='bbox 1685 2039 1727 2092; x_wconf 90' lang='lat' dir='ltr'>ea</span> 
     </span>
     <span class='ocr_line' id='line_1_13' title="bbox 324 2139 1741 2242; baseline -0.004 -23"><span class='ocrx_word' id='word_1_119' title='bbox 324 2165 394 2242; x_wconf 88' lang='lat' dir='ltr'>que</span> <span class='ocrx_word' id='word_1_120' title='bbox 406 2144 454 2218; x_wconf 92' lang='lat' dir='ltr'>ad</span> <span class='ocrx_word' id='word_1_121' title='bbox 465 2143 604 2217; x_wconf 86' lang='lat' dir='ltr'>honoris</span> <span class='ocrx_word' id='word_1_122' title='bbox 617 2142 666 2214; x_wconf 90' lang='lat' dir='ltr'>tui</span> <span class='ocrx_word' id='word_1_123' title='bbox 681 2154 905 2236; x_wconf 77' lang='lat' dir='ltr'>augmentum</span> <span class='ocrx_word' id='word_1_124' title='bbox 923 2140 1147 2236; x_wconf 90' lang='lat' dir='ltr'>proveniunt,</span> <span class='ocrx_word' id='word_1_125' title='bbox 1168 2159 1273 2232; x_wconf 89' lang='lat' dir='ltr'>quera</span> <span class='ocrx_word' id='word_1_126' title='bbox 1289 2139 1435 2212; x_wconf 83' lang='lat' dir='ltr'>libenter</span> <span class='ocrx_word' id='word_1_127' title='bbox 1452 2141 1487 2212; x_wconf 93' lang='lat' dir='ltr'>iu</span> <span class='ocrx_word' id='word_1_128' title='bbox 1507 2141 1636 2236; x_wconf 89' lang='lat' dir='ltr'>quibus</span> <span class='ocrx_word' id='word_1_129' title='bbox 1650 2163 1741 2214; x_wconf 60' lang='lat' dir='ltr'>con-¹</span> 
     </span>
     <span class='ocr_line' id='line_1_14' title="bbox 325 2261 1729 2364; baseline -0.004 -23"><span class='ocrx_word' id='word_1_130' title='bbox 325 2267 422 2342; x_wconf 91' lang='lat' dir='ltr'>venit</span> <span class='ocrx_word' id='word_1_131' title='bbox 436 2285 695 2364; x_wconf 87' lang='lat' dir='ltr'>promovemus,</span> <span class='ocrx_word' id='word_1_132' title='bbox 716 2263 888 2337; x_wconf 84' lang='lat' dir='ltr'>serenitati</span> <span class='ocrx_word' id='word_1_133' title='bbox 907 2273 966 2334; x_wconf 90' lang='lat' dir='ltr'>tue</span> <span class='ocrx_word' id='word_1_134' title='bbox 980 2283 1048 2336; x_wconf 95' lang='lat' dir='ltr'>non</span> <span class='ocrx_word' id='word_1_135' title='bbox 1065 2261 1256 2334; x_wconf 83' lang='lat' dir='ltr'>desinimus</span> <span class='ocrx_word' id='word_1_136' title='bbox 1271 2261 1429 2336; x_wconf 89' lang='lat' dir='ltr'>suadere.</span> <span class='ocrx_word' id='word_1_137' title='bbox 1451 2263 1602 2359; x_wconf 87' lang='lat' dir='ltr'>ldcoqua</span> <span class='ocrx_word' id='word_1_138' title='bbox 1615 2265 1729 2360; x_wconf 87' lang='lat' dir='ltr'>impe-</span> 
     </span>
     <span class='ocr_line' id='line_1_15' title="bbox 326 2385 1730 2480; baseline -0.003 -16"><span class='ocrx_word' id='word_1_139' title='bbox 326 2392 444 2464; x_wconf 88' lang='lat' dir='ltr'>rialem</span> <span class='ocrx_word' id='word_1_140' title='bbox 472 2387 773 2462; x_wconf 89' lang='lat' dir='ltr'>mansuetudinem</span> <span class='ocrx_word' id='word_1_141' title='bbox 801 2407 980 2480; x_wconf 90' lang='lat' dir='ltr'>rogamus,</span> <span class='ocrx_word' id='word_1_142' title='bbox 1011 2405 1192 2458; x_wconf 87' lang='lat' dir='ltr'>monemus</span> <span class='ocrx_word' id='word_1_143' title='bbox 1205 2394 1247 2458; x_wconf 85' lang='lat' dir='ltr'>et</span> <span class='ocrx_word' id='word_1_144' title='bbox 1275 2385 1452 2457; x_wconf 90' lang='lat' dir='ltr'>hortamur</span> <span class='ocrx_word' id='word_1_145' title='bbox 1478 2396 1605 2460; x_wconf 87' lang='lat' dir='ltr'>attente</span> <span class='ocrx_word' id='word_1_146' title='bbox 1630 2389 1730 2460; x_wconf 89' lang='lat' dir='ltr'>obse·</span> 
     </span>
     <span class='ocr_line' id='line_1_16' title="bbox 328 2507 1730 2609; baseline -0.001 -22"><span class='ocrx_word' id='word_1_147' title='bbox 328 2523 459 2588; x_wconf 77' lang='lat' dir='ltr'>mantes</span> <span class='ocrx_word' id='word_1_148' title='bbox 467 2533 529 2609; x_wconf 86' lang='lat' dir='ltr'>per</span> <span class='ocrx_word' id='word_1_149' title='bbox 541 2509 774 2606; x_wconf 87' lang='lat' dir='ltr'>aspersionem</span> <span class='ocrx_word' id='word_1_150' title='bbox 784 2509 965 2602; x_wconf 87' lang='lat' dir='ltr'>sanguinis</span> <span class='ocrx_word' id='word_1_151' title='bbox 973 2510 1053 2580; x_wconf 92' lang='lat' dir='ltr'>lesu</span> <span class='ocrx_word' id='word_1_152' title='bbox 1064 2508 1199 2600; x_wconf 85' lang='lat' dir='ltr'>Christi,</span> <span class='ocrx_word' id='word_1_153' title='bbox 1210 2518 1382 2602; x_wconf 89' lang='lat' dir='ltr'>quatenus</span> <span class='ocrx_word' id='word_1_154' title='bbox 1393 2529 1437 2581; x_wconf 92' lang='lat' dir='ltr'>ne</span> <span class='ocrx_word' id='word_1_155' title='bbox 1451 2507 1561 2604; x_wconf 88' lang='lat' dir='ltr'>(quod</span> <span class='ocrx_word' id='word_1_156' title='bbox 1571 2511 1673 2608; x_wconf 86' lang='lat' dir='ltr'>absit)</span> <span class='ocrx_word' id='word_1_157' title='bbox 1685 2511 1730 2586; x_wconf 89' lang='lat' dir='ltr'>de</span> 
     </span>
     <span class='ocr_line' id='line_1_17' title="bbox 328 2628 1726 2727; baseline -0.004 -18"><span class='ocrx_word' id='word_1_158' title='bbox 328 2657 471 2708; x_wconf 89' lang='lat' dir='ltr'>numero</span> <span class='ocrx_word' id='word_1_159' title='bbox 482 2635 531 2707; x_wconf 90' lang='lat' dir='ltr'>sis</span> <span class='ocrx_word' id='word_1_160' title='bbox 543 2633 680 2706; x_wconf 90' lang='lat' dir='ltr'>illorum</span> <span class='ocrx_word' id='word_1_161' title='bbox 690 2632 735 2705; x_wconf 91' lang='lat' dir='ltr'>de</span> <span class='ocrx_word' id='word_1_162' title='bbox 747 2632 875 2727; x_wconf 86' lang='lat' dir='ltr'>quibus</span> <span class='ocrx_word' id='word_1_163' title='bbox 885 2631 1053 2704; x_wconf 91' lang='lat' dir='ltr'>Dominus</span> <span class='ocrx_word' id='word_1_164' title='bbox 1064 2631 1287 2725; x_wconf 86' lang='lat' dir='ltr'>conqueritur</span> <span class='ocrx_word' id='word_1_165' title='bbox 1296 2653 1358 2726; x_wconf 92' lang='lat' dir='ltr'>per</span> <span class='ocrx_word' id='word_1_166' title='bbox 1372 2628 1573 2727; x_wconf 87' lang='lat' dir='ltr'>prophetam</span> <span class='ocrx_word' id='word_1_167' title='bbox 1588 2631 1726 2706; x_wconf 89' lang='lat' dir='ltr'>dicens:</span> 
     </span>
     <span class='ocr_line' id='line_1_18' title="bbox 329 2753 1732 2851; baseline -0.004 -19"><span class='ocrx_word' id='word_1_168' title='bbox 329 2758 484 2833; x_wconf 86' lang='lat' dir='ltr'>Percussi</span> <span class='ocrx_word' id='word_1_169' title='bbox 509 2779 569 2832; x_wconf 87' lang='lat' dir='ltr'>eos</span> <span class='ocrx_word' id='word_1_170' title='bbox 590 2765 625 2830; x_wconf 88' lang='lat' dir='ltr'>et</span> <span class='ocrx_word' id='word_1_171' title='bbox 647 2776 717 2829; x_wconf 93' lang='lat' dir='ltr'>non</span> <span class='ocrx_word' id='word_1_172' title='bbox 747 2756 947 2840; x_wconf 90' lang='lat' dir='ltr'>doluerunt,</span> <span class='ocrx_word' id='word_1_173' title='bbox 982 2764 1016 2827; x_wconf 89' lang='lat' dir='ltr'>et</span> <span class='ocrx_word' id='word_1_174' title='bbox 1045 2753 1152 2827; x_wconf 85' lang='lat' dir='ltr'>attriti</span> <span class='ocrx_word' id='word_1_175' title='bbox 1183 2764 1372 2826; x_wconf 90' lang='lat' dir='ltr'>renuerunt</span> <span class='ocrx_word' id='word_1_176' title='bbox 1397 2754 1552 2850; x_wconf 87' lang='lat' dir='ltr'>accipere</span> <span class='ocrx_word' id='word_1_177' title='bbox 1578 2755 1732 2851; x_wconf 88' lang='lat' dir='ltr'>discipli-</span> 
     </span>
     <span class='ocr_line' id='line_1_19' title="bbox 330 2876 1732 2976; baseline -0.001 -22"><span class='ocrx_word' id='word_1_178' title='bbox 330 2905 428 2973; x_wconf 86' lang='lat' dir='ltr'>uam;</span> <span class='ocrx_word' id='word_1_179' title='bbox 455 2879 519 2954; x_wconf 90' lang='lat' dir='ltr'>sed</span> <span class='ocrx_word' id='word_1_180' title='bbox 538 2879 652 2976; x_wconf 87' lang='lat' dir='ltr'>potius</span> <span class='ocrx_word' id='word_1_181' title='bbox 674 2887 852 2973; x_wconf 85' lang='lat' dir='ltr'>correptus</span> <span class='ocrx_word' id='word_1_182' title='bbox 875 2877 910 2949; x_wconf 95' lang='lat' dir='ltr'>in</span> <span class='ocrx_word' id='word_1_183' title='bbox 933 2876 1165 2950; x_wconf 86' lang='lat' dir='ltr'>misericordia</span> <span class='ocrx_word' id='word_1_184' title='bbox 1185 2877 1428 2950; x_wconf 85' lang='lat' dir='ltr'>correctionem</span> <span class='ocrx_word' id='word_1_185' title='bbox 1448 2877 1593 2973; x_wconf 87' lang='lat' dir='ltr'>recipias</span> <span class='ocrx_word' id='word_1_186' title='bbox 1609 2888 1645 2950; x_wconf 90' lang='lat' dir='ltr'>et</span> <span class='ocrx_word' id='word_1_187' title='bbox 1660 2899 1732 2952; x_wconf 91' lang='lat' dir='ltr'>mc·</span> 
     </span>
     <span class='ocr_line' id='line_1_20' title="bbox 332 3000 1733 3094; baseline -0.003 -17"><span class='ocrx_word' id='word_1_188' title='bbox 332 3003 458 3094; x_wconf 87' lang='lat' dir='ltr'>delum,</span> <span class='ocrx_word' id='word_1_189' title='bbox 473 3003 519 3077; x_wconf 89' lang='lat' dir='ltr'>ad</span> <span class='ocrx_word' id='word_1_190' title='bbox 530 3001 696 3076; x_wconf 89' lang='lat' dir='ltr'>solvenda</span> <span class='ocrx_word' id='word_1_191' title='bbox 711 3001 809 3073; x_wconf 86' lang='lat' dir='ltr'>varia</span> <span class='ocrx_word' id='word_1_192' title='bbox 825 3001 964 3094; x_wconf 90' lang='lat' dir='ltr'>vincula</span> <span class='ocrx_word' id='word_1_193' title='bbox 982 3000 1111 3094; x_wconf 88' lang='lat' dir='ltr'>quibus</span> <span class='ocrx_word' id='word_1_194' title='bbox 1129 3000 1255 3074; x_wconf 87' lang='lat' dir='ltr'>teneris</span> <span class='ocrx_word' id='word_1_195' title='bbox 1270 3000 1429 3072; x_wconf 88' lang='lat' dir='ltr'>astrictus</span> <span class='ocrx_word' id='word_1_196' title='bbox 1445 3001 1610 3074; x_wconf 81' lang='lat' dir='ltr'>instanter</span> <span class='ocrx_word' id='word_1_197' title='bbox 1623 3001 1733 3074; x_wconf 92' lang='lat' dir='ltr'>inten-</span> 
     </span>
     <span class='ocr_line' id='line_1_21' title="bbox 332 3122 1735 3220; baseline -0.001 -20"><span class='ocrx_word' id='word_1_198' title='bbox 332 3127 395 3200; x_wconf 85' lang='lat' dir='ltr'>das</span> <span class='ocrx_word' id='word_1_199' title='bbox 417 3135 452 3199; x_wconf 90' lang='lat' dir='ltr'>et</span> <span class='ocrx_word' id='word_1_200' title='bbox 477 3125 524 3198; x_wconf 91' lang='lat' dir='ltr'>ad</span> <span class='ocrx_word' id='word_1_201' title='bbox 545 3125 715 3220; x_wconf 86' lang='lat' dir='ltr'>gremium</span> <span class='ocrx_word' id='word_1_202' title='bbox 737 3125 855 3196; x_wconf 85' lang='lat' dir='ltr'>matris</span> <span class='ocrx_word' id='word_1_203' title='bbox 878 3123 1029 3196; x_wconf 82' lang='lat' dir='ltr'>Ecclesia</span> <span class='ocrx_word' id='word_1_204' title='bbox 1055 3131 1089 3194; x_wconf 87' lang='lat' dir='ltr'>ta</span> <span class='ocrx_word' id='word_1_205' title='bbox 1114 3122 1387 3196; x_wconf 78' lang='lat' dir='ltr'>desiderabiliter</span> <span class='ocrx_word' id='word_1_206' title='bbox 1412 3126 1626 3219; x_wconf 81' lang='lat' dir='ltr'>expectantis</span> <span class='ocrx_word' id='word_1_207' title='bbox 1654 3147 1735 3198; x_wconf 91' lang='lat' dir='ltr'>curn</span> 
     </span>
     <span class='ocr_line' id='line_1_22' title="bbox 332 3245 1737 3340; baseline -0.001 -18"><span class='ocrx_word' id='word_1_208' title='bbox 332 3250 426 3322; x_wconf 92' lang='lat' dir='ltr'>omni</span> <span class='ocrx_word' id='word_1_209' title='bbox 443 3249 616 3323; x_wconf 88' lang='lat' dir='ltr'>celeritate</span> <span class='ocrx_word' id='word_1_210' title='bbox 639 3247 795 3338; x_wconf 88' lang='lat' dir='ltr'>lestines,</span> <span class='ocrx_word' id='word_1_211' title='bbox 824 3245 1065 3320; x_wconf 88' lang='lat' dir='ltr'>satislaeicndo</span> <span class='ocrx_word' id='word_1_212' title='bbox 1092 3247 1163 3318; x_wconf 87' lang='lat' dir='ltr'>Deo</span> <span class='ocrx_word' id='word_1_213' title='bbox 1185 3246 1247 3340; x_wconf 88' lang='lat' dir='ltr'>qui</span> <span class='ocrx_word' id='word_1_214' title='bbox 1276 3245 1336 3317; x_wconf 92' lang='lat' dir='ltr'>tibi</span> <span class='ocrx_word' id='word_1_215' title='bbox 1364 3245 1485 3340; x_wconf 90' lang='lat' dir='ltr'>utique</span> <span class='ocrx_word' id='word_1_216' title='bbox 1515 3247 1677 3320; x_wconf 78' lang='lat' dir='ltr'>satisfecit</span> <span class='ocrx_word' id='word_1_217' title='bbox 1702 3259 1737 3320; x_wconf 89' lang='lat' dir='ltr'>et</span> 
     </span>
     <span class='ocr_line' id='line_1_23' title="bbox 333 3369 1738 3464; baseline 0.001 -20"><span class='ocrx_word' id='word_1_218' title='bbox 333 3371 531 3444; x_wconf 89' lang='lat' dir='ltr'>homiuibus</span> <span class='ocrx_word' id='word_1_219' title='bbox 544 3369 711 3464; x_wconf 86' lang='lat' dir='ltr'>justitiam</span> <span class='ocrx_word' id='word_1_220' title='bbox 729 3369 940 3442; x_wconf 84' lang='lat' dir='ltr'>exhibendo.</span> <span class='ocrx_word' id='word_1_221' title='bbox 962 3369 1057 3441; x_wconf 90' lang='lat' dir='ltr'>Siout</span> <span class='ocrx_word' id='word_1_222' title='bbox 1069 3369 1163 3440; x_wconf 92' lang='lat' dir='ltr'>enim</span> <span class='ocrx_word' id='word_1_223' title='bbox 1177 3369 1265 3442; x_wconf 90' lang='lat' dir='ltr'>seire</span> <span class='ocrx_word' id='word_1_224' title='bbox 1280 3378 1314 3442; x_wconf 91' lang='lat' dir='ltr'>te</span> <span class='ocrx_word' id='word_1_225' title='bbox 1332 3369 1522 3460; x_wconf 87' lang='lat' dir='ltr'>credimus,</span> <span class='ocrx_word' id='word_1_226' title='bbox 1541 3381 1658 3444; x_wconf 89' lang='lat' dir='ltr'>eontra</span> <span class='ocrx_word' id='word_1_227' title='bbox 1675 3393 1738 3445; x_wconf 91' lang='lat' dir='ltr'>nos</span> 
     </span>
     <span class='ocr_line' id='line_1_24' title="bbox 334 3491 1735 3586; baseline 0 -20"><span class='ocrx_word' id='word_1_228' title='bbox 334 3503 578 3583; x_wconf 89' lang='lat' dir='ltr'>murmuratur,</span> <span class='ocrx_word' id='word_1_229' title='bbox 611 3493 716 3564; x_wconf 91' lang='lat' dir='ltr'>immo</span> <span class='ocrx_word' id='word_1_230' title='bbox 742 3493 910 3564; x_wconf 88' lang='lat' dir='ltr'>clamatur</span> <span class='ocrx_word' id='word_1_231' title='bbox 938 3492 1035 3585; x_wconf 92' lang='lat' dir='ltr'>quod</span> <span class='ocrx_word' id='word_1_232' title='bbox 1066 3493 1274 3586; x_wconf 90' lang='lat' dir='ltr'>prelatorum</span> <span class='ocrx_word' id='word_1_233' title='bbox 1300 3491 1463 3584; x_wconf 86' lang='lat' dir='ltr'>exilium,</span> <span class='ocrx_word' id='word_1_234' title='bbox 1496 3494 1735 3586; x_wconf 81' lang='lat' dir='ltr'>ecclesiarum,</span> 
     </span>
     <span class='ocr_line' id='line_1_25' title="bbox 335 3612 1739 3712; baseline 0 -24"><span class='ocrx_word' id='word_1_235' title='bbox 335 3617 569 3712; x_wconf 88' lang='lat' dir='ltr'>hospitalium,</span> <span class='ocrx_word' id='word_1_236' title='bbox 589 3616 820 3711; x_wconf 90' lang='lat' dir='ltr'>orphanorum</span> <span class='ocrx_word' id='word_1_237' title='bbox 836 3622 871 3686; x_wconf 87' lang='lat' dir='ltr'>et</span> <span class='ocrx_word' id='word_1_238' title='bbox 885 3612 1070 3687; x_wconf 88' lang='lat' dir='ltr'>viduarum</span> <span class='ocrx_word' id='word_1_239' title='bbox 1090 3634 1222 3688; x_wconf 90' lang='lat' dir='ltr'>necnon</span> <span class='ocrx_word' id='word_1_240' title='bbox 1242 3614 1387 3686; x_wconf 90' lang='lat' dir='ltr'>aliorum</span> <span class='ocrx_word' id='word_1_241' title='bbox 1405 3615 1643 3708; x_wconf 87' lang='lat' dir='ltr'>religiosorum</span> <span class='ocrx_word' id='word_1_242' title='bbox 1660 3639 1739 3712; x_wconf 91' lang='lat' dir='ltr'>spo-</span> 
     </span>
     <span class='ocr_line' id='line_1_26' title="bbox 336 3737 1741 3830; baseline 0 -19"><span class='ocrx_word' id='word_1_243' title='bbox 336 3740 509 3829; x_wconf 86' lang='lat' dir='ltr'>liationes,</span> <span class='ocrx_word' id='word_1_244' title='bbox 529 3748 564 3811; x_wconf 89' lang='lat' dir='ltr'>et</span> <span class='ocrx_word' id='word_1_245' title='bbox 591 3738 677 3811; x_wconf 91' lang='lat' dir='ltr'>alias</span> <span class='ocrx_word' id='word_1_246' title='bbox 702 3746 833 3810; x_wconf 89' lang='lat' dir='ltr'>atroces</span> <span class='ocrx_word' id='word_1_247' title='bbox 857 3737 1000 3830; x_wconf 88' lang='lat' dir='ltr'>injurias</span> <span class='ocrx_word' id='word_1_248' title='bbox 1025 3737 1093 3812; x_wconf 89' lang='lat' dir='ltr'>visi</span> <span class='ocrx_word' id='word_1_249' title='bbox 1115 3759 1239 3810; x_wconf 90' lang='lat' dir='ltr'>sumus</span> <span class='ocrx_word' id='word_1_250' title='bbox 1263 3737 1429 3810; x_wconf 89' lang='lat' dir='ltr'>hactenus</span> <span class='ocrx_word' id='word_1_251' title='bbox 1454 3739 1521 3810; x_wconf 88' lang='lat' dir='ltr'>sub</span> <span class='ocrx_word' id='word_1_252' title='bbox 1545 3739 1741 3812; x_wconf 89' lang='lat' dir='ltr'>dissimula·</span> 
     </span>
     <span class='ocr_line' id='line_1_27' title="bbox 338 3860 1745 3957; baseline 0.003 -25"><span class='ocrx_word' id='word_1_253' title='bbox 338 3863 430 3934; x_wconf 89' lang='lat' dir='ltr'>tinne</span> <span class='ocrx_word' id='word_1_254' title='bbox 445 3861 600 3934; x_wconf 89' lang='lat' dir='ltr'>transire.</span> <span class='ocrx_word' id='word_1_255' title='bbox 622 3861 711 3934; x_wconf 94' lang='lat' dir='ltr'>lllud</span> <span class='ocrx_word' id='word_1_256' title='bbox 728 3882 868 3956; x_wconf 89' lang='lat' dir='ltr'>quoquo</span> <span class='ocrx_word' id='word_1_257' title='bbox 884 3860 984 3932; x_wconf 88' lang='lat' dir='ltr'>nobis</span> <span class='ocrx_word' id='word_1_258' title='bbox 999 3861 1116 3957; x_wconf 90' lang='lat' dir='ltr'>sepius</span> <span class='ocrx_word' id='word_1_259' title='bbox 1135 3861 1363 3957; x_wconf 87' lang='lat' dir='ltr'>exprobratur</span> <span class='ocrx_word' id='word_1_260' title='bbox 1381 3862 1476 3956; x_wconf 92' lang='lat' dir='ltr'>quod</span> <span class='ocrx_word' id='word_1_261' title='bbox 1493 3883 1572 3934; x_wconf 89' lang='lat' dir='ltr'>oum</span> <span class='ocrx_word' id='word_1_262' title='bbox 1589 3863 1745 3936; x_wconf 85' lang='lat' dir='ltr'>Ecclesia</span> 
     </span>
     <span class='ocr_line' id='line_1_28' title="bbox 338 3983 1738 4080; baseline 0.001 -24"><span class='ocrx_word' id='word_1_263' title='bbox 338 3985 490 4057; x_wconf 89' lang='lat' dir='ltr'>llomaua</span> <span class='ocrx_word' id='word_1_264' title='bbox 506 4006 544 4058; x_wconf 91' lang='lat' dir='ltr'>se</span> <span class='ocrx_word' id='word_1_265' title='bbox 561 3983 607 4057; x_wconf 92' lang='lat' dir='ltr'>ad</span> <span class='ocrx_word' id='word_1_266' title='bbox 622 4005 763 4080; x_wconf 89' lang='lat' dir='ltr'>precum</span> <span class='ocrx_word' id='word_1_267' title='bbox 784 3995 920 4056; x_wconf 91' lang='lat' dir='ltr'>tuarum</span> <span class='ocrx_word' id='word_1_268' title='bbox 939 3983 1154 4076; x_wconf 88' lang='lat' dir='ltr'>instantium,</span> <span class='ocrx_word' id='word_1_269' title='bbox 1174 3993 1278 4079; x_wconf 89' lang='lat' dir='ltr'>prout</span> <span class='ocrx_word' id='word_1_270' title='bbox 1293 4005 1340 4056; x_wconf 87' lang='lat' dir='ltr'>ex</span> <span class='ocrx_word' id='word_1_271' title='bbox 1357 3984 1478 4056; x_wconf 84' lang='lat' dir='ltr'>litteris</span> <span class='ocrx_word' id='word_1_272' title='bbox 1496 3984 1564 4056; x_wconf 93' lang='lat' dir='ltr'>tuis</span> <span class='ocrx_word' id='word_1_273' title='bbox 1579 3995 1738 4080; x_wconf 89' lang='lat' dir='ltr'>apparet,</span> 
     </span>
     <span class='ocr_line' id='line_1_29' title="bbox 340 4105 1743 4202; baseline 0.003 -24"><span class='ocrx_word' id='word_1_274' title='bbox 340 4105 553 4200; x_wconf 85' lang='lat' dir='ltr'>fidejussoria</span> <span class='ocrx_word' id='word_1_275' title='bbox 578 4107 738 4202; x_wconf 87' lang='lat' dir='ltr'>obligarit</span> <span class='ocrx_word' id='word_1_276' title='bbox 762 4129 866 4202; x_wconf 90' lang='lat' dir='ltr'>super</span> <span class='ocrx_word' id='word_1_277' title='bbox 893 4107 1064 4180; x_wconf 88' lang='lat' dir='ltr'>servanda</span> <span class='ocrx_word' id='word_1_278' title='bbox 1088 4106 1334 4202; x_wconf 91' lang='lat' dir='ltr'>compositione</span> <span class='ocrx_word' id='word_1_279' title='bbox 1362 4107 1451 4179; x_wconf 88' lang='lat' dir='ltr'>inter</span> <span class='ocrx_word' id='word_1_280' title='bbox 1476 4115 1510 4179; x_wconf 87' lang='lat' dir='ltr'>te</span> <span class='ocrx_word' id='word_1_281' title='bbox 1537 4129 1579 4180; x_wconf 90' lang='lat' dir='ltr'>ac</span> <span class='ocrx_word' id='word_1_282' title='bbox 1602 4107 1743 4182; x_wconf 87' lang='lat' dir='ltr'>comites</span> 
     </span>
    </p>
   </div>
   <div class='ocr_carea' id='block_1_3' title="bbox 340 4229 1745 4696">
    <p class='ocr_par' dir='ltr' id='par_1_3' title="bbox 340 4229 1745 4696">
     <span class='ocr_line' id='line_1_30' title="bbox 340 4229 1743 4326; baseline 0.002 -25"><span class='ocrx_word' id='word_1_283' title='bbox 340 4229 560 4302; x_wconf 88' lang='lat' dir='ltr'>Celanonsem</span> <span class='ocrx_word' id='word_1_284' title='bbox 578 4237 614 4303; x_wconf 90' lang='lat' dir='ltr'>et</span> <span class='ocrx_word' id='word_1_285' title='bbox 631 4230 845 4326; x_wconf 78' lang='lat' dir='ltr'>baynaldum</span> <span class='ocrx_word' id='word_1_286' title='bbox 861 4229 906 4303; x_wconf 91' lang='lat' dir='ltr'>de</span> <span class='ocrx_word' id='word_1_287' title='bbox 921 4229 1051 4302; x_wconf 81' lang='lat' dir='ltr'>Aversa</span> <span class='ocrx_word' id='word_1_288' title='bbox 1071 4230 1267 4302; x_wconf 83' lang='lat' dir='ltr'>solemniter</span> <span class='ocrx_word' id='word_1_289' title='bbox 1284 4230 1473 4322; x_wconf 89' lang='lat' dir='ltr'>celebrata,</span> <span class='ocrx_word' id='word_1_290' title='bbox 1496 4231 1542 4304; x_wconf 93' lang='lat' dir='ltr'>ita</span> <span class='ocrx_word' id='word_1_291' title='bbox 1561 4240 1619 4304; x_wconf 91' lang='lat' dir='ltr'>tue</span> <span class='ocrx_word' id='word_1_292' title='bbox 1633 4232 1743 4304; x_wconf 91' lang='lat' dir='ltr'>subli-</span> 
     </span>
     <span class='ocr_line' id='line_1_31' title="bbox 341 4352 1743 4450; baseline 0 -24"><span class='ocrx_word' id='word_1_293' title='bbox 341 4353 451 4426; x_wconf 89' lang='lat' dir='ltr'>mitati</span> <span class='ocrx_word' id='word_1_294' title='bbox 466 4353 653 4427; x_wconf 87' lang='lat' dir='ltr'>detulimus</span> <span class='ocrx_word' id='word_1_295' title='bbox 666 4353 761 4448; x_wconf 90' lang='lat' dir='ltr'>qnod</span> <span class='ocrx_word' id='word_1_296' title='bbox 777 4355 913 4427; x_wconf 87' lang='lat' dir='ltr'>illorum</span> <span class='ocrx_word' id='word_1_297' title='bbox 930 4353 1092 4426; x_wconf 89' lang='lat' dir='ltr'>videmur</span> <span class='ocrx_word' id='word_1_298' title='bbox 1105 4352 1273 4447; x_wconf 90' lang='lat' dir='ltr'>justitiam</span> <span class='ocrx_word' id='word_1_299' title='bbox 1291 4354 1471 4426; x_wconf 81' lang='lat' dir='ltr'>sustulisse</span> <span class='ocrx_word' id='word_1_300' title='bbox 1486 4354 1547 4450; x_wconf 91' lang='lat' dir='ltr'>qul</span> <span class='ocrx_word' id='word_1_301' title='bbox 1564 4375 1743 4448; x_wconf 89' lang='lat' dir='ltr'>nunquam</span> 
     </span>
     <span class='ocr_line' id='line_1_32' title="bbox 342 4475 1745 4574; baseline 0.001 -26"><span class='ocrx_word' id='word_1_302' title='bbox 342 4475 558 4571; x_wconf 89' lang='lat' dir='ltr'>disponimus</span> <span class='ocrx_word' id='word_1_303' title='bbox 579 4476 740 4571; x_wconf 89' lang='lat' dir='ltr'>cuiqnam</span> <span class='ocrx_word' id='word_1_304' title='bbox 762 4475 797 4548; x_wconf 91' lang='lat' dir='ltr'>in</span> <span class='ocrx_word' id='word_1_305' title='bbox 817 4499 881 4550; x_wconf 92' lang='lat' dir='ltr'>suo</span> <span class='ocrx_word' id='word_1_306' title='bbox 892 4478 972 4570; x_wconf 87' lang='lat' dir='ltr'>jure</span> <span class='ocrx_word' id='word_1_307' title='bbox 990 4475 1121 4550; x_wconf 65' lang='lat' dir='ltr'>dese.</span> <span class='ocrx_word' id='word_1_308' title='bbox 1146 4477 1217 4548; x_wconf 85' lang='lat' dir='ltr'>Neo</span> <span class='ocrx_word' id='word_1_309' title='bbox 1238 4475 1374 4550; x_wconf 91' lang='lat' dir='ltr'>illorum</span> <span class='ocrx_word' id='word_1_310' title='bbox 1393 4477 1655 4550; x_wconf 77' lang='lat' dir='ltr'>vociferationes</span> <span class='ocrx_word' id='word_1_311' title='bbox 1670 4499 1745 4574; x_wconf 90' lang='lat' dir='ltr'>pos·</span> 
     </span>
     <span class='ocr_line' id='line_1_33' title="bbox 343 4599 1743 4696; baseline 0.001 -26"><span class='ocrx_word' id='word_1_312' title='bbox 343 4619 464 4670; x_wconf 88' lang='lat' dir='ltr'>sumus</span> <span class='ocrx_word' id='word_1_313' title='bbox 479 4599 666 4691; x_wconf 89' lang='lat' dir='ltr'>obaudire,</span> <span class='ocrx_word' id='word_1_314' title='bbox 685 4599 746 4694; x_wconf 91' lang='lat' dir='ltr'>qui</span> <span class='ocrx_word' id='word_1_315' title='bbox 766 4601 951 4674; x_wconf 89' lang='lat' dir='ltr'>clamantes</span> <span class='ocrx_word' id='word_1_316' title='bbox 965 4600 1061 4694; x_wconf 90' lang='lat' dir='ltr'>quod</span> <span class='ocrx_word' id='word_1_317' title='bbox 1078 4599 1123 4674; x_wconf 90' lang='lat' dir='ltr'>ad</span> <span class='ocrx_word' id='word_1_318' title='bbox 1143 4621 1260 4695; x_wconf 86' lang='lat' dir='ltr'>preces</span> <span class='ocrx_word' id='word_1_319' title='bbox 1274 4601 1330 4696; x_wconf 86' lang='lat' dir='ltr'>pie</span> <span class='ocrx_word' id='word_1_320' title='bbox 1344 4599 1589 4673; x_wconf 86' lang='lat' dir='ltr'>recordationis</span> <span class='ocrx_word' id='word_1_321' title='bbox 1604 4599 1743 4674; x_wconf 88' lang='lat' dir='ltr'>llonorii</span> 
     </span>
    </p>
   </div>
   <div class='ocr_carea' id='block_1_4' title="bbox 344 4721 1743 4906">
    <p class='ocr_par' dir='ltr' id='par_1_4' title="bbox 344 4721 1743 4906">
     <span class='ocr_line' id='line_1_34' title="bbox 344 4721 1743 4818; baseline 0.004 -26"><span class='ocrx_word' id='word_1_322' title='bbox 344 4741 433 4816; x_wconf 90' lang='lat' dir='ltr'>papa</span> <span class='ocrx_word' id='word_1_323' title='bbox 448 4721 698 4817; x_wconf 88' lang='lat' dir='ltr'>predecessoris</span> <span class='ocrx_word' id='word_1_324' title='bbox 719 4723 826 4796; x_wconf 91' lang='lat' dir='ltr'>nostri</span> <span class='ocrx_word' id='word_1_325' title='bbox 845 4721 1008 4796; x_wconf 89' lang='lat' dir='ltr'>dilectum</span> <span class='ocrx_word' id='word_1_326' title='bbox 1030 4722 1137 4796; x_wconf 90' lang='lat' dir='ltr'>lilium</span> <span class='ocrx_word' id='word_1_327' title='bbox 1157 4723 1305 4796; x_wconf 91' lang='lat' dir='ltr'>nobilem</span> <span class='ocrx_word' id='word_1_328' title='bbox 1327 4723 1441 4796; x_wconf 91' lang='lat' dir='ltr'>virum</span> <span class='ocrx_word' id='word_1_329' title='bbox 1458 4723 1616 4797; x_wconf 89' lang='lat' dir='ltr'>comitem</span> <span class='ocrx_word' id='word_1_330' title='bbox 1632 4724 1743 4818; x_wconf 82' lang='lat' dir='ltr'>Roge-</span> 
     </span>
     <span class='ocr_line' id='line_1_35' title="bbox 443 4845 1586 4906; baseline 0.002 -2"><span class='ocrx_word' id='word_1_331' title='bbox 443 4845 498 4905; x_wconf 90' lang='grc'>111.</span> <span class='ocrx_word' id='word_1_332' title='bbox 1568 4853 1586 4906; x_wconf 76' lang='lat'>⁵</span> 
     </span>
    </p>
   </div>
   <div class='ocr_carea' id='block_1_5' title="bbox 0 0 2354 6084">
    <p class='ocr_par' dir='ltr' id='par_1_5' title="bbox 0 0 2354 6084">
     <span class='ocr_line' id='line_1_36' title="bbox 0 0 2354 6084; baseline 0 0"><span class='ocrx_word' id='word_1_333' title='bbox 0 0 2354 6084; x_wconf 95' lang='lat' dir='ltr'> </span> 
     </span>
    </p>
   </div>
  </div>
 </body>
</html>
