4642 6106
556 597 618 660 ult
1056 601 1270 684 FR‘lDEithl
1294 602 1471 665 secono!
1781 605 1861 692 [Auri.
1880 607 1966 670 12³⁰.

542 801 545 808 .
604 733 688 808 Actu
709 743 791 806 sunt
814 734 879 809 hec
894 735 990 832 apud
1011 739 1177 812 Sanctum
1193 739 1415 832 Germanum,
1432 759 1524 812 auuo
1541 737 1968 816 dominiceiucamutiouis

554 859 749 934 dccxxx.

603 989 689 1059 Data
705 985 848 1079 ibidem,
869 987 898 1060 V
914 986 1081 1062 kalendas
1096 990 1249 1083 augusti,
1268 987 1455 1062 indictione
1469 989 1527 1060 lll.

605 1210 728 1300 [Extat
741 1209 868 1282 etenim
888 1208 976 1284 iulra
994 1211 1109 1284 cautio
1123 1231 1216 1306 quae
1229 1209 1386 1305 sequitur
1401 1211 1431 1304 z]

603 1330 824 1404 Eberhardus
840 1331 904 1404 Dei
925 1332 1035 1427 gratia
1053 1333 1333 1428 salzeburgensis
1349 1332 1647 1428 archiepiscopus,
1668 1331 1830 1406 Sidridus
1846 1331 1968 1406 eadem

553 1455 662 1551 gratia
673 1455 929 1551 Ratispoueusis
944 1459 1140 1554 episcopus,
1157 1456 1378 1532 Berubardus
1389 1456 1466 1530 dux
1476 1455 1669 1546 Kariutbie,
1686 1455 1850 1530 omuibus
1863 1456 1970 1550 hujus

552 1580 668 1676 scripti
683 1580 946 1676 inspectoribus.
961 1582 1127 1655 Noveriut
1140 1581 1294 1655 universi
1307 1581 1404 1676 quod
1418 1603 1482 1654 uos
1495 1580 1693 1654 Gerbodum
1705 1579 1751 1654 de
1763 1579 1968 1654 Salueburcb

553 1707 589 1778 iu
617 1706 767 1778 animam
791 1714 942 1778 nostram
959 1707 1077 1800 jurare
1099 1707 1244 1780 fecimus
1264 1706 1361 1802 quod
1381 1707 1474 1780 boua
1494 1705 1565 1778 lide
1590 1704 1808 1780 servabimus
1826 1703 1967 1798 fidejus·

553 1832 683 1904 sionem
694 1851 800 1924 quam
814 1830 959 1903 fecimus
969 1853 1033 1927 pro
1048 1831 1264 1904 restitutione
1275 1831 1428 1906 Marcbie
1440 1832 1650 1920 etllucatus,
1665 1829 1858 1903 secuudum
1871 1828 1968 1924 quod

554 1954 589 2026 in
608 1953 727 2026 litteris
749 1953 874 2026 nostris
898 1963 934 2028 et
953 1956 1161 2030 venerabilis
1183 1956 1290 2053 patris
1311 1955 1552 2052 Aquilegeusis
1575 1954 1770 2050 patriarche
1790 1963 1826 2026 et
1843 1953 1968 2028 nobilis

554 2075 655 2150 ducis
670 2075 822 2150 blerauie
838 2077 1045 2150 continetur.

603 2201 689 2274 Data
706 2200 885 2296 Ceperaui,
902 2203 932 2275 V
948 2201 1113 2276 kalendas
1129 2202 1350 2299 septembris,
1370 2201 1559 2278 indictione
1573 2200 1684 2274 tertia.

770 2465 789 2475 u·
803 2465 852 2474 --un
858 2465 920 2475 ιιι-ο·-
930 2463 1747 2476 -ο--ο---ᾞᾞ-ῇ--οσ--ψ

362 2733 515 2840 multip,
607 2715 816 2825 imperator
838 2713 973 2797 ultimo
995 2714 1058 2796 die
1073 2714 1216 2798 mensis
1236 2713 1323 2826 julii
1344 2715 1394 2798 de
1413 2717 1552 2800 Sancto
1571 2715 1760 2800 Germano
1778 2716 1908 2800 exieus
1926 2715 1965 2795 iu

349 2841 528 2945 ”t‘ffiltl’
554 2848 1076 2958 horavespertinarlquinum
1091 2874 1132 2930 se
1145 2848 1318 2932 contulit.
1335 2847 1626 2958 llleuseaugusti
1639 2848 1834 2958 dieprima
1847 2849 1968 2958 impc-

364 2946 515 3095 cpffffiim·
554 2993 658 3066 rator
672 2983 721 3064 ad
735 2983 899 3066 lloccam
915 2981 1022 3062 Arois
1036 3007 1077 3063 se
1088 2981 1262 3064 contulit.
1281 2981 1355 3080 Qui
1369 2991 1461 3064 tunc
1479 2991 1648 3065 castrum
1663 2981 1793 3066 Pontis
1803 2981 1916 3064 Curii
1930 2989 1967 3064 et

451 3055 494 3097 unt

393 3066 487 3153 ώᾶω·
552 3116 793 3204 Pedemoutis
811 3125 848 3198 et
863 3115 1071 3198 Castellum
1084 3114 1233 3198 Novum
1247 3116 1394 3198 restitui
1408 3117 1567 3198 mandat
1585 3115 1712 3198 abbati
1728 3113 1924 3198 Casineusi
1944 3141 1967 3196 a

554 3250 721 3335 dominis
739 3249 881 3358 Aquini
897 3249 964 3358 qui
989 3273 1035 3330 ea
1055 3247 1258 3331 servabant
1280 3249 1330 3331 ad
1348 3275 1445 3358 opus
1464 3275 1591 3332 suum.
1619 3247 1839 3332 Subiueusis
1862 3248 1967 3358 epis-

554 3409 673 3492 copus
696 3390 734 3464 et
751 3379 956 3464 cardinalis
976 3379 1137 3462 Sanctae
1155 3377 1319 3462 Sabinae
1337 3380 1399 3463 die
1420 3379 1535 3463 lunae
1557 3381 1691 3492 quinto
1709 3381 1875 3464 intrante
1898 3406 1966 3463 eu-

552 3526 666 3627 gusto
684 3515 900 3597 recedentes
921 3513 969 3596 de
988 3513 1127 3596 Sancto
1147 3515 1337 3598 Germano
1357 3513 1593 3622 Ceperauum
1616 3541 1656 3598 se
1669 3511 1890 3620 conferunt3
1917 3513 1966 3596 ad

554 3676 652 3762 quos
665 3648 770 3731 vadit
782 3649 862 3758 ipse
876 3647 1081 3756 imperator
1093 3657 1132 3730 et
1143 3647 1308 3730 exterius
1322 3656 1610 3730 castrametatus
1619 3655 1692 3754 est,
1702 3645 1968 3756 praecepitque

555 3783 741 3865 militibus
776 3781 857 3862 suis
893 3781 1185 3863 ostentationem
1212 3779 1335 3862 facere
1358 3780 1397 3860 iu
1430 3780 1540 3890 equis
1567 3790 1605 3862 et
1631 3779 1763 3862 armis.
1794 3779 1893 3862 Rrec.
1921 3805 1966 3858 nu

556 3917 596 3998 S.
620 3917 763 4022 Genu„
780 3913 952 3998 Chronic.
969 3917 1021 3994 ud
1039 3941 1128 3994 ortu.

607 4431 786 4538 Sequitur
801 4429 916 4511 series
933 4394 1273 4510 instrumentorum
1287 4427 1327 4508 iu
1341 4424 1482 4535 quibus
1496 4424 1711 4508 continetur
1723 4423 1847 4507 formu
1859 4420 1963 4530 pacis

553 4563 651 4644 inter
676 4561 873 4643 ecclesiam
896 4561 1108 4643 Romanam
1124 4569 1163 4641 et
1178 4559 1410 4641 Friden'cum
1429 4557 1693 4665 imperatorem
1714 4555 1816 4664 apud
1835 4553 1962 4662 Cepe—

551 4719 690 4776 ranum
703 4692 904 4775 conclusae
917 4699 955 4774 et
972 4689 1222 4773 absolutionis
1238 4689 1409 4800 ejusdem
1424 4687 1676 4797 imperatoris.
