4702 6110
1088 657 1262 722 flaunlct
1286 659 1454 722 saarim
1787 659 1865 744 [An.
1883 661 1970 726 lm.

970 1119 1084 1183 ΑΝΝΟ
1106 1122 1204 1186 1229.
1221 1154 1261 1172 -
1282 1123 1522 1188 lublcrtotts
1542 1122 1572 1186 2.

1043 1453 1493 1488 —ffl

372 1837 530 1942 suffla,
615 1817 799 1902 Henricns
826 1819 1086 1904 Romanorum
1113 1845 1180 1902 reu
1207 1819 1257 1902 ad
1286 1818 1599 1929 supplicationem
1626 1819 1794 1904 Gualteri
1823 1821 1969 1906 abbatis

425 1947 517 1990 Μ’
561 1950 689 2034 Sancti
720 1951 861 2037 Gisleni
894 1953 934 2034 in
963 1951 1188 2059 Baunonia,
1214 1951 1327 2062 jura,
1352 1951 1567 2060 libertates,
1595 1979 1723 2038 servos
1749 1963 1788 2038 et
1813 1955 1970 2038 ancillas

561 2085 767 2196 omniaque
788 2085 890 2168 bona
909 2085 1033 2169 eidem
1049 2085 1228 2169 ecclesiae
1241 2085 1412 2169 concedit
1434 2095 1472 2169 et
1488 2085 1700 2170 confirmat.

382 1947 424 2001 ιη

640 2325 742 2409 (bold.
763 2327 920 2404 Munus,
942 2327 1030 2410 Opcr.
1048 2325 1213 2410 diplomat,
1231 2335 1305 2390 tom.
1321 2329 1354 2404 1,
1374 2347 1405 2408 p.
1427 2337 1501 2405 tlt,
1520 2329 1589 2391 coll.
1609 2345 1679 2392 cum
1700 2331 1806 2410 orlgln.
1830 2333 1862 2392 lu
1885 2333 1967 2394 arch.

677 2435 872 2510 naumain,
884 2438 970 2516 cujus
979 2435 1109 2516 slglllum
1117 2435 1402 2514 penmmuauoam
1411 2435 1632 2516 chronological
1642 2438 1725 2500 adast
1736 2453 1968 2518 monogramma,

680 2539 1412 2638 muntfomusolltaraiqaundomtaimtc.)

607 2755 776 2828 Henricus
795 2753 858 2827 Dei
878 2755 989 2848 grafia
1016 2755 1247 2829 Romanorum
1268 2775 1343 2828 rex.
1367 2753 1545 2828 Universis
1560 2753 1695 2850 imperii
1716 2752 1878 2828 fidelibus
1899 2775 1969 2827 uo-

562 2887 636 2950 tum
656 2877 731 2952 lieri
748 2878 911 2951 volumus
930 2876 1026 2974 quod
1044 2877 1155 2952 fidelis
1171 2886 1286 2951 noster
1302 2876 1486 2951 Gualterus
1506 2877 1615 2950 abbas
1637 2878 1835 2952 monasterii
1853 2879 1968 2951 Sancti

561 2999 688 3074 Gisleni
716 3001 752 3072 in
776 3022 867 3097 pago
893 3001 1027 3075 llainnu
1054 3002 1101 3076 ad
1126 3001 1340 3075 celsitudinis
1365 3010 1480 3076 nostra
1505 3000 1795 3096 magnificentium
1824 3003 1968 3075 veniens

560 3123 770 3222 supplicavit
784 3133 824 3197 ut
836 3145 899 3198 uos
912 3125 978 3221 ipsi
996 3125 1139 3198 ecclesia
1157 3121 1222 3200 sue
1235 3128 1327 3220 jura,
1344 3125 1516 3200 libertates
1529 3135 1564 3199 et
1579 3125 1695 3199 omnia
1712 3127 1804 3199 bona
1818 3124 1865 3199 ad
1878 3147 1968 3199 eam·

559 3246 639 3326 dem
662 3249 841 3324 ecclesiam
868 3248 1073 3347 pertinentia
1093 3249 1297 3325 confirmare
1316 3249 1551 3342 dignaremur.
1575 3249 1643 3322 Nos
1664 3249 1770 3346 igitur
1791 3249 1875 3324 dicti
1896 3249 1968 3324 ab·

559 3375 651 3448 batis
667 3374 892 3472 petitionibus
904 3395 1023 3448 aurem
1036 3375 1227 3470 ¹bonignam
1241 3375 1436 3470 prebentes,
1455 3373 1548 3448 dicto
1561 3373 1679 3448 abbati
1701 3383 1735 3448 et
1748 3373 1892 3448 ecclesie
1903 3395 1969 3446 sue

555 3499 636 3592 jnra
652 3507 687 3572 et
708 3499 898 3591 libertates,
919 3519 1038 3572 servos
1059 3499 1413 3594 quoquaetancillae
1435 3496 1661 3573 adcumulem
1685 3498 1864 3572 ecclesiam
1888 3519 1968 3593 per-

559 3623 724 3716 tinentes,
744 3623 861 3697 omnia
884 3623 988 3696 etiam
1008 3623 1101 3697 bona
1125 3623 1327 3696 auctoritato
1340 3621 1712 3716 regiaoommnnimus,
1729 3621 1966 3713 concedimus,

561 3747 804 3823 confirmamus
827 3757 863 3822 et
887 3747 1124 3822 confirmando
1148 3749 1263 3844 sigillo
1287 3771 1393 3824 aureo
1420 3748 1639 3822 sublimitatis
1664 3758 1780 3822 nosue
1807 3747 1968 3822 corrobo-

560 3881 816 3968 renuuntque
838 3873 953 3968 ipsum
967 3873 1081 3945 locum
1104 3882 1140 3946 et
1161 3873 1278 3946 omnia
1298 3873 1365 3946 sibi
1386 3872 1591 3969 pertinentia
1613 3871 1649 3944 in
1671 3880 1821 3946 nostram
1842 3871 1968 3945 defen-

560 3996 692 4071 sionem
714 3995 939 4092 suscipimus,
966 3996 1196 4093 precipientes
1221 4006 1261 4068 ut
1282 3997 1401 4070 nullus
1422 3996 1518 4088 dux,
1545 3995 1662 4068 nullus
1685 4017 1819 4087 comes,
1850 3995 1967 4066 nullus

466 4141 469 4150 ’
559 4121 725 4210 marchio,
745 4129 806 4195 aut
822 4120 939 4216 aliqua
959 4121 1027 4193 alia
1048 4141 1195 4215 persona
1217 4120 1332 4216 ipsum
1346 4119 1591 4194 monasterium
1607 4119 1807 4215 perturbare
1822 4119 1879 4192 vel
1898 4139 1967 4190 su-

557 4269 620 4344 per
637 4247 742 4320 rabus
760 4244 806 4318 ad
824 4245 939 4340 ipsum
952 4243 1205 4340 pertinentibus
1218 4245 1399 4317 molestare
1413 4251 1599 4340 presumat.

609 4371 726 4443 Testes
741 4368 803 4464 qui
819 4366 996 4464 premissis
1010 4366 1239 4440 iuterfuerunt
1254 4367 1305 4439 hii
1317 4375 1399 4440 sunt
1414 4393 1423 4438 ε
1438 4365 1586 4440 Siiridus
1598 4363 1805 4438 venerabilis
1818 4363 1966 4456 Magnu-

561 4496 656 4568 tinus
694 4492 992 4588 archiepiscopus,
1025 4492 1241 4564 Hermannns
1276 4490 1531 4587 Herbipolaueis
1570 4489 1771 4587 episcopus,
1799 4483 1967 4558 Ilouricns

562 4617 821 4693 Wormatiensis
841 4615 1046 4712 spiscopus,
1077 4614 1155 4687 Otto
1176 4614 1371 4711 prepositus
1387 4611 1576 4710 Aquensis,
1593 4611 1760 4686 ilenricus
1779 4629 1892 4682 comcs
1918 4605 1967 4680 de

562 4745 683 4837 Seiua,
705 4740 886 4816 Cuuradns
909 4737 1118 4836 burgravius
1139 4738 1185 4812 de
1202 4737 1449 4831 Nurimberch,
1472 4735 1681 4812 Ludewicus
1702 4754 1817 4809 eomes
1841 4730 1887 4804 de
1903 4731 1967 4803 Zi-
