4652 6092
535 601 596 662 5⁰0
1083 599 1390 668 ADDl'l'flbeN'l'fl.

615 736 705 816 (lidtt.
720 751 767 812 ap.
783 733 895 808 amn,
907 731 1072 814 Metropol,
1087 743 1112 796 t.
1127 737 1183 810 111,
1197 748 1232 798 ιι·
1244 737 1356 813 XXXI,
1368 745 1399 800 et
1415 740 1449 800 tu
1465 739 1589 797 Hom
1605 733 1696 808 eote„
1710 741 1731 798 t
1748 735 1815 806 ΧΠ,
1829 751 1860 814 p.
1873 745 1942 808 tta,

654 851 687 902 n·
699 841 796 903 XXX.
810 841 966 902 lfa-orat.
981 847 1083 904 autem
1097 859 1142 920 ap.
1159 842 1265 924 Lana,
1279 845 1390 927 uapor.
1413 843 1505 918 eote„
1520 847 1541 904 t.
1561 843 1602 916 11,
1623 859 1652 920 p
1676 849 1749 914 tte,
1763 843 1840 902 deut
1855 857 1944 918 supra

654 947 863 1021 multavimus,
878 964 907 1024 p.
924 946 1005 1026 tet.)

580 1108 751 1182 Omnibus
764 1107 886 1180 Christi
903 1107 1067 1181 fidelibus
1081 1119 1274 1204 presentem
1289 1111 1452 1206 paginam
1467 1108 1686 1206 inspecturis,
1700 1106 1870 1180 Ekbertus
1881 1106 1943 1178 Dei

530 1233 640 1332 gratia
657 1231 953 1326 babenbergensis
973 1231 1118 1306 ecclesie
1136 1233 1319 1330 episcopus
1336 1235 1482 1307 salutem
1500 1234 1536 1305 in
1549 1231 1708 1306 Domino.
1725 1227 1942 1302 Universitati
1972 1269 1974 1271 -

530 1367 644 1432 vestre
656 1365 774 1454 patere
789 1356 951 1429 volumus
966 1363 1001 1427 et
1015 1363 1170 1430 constare
1182 1357 1280 1452 quod
1295 1379 1359 1432 nos
1372 1357 1601 1454 subscriptam
1617 1355 1789 1452 privilegii
1802 1355 1944 1426 formam

531 1503 612 1554 cum
640 1478 761 1574 sigillis
785 1478 843 1550 bic
867 1478 1039 1552 annotatis
1061 1479 1097 1550 iu
1121 1477 1333 1554 benamario
1353 1492 1469 1554 nostro
1492 1479 1702 1554 reconditam
1723 1479 1892 1552 babemus
1911 1488 1945 1550 et

531 1613 780 1678 conservatam.

584 1753 601 1798 o
618 1727 828 1802 ludewicus
845 1726 907 1798 Dei
921 1725 1032 1820 gratia
1049 1727 1225 1800 Palatinus
1238 1749 1353 1802 comes
1368 1727 1478 1802 llbeni
1491 1737 1526 1802 et
1538 1728 1614 1802 dux
1627 1725 1772 1800 Bavarie
1786 1724 1945 1798 omnibus

531 1853 567 1926 in
590 1861 809 1948 perpetuum,
831 1850 1001 1936 Quoniam
1025 1851 1138 1922 labilis
1159 1861 1211 1924 est
1235 1853 1401 1926 memoria
1422 1851 1621 1938 bominum,
1646 1849 1725 1924 ideo
1746 1872 1791 1923 ne
1811 1871 1852 1924 ea
1876 1871 1945 1944 qne

531 1980 596 2052 rite
622 1985 773 2072 aguntur
802 1973 1023 2072 postmodnm
1053 1975 1261 2049 indubium
1296 1986 1522 2064 revocentur,
1550 1983 1804 2048 consueverunt
1828 1975 1944 2070 scripti

532 2101 724 2176 munimine
755 2099 922 2172 roborari.
953 2097 1168 2194 Quapropter
1201 2109 1320 2172 notum
1346 2121 1421 2174 esse
1448 2099 1609 2194 cupimus
1637 2108 1706 2172 tam
1729 2097 1946 2194 presentibus

533 2247 639 2322 quam
661 2223 787 2296 futuris
803 2221 900 2317 quod
920 2222 1129 2296 venerabilis
1147 2221 1308 2296 dominus
1329 2233 1444 2298 noster
1465 2223 1636 2296 lllrbertus
1653 2223 1946 2314 Babeubergensis

533 2349 717 2447 episcopus
738 2368 801 2420 nos
823 2357 858 2418 et
881 2348 1039 2420 Ottonem
1063 2344 1173 2420 filium
1194 2359 1348 2420 nosbum
1370 2357 1405 2422 et
1421 2369 1542 2422 omnes
1563 2345 1710 2420 heredes
1732 2355 1864 2420 nosbos
1883 2345 1945 2440 qui

533 2474 634 2547 nobis
653 2475 732 2566 jure
754 2471 884 2544 feudali
903 2470 1031 2544 debent
1054 2472 1239 2545 succedere
1260 2472 1305 2546 de
1328 2471 1435 2545 feudo
1453 2471 1580 2546 Aframi
1605 2479 1639 2544 et
1655 2470 1784 2544 Alberti
1803 2472 1944 2542 fratrum

535 2599 581 2673 de
596 2599 697 2690 Hele,
718 2595 814 2690 quod
836 2597 881 2668 ab
899 2596 983 2692 ipsis
1000 2595 1104 2668 evicit
1123 2606 1158 2668 et
1176 2596 1348 2670 mediante
1365 2597 1532 2670 sententia
1553 2595 1719 2684 obtinuit,
1734 2615 1848 2666 coram
1864 2615 1946 2689 ruge

534 2721 780 2796 rationabiliter
797 2719 1006 2812 infeodavit,
1022 2719 1089 2792 boc
1102 2730 1202 2814 pacto
1215 2719 1414 2815 interposito
1427 2720 1522 2814 quod
1541 2719 1586 2793 de
1600 2719 1721 2794 eodem
1738 2719 1842 2792 fendo
1860 2718 1945 2790 nibil

533 2843 714 2918 infeudare
737 2863 801 2914 uec
815 2842 968 2935 obligare
986 2863 1050 2915 nec
1068 2842 1220 2916 vendere
1242 2864 1307 2916 nec
1329 2843 1445 2939 aliquo
1465 2843 1569 2917 modo
1584 2843 1734 2916 alienare
1757 2841 1945 2914 debeamus

533 2969 579 3041 ab
591 2967 735 3040 ecclesia
754 2987 818 3038 nec
832 2966 1017 3062 possimus.
1035 2965 1216 3060 adjectum
1233 2967 1298 3040 fuit
1313 2976 1465 3063 preterea
1483 2966 1579 3062 quod
1597 2987 1660 3040 nos
1677 2975 1712 3040 et
1724 2975 1837 3039 noster
1852 2965 1944 3038 filius

533 3102 569 3166 et
587 3091 695 3164 nostri
712 3091 858 3164 heredes
872 3091 1062 3166 debeamus
1075 3115 1150 3166 esse
1164 3093 1314 3165 contenti
1331 3093 1473 3187 antiquo
1487 3095 1566 3184 jure
1581 3091 1761 3164 advocatie
1774 3089 1871 3185 quod
1885 3112 1945 3186 per

531 3217 714 3316 privilegia
731 3217 788 3290 vel
805 3238 867 3313 per
886 3217 1038 3290 seniores
1059 3227 1147 3290 terre
1162 3217 1255 3288 illius
1274 3217 1397 3311 poterit
1417 3217 1593 3290 declarari.
1616 3215 1659 3286 Et
1679 3225 1718 3287 ut
1740 3215 1805 3288 hec
1821 3215 1858 3286 in
1879 3235 1944 3286 sna

531 3339 691 3414 firmitus
708 3348 931 3436 permaneant
947 3351 1136 3436 presentem
1152 3341 1313 3436 paginam
1331 3341 1453 3434 sigillis
1470 3338 1676 3413 serenissimi
1692 3337 1823 3411 domini
1837 3339 1944 3411 nostri

531 3463 683 3537 Heinrici
701 3465 932 3538 Romanorum
951 3465 1061 3558 regis,
1080 3464 1209 3536 Alberti
1227 3464 1534 3559 Magdeburgensie
1557 3461 1822 3558 archiepiscopi,
1839 3463 1946 3536 Hein-

529 3588 591 3660 rici
617 3588 882 3660 Wormaciensis
906 3587 1082 3684 episcopi,
1115 3587 1266 3659 Heinrici
1292 3588 1445 3684 episcopi
1468 3587 1671 3660 Aistetensis
1699 3595 1805 3681 atque
1827 3597 1944 3660 nostro

532 3711 709 3806 nostrique
733 3711 795 3782 filii
820 3712 954 3785 Ottonis
985 3712 1129 3785 Palatini
1154 3713 1288 3786 comitis
1308 3712 1417 3785 Rheni
1439 3721 1474 3784 et
1495 3709 1659 3807 leopoldi
1684 3709 1784 3782 ducis
1807 3709 1944 3783 Austrie

533 3835 678 3908 fecimus
699 3835 839 3906 muniri.
862 3837 977 3908 Testes
1001 3844 1116 3907 autem
1135 3836 1171 3906 bi
1191 3845 1273 3907 sunt
1288 3835 1456 3908 liudolfus
1470 3835 1645 3908 Palatinus
1662 3855 1776 3906 comes
1795 3833 1839 3906 de
1855 3835 1945 3906 Tne·

533 3961 651 4054 tuing,
672 3961 890 4033 Hermannus
906 3961 1058 4034 marchio
1075 3961 1120 4034 de
1139 3961 1277 4051 Badeo,
1294 3959 1499 4033 Cbunradus
1516 3959 1723 4056 purgravins
1740 3957 1785 4032 de
1799 3959 1944 4031 Nouem·

532 4061 675 4171 berohl,
689 4085 870 4158 Hoinricns
887 4107 1001 4159 comes
1016 4086 1061 4160 de
1072 4085 1218 4181 Otingen
1228 4084 1291 4183 (a),
1306 4085 1500 4158 fridericus
1510 4085 1555 4158 de
1568 4083 1850 4176 Trahendingen,
1869 4136 1878 4152 .
1900 4136 1908 4150 .
1931 4135 1940 4152 .

533 4211 668 4306 dapifer
683 4209 728 4282 de
739 4211 955 4306 Waltpnrcb,
968 4211 1173 4284 chunradus
1184 4212 1349 4307 pincerna
1363 4212 1408 4284 de
1417 4211 1669 4300 Wintersteten‚
1683 4205 1886 4280 Chunradue
1898 4205 1945 4279 de

534 4333 758 4428 Winsperch,
770 4327 944 4408 Gotfridus
960 4335 1254 4431 deDillenpach,
1268 4335 1463 4410 Hertwious
1480 4334 1525 4408 dc
1535 4333 1733 4430 Hirspercb,
1749 4328 1944 4425 leopoldus

533 4459 698 4554 pincerna
719 4458 764 4532 de
781 4460 1025 4556 Vogelsperob,
1041 4460 1267 4534 Hademarius
1282 4461 1328 4534 de
1341 4459 1518 4554 Cbunring
1534 4471 1570 4532 et
1586 4457 1645 4530 alii
1659 4455 1891 4551 quamplures.

578 4616 619 4696 (a)
641 4617 813 4696 Legendum
825 4624 925 4679 omen
938 4619 1139 4680 Hartmanour
1156 4635 1245 4679 ccum
1257 4616 1292 4679 da
1305 4615 1462 4700 ffiffinqen,
1472 4620 1549 4680 sfcut
1562 4635 1611 4696 ap.
1624 4617 1707 4695 Laug
1719 4619 1749 4674 et
1761 4617 1792 4674 fn
1810 4616 1943 4690 sequuti

534 4723 722 4784 documento.
