4642 6106
354 649 513 734 1ηιστ.4]
803 649 999 712 HISTORIA
1026 648 1319 712 otrtottttttctt.
1705 641 1764 704 24¹1

436 783 603 864 (Memorat.
618 801 667 864 ep.
683 784 848 861 durmom,
863 789 971 850 umor
981 783 1058 869 dupli
1069 785 1211 860 dtrorer',
1224 791 1249 846 t.
1263 785 1305 857 Il,
1319 799 1351 860 p.
1367 789 1418 855 aa,
1432 797 1470 842 ex
1481 781 1649 852 Ponrnono,
1662 777 1762 858 lietb.

473 893 635 966 uranon,
650 907 717 970 pars
738 900 777 966 1¹,
794 892 911 954 dtssert.
927 902 978 967 ao,
991 893 1030 956 nd
1043 910 1114 956 ann.
1133 902 1208 956 taso
1231 889 1270 972 (1)
1278 908 1287 962 r
1302 906 1363 952 non
1385 890 1533 967 expressis
1555 885 1653 948 rerbts
1672 887 1765 964 tpetus

476 997 621 1072 nnndnu,
636 1013 713 1076 qnae
723 997 846 1060 forsttan
859 1001 901 1060 tta
912 1002 1029 1073 arants)

403 1185 528 1258 Datum
532 1238 824 1258 ........
835 1242 845 1278 ,
867 1187 947 1261 XIX
968 1186 1182 1279 novembris,
1205 1195 1327 1281 quarto
1343 1183 1542 1258 indictione.

408 1758 613 1870 Gregorius
631 1783 731 1868 papa
748 1783 837 1841 oum
855 1758 895 1839 in
913 1757 1048 1840 litteris
1066 1781 1164 1867 quas
1178 1755 1394 1864 ,Fridericus
1412 1753 1673 1838 Romanorum
1691 1752 1764 1834 im-

353 1903 506 2002 perator
526 1917 596 2000 pro
622 1889 860 2001 fidejussuris
882 1889 1116 2000 principibus
1144 1885 1196 1970 et'
1209 1888 1293 1970 aliis
1316 1885 1550 1992 destinabat,
1575 1887 1764 1997 quaedam

352 2025 496 2108 omisso
509 2023 836 2130 animadverterit,
851 2023 907 2106 illi
921 2024 1072 2106 nuntiat
1085 2049 1126 2106 se
1138 2022 1225 2105 illas
1238 2047 1316 2104 nou
1330 2019 1582 2131 publicandas
1594 2019 1763 2125 duxisse,

352 2166 391 2242 et
405 2183 493 2268 quae
511 2157 687 2240 addenda
704 2156 764 2240 vel
780 2155 1020 2239 immutanda
1036 2155 1113 2238 sint
1128 2155 1333 2238 interclusa
1350 2154 1525 2260 remittit,
1546 2179 1706 2236 monens
1723 2161 1765 2235 ut

351 2291 472 2400 ipsius
500 2290 679 2374 nuntium
706 2290 774 2401 qui
804 2316 915 2372 suam
942 2289 1137 2372 declinans
1160 2288 1416 2400 praesentiam
1444 2287 1484 2368 in
1514 2285 1765 2370 Tbeutoniam

353 2422 546 2532 proiectus
562 2433 640 2530 cst,
660 2421 830 2508 selenites
845 2432 1006 2507 revocet.

431 2634 532 2717 (autu.
548 2637 701 2712 Homnae,
716 2637 821 2698 Kairrr
833 2635 946 2698 Ftiedr.
956 2638 997 2712 11,
1012 2638 1144 2712 docum„
1158 2655 1190 2716 p.
1205 2647 1274 2714 ³²8,
1290 2638 1323 2699 n·
1339 2647 1370 2712 2,
1384 2653 1422 2698 ex
1436 2637 1555 2716 Regest.
1568 2637 1689 2717 Gregor.
1706 2637 1760 2709 ill,

470 2757 542 2804 ann.
556 2741 618 2818 tv,
632 2745 719 2822 epist.
734 2741 795 2823 te.)

399 2925 600 3023 Gregorius,
625 2937 708 3020 etc.,
728 2928 901 3003 Friderioo
917 2929 1148 3002 Romanorum
1163 2929 1361 3026 imperatori
1379 2928 1524 3018 illustri,
1546 2949 1681 3023 semper
1700 2949 1763 3002 au-

350 3061 452 3146 gusto
466 3063 500 3126 et
514 3053 588 3148 regi
600 3053 728 3126 Sicilie.
743 3053 913 3126 Dilectum
928 3051 1037 3126 filium
1048 3052 1090 3125 G.
1103 3053 1259 3147 judicem
1270 3055 1474 3150 Papiensem
1488 3053 1649 3126 nuntium
1663 3062 1762 3124 tuum

349 3196 429 3248 cnm
444 3176 564 3250 litteris
585 3176 821 3274 imperialibus
838 3178 885 3252 ad
909 3177 1032 3250 Scdcm
1058 3179 1280 3274 apostolicam
1295 3179 1516 3252 accedentem
1528 3178 1627 3251 solita
1641 3177 1762 3272 benig·

349 3299 455 3373 nitate
473 3300 658 3396 recipimus
673 3309 707 3374 et
730 3310 799 3374 tam
825 3302 908 3376 viva
931 3324 1036 3398 quam
1055 3302 1190 3375 litterali
1210 3325 1295 3376 vooe
1313 3303 1413 3376 nobis
1426 3325 1472 3376 ex
1491 3311 1551 3376 tua
1569 3310 1666 3398 parte
1682 3323 1761 3397 pro·

349 3423 458 3519 posita
483 3423 717 3498 intelleximus
747 3424 941 3521 diligenter.
965 3427 1123 3500 Ceterum
1143 3427 1297 3522 inspecto
1322 3427 1509 3500 litterarum
1533 3435 1650 3498 tenore
1671 3447 1759 3520 quas

349 3569 411 3643 pro
438 3545 654 3642 fidejussoris
679 3548 895 3646 principibus
919 3559 953 3622 et
970 3549 1048 3622 aliis
1068 3549 1283 3640 destinabas,
1313 3549 1397 3645 quis
1424 3549 1574 3644 quedem
1600 3549 1676 3621 sive
1697 3571 1759 3644 per

349 3647 593 3766 negligentiam
611 3671 687 3744 eive
701 3694 764 3768 per
777 3674 1038 3769 occupationem
1058 3675 1095 3746 in
1117 3675 1168 3746 eis
1189 3683 1287 3748 erant
1304 3674 1486 3766 ommissa,
1514 3693 1622 3770 quare
1646 3671 1757 3746 videri

348 3804 506 3890 poterant
533 3795 751 3892 imperfecte,
776 3797 868 3892 ipsas
896 3819 964 3870 non
988 3797 1157 3872 duximus
1181 3799 1432 3894 publicandas,
1458 3819 1503 3870 ne
1527 3798 1613 3870 forte
1641 3806 1758 3870 contm

347 3928 382 3992 te
409 3920 559 4016 amplius
587 3920 779 3993 sineremus
800 3921 1049 3995 detractoribus
1072 3922 1250 3996 materiam
1286 3919 1547 4010 murmurandi,
1576 3921 1677 4016 quasi
1695 3921 1758 3992 tibi

346 4053 464 4116 conba
477 4045 621 4116 formam
633 4043 784 4136 juratam
801 4053 836 4117 et
851 4046 1013 4142 scriptam
1032 4046 1078 4119 de
1095 4045 1247 4140 quadam
1266 4046 1367 4140 quasi
1385 4055 1546 4140 suspecta
1561 4046 1670 4140 gratia
1688 4045 1757 4118 de-

346 4165 528 4256 ferremus,
548 4165 611 4240 sed
630 4166 677 4240 ad
691 4167 908 4240 collationem
931 4169 1120 4241 litterarum
1142 4169 1294 4265 ipsarum
1312 4177 1348 4241 et
1364 4167 1596 4264 quorumdam
1612 4167 1758 4242 eliorum

380 4475 416 4548 (tt
435 4475 475 4532 td
485 4475 558 4534 bunc
571 4475 696 4534 eumdem
709 4491 810 4534 ennom
823 4475 975 4547 dnrmonr,
993 4475 1073 4548 idid,
1088 4483 1108 4534 t.
1124 4477 1162 4546 11,
1179 4493 1208 4552 p.
1224 4481 1285 4544 tto,
1301 4484 1329 4536 et
1342 4479 1451 4550 Pauus,
1466 4478 1564 4537 Storto
1574 4479 1757 4538 sorberelo.

343 4569 415 4628 dello
425 4573 493 4628 οιίια
503 4571 534 4629 dt
548 4575 667 4644 Teromo,
683 4580 703 4630 t.
717 4574 750 4644 ll,
766 4591 795 4648 p.
810 4577 836 4644 tt,
848 4575 968 4632 referunt
981 4575 1124 4649 quemdam
1137 4575 1292 4634 llonnldum
1304 4578 1428 4636 comitem
1437 4577 1598 4651 Aprutinum
1611 4595 1692 4652 regno
1701 4579 1758 4653 pul

344 4657 497 4726 sumluisse
510 4670 861 4744 abimperetoreliriderioo
879 4673 925 4745 qui
944 4672 1088 4730 ltoberturu
1111 4671 1193 4730 tilium
1216 4674 1337 4747 ejusdem
1358 4674 1385 4731 in
1404 4691 1538 4733 carcerem
1559 4675 1662 4748 injecit,
1675 4677 1757 4734 altero

344 4763 398 4824 filio
415 4765 543 4824 ltainaldo
557 4765 666 4824 nemine
677 4773 752 4826 entra
767 4767 879 4843 gratiam
891 4767 1055 4843 imperialem
1071 4777 1234 4828 remanente.
