4602 6084
588 632 628 694 ts
1088 635 1302 700 Futoautcl
1327 639 1500 702 securam
1809 637 1889 723 [ilua
1908 640 1993 703 1227.

587 787 701 838 venna
725 763 776 858 (l)
800 765 906 838 ulad
933 767 1182 842 removendum
1208 771 1254 846 de
1278 775 1441 848 cordibus
1465 782 1658 848 nostrorum
1680 771 1834 846 fidelium
1858 795 1994 847 omnem

587 891 815 962 turbationem
840 889 966 982 pariter
988 899 1024 962 et
1043 913 1220 966 rancorem
1247 907 1398 993 optatam
1425 919 1545 992 pacem
1572 897 1608 968 in
1631 897 1727 968 ltalia
1745 899 1991 988 reformemus,

588 1023 738 1086 nostram
751 1013 798 1086 ad
812 1033 933 1086 omues
956 1015 1101 1108 gratiam
1120 1017 1281 1112 ellusuri,
1299 1022 1555 1094 universitatem
1570 1029 1719 1092 veeham
1733 1039 1914 1092 monemus
1930 1022 1993 1092 oh·

587 1137 706 1209 nixius
733 1147 767 1210 et
787 1137 964 1210 hortamur
986 1147 1156 1232 quatenus
1177 1142 1253 1216 loco
1272 1153 1308 1216 et
1325 1145 1470 1218 termino
1490 1141 1677 1240 prestitutis
1694 1163 1755 1238 per
1777 1143 1994 1216 honorabiles

587 1262 726 1334 nuntios
740 1269 873 1334 vestros
885 1261 979 1334 viros
993 1261 1181 1338 industrios
1192 1265 1228 1337 in
1239 1269 1362 1342 οοάθω
1377 1267 1548 1362 colloquio
1560 1267 1722 1340 interesse
1733 1267 1876 1358 curetis,
1892 1268 1993 1340 nohis

586 1386 633 1460 ad
660 1395 729 1458 tam
747 1383 921 1457 laudabile
945 1387 1120 1480 negotium
1143 1388 1326 1463 efficaciter
1346 1389 1499 1482 affuturi,
1527 1399 1566 1461 nt
1589 1389 1717 1463 abinde
1738 1411 1818 1461 cnm
1842 1391 1991 1483 generali

588 1530 673 1604 paee
686 1519 722 1580 et
735 1507 921 1580 universali
934 1508 1071 1582 licentia
1092 1509 1231 1605 prestita
1243 1521 1279 1584 et
1290 1513 1402 1586 amico
1418 1514 1496 1587 vale
1514 1523 1671 1608 recepto,
1687 1513 1732 1586 ad
1748 1511 1870 1584 Christi
1885 1513 1993 1585 servi·

588 1633 673 1704 tium
702 1641 927 1703 transeamus.
956 1631 1169 1706 confidimus
1196 1645 1311 1708 autem
1341 1636 1377 1707 in
1409 1645 1549 1708 anctore
1572 1637 1692 1708 salutis
1714 1636 1810 1729 quod
1836 1657 1992 1706 summus

584 1757 740 1852 pontifex
751 1753 946 1829 devotionis
955 1763 1147 1830 nostrenon
1157 1757 1336 1832 immemor
1345 1767 1636 1832 necterresancte
1646 1757 1857 1832 necessitatis
1865 1757 1991 1830 oblitos

586 1879 751 1952 devotum
777 1876 886 1949 illium
911 1899 980 1950 non
1007 1879 1181 1974 permittet
1205 1904 1227 1954 a
1255 1882 1354 1956 solita
1386 1881 1569 1956 devotione
1598 1902 1639 1953 oc
1666 1881 1849 1954 dilectione
1875 1880 1991 1951 matris

585 2001 737 2074 Ecclesia
745 1999 876 2072 diutius
886 2001 1052 2092 amoveri,
1069 2023 1237 2098 cumeum
1247 2005 1379 2078 sincere
1394 2003 1618 2078 dilexerimus
1630 2003 1830 2100 priusquam
1840 2001 1991 2076 adaltio·

586 2123 633 2196 ris
648 2124 714 2196 loci
731 2125 905 2218 speculam
921 2132 1113 2197 vocaretur.

635 2250 758 2320 Datum
770 2247 898 2343 Capua,
916 2249 960 2320 Vl
977 2247 1181 2342 decembris,
1197 2249 1396 2324 indictionis
1403 2251 1525 2346 prime.

639 2783 869 2890 FridericnS,
884 2783 1143 2867 Romanorum
1157 2783 1377 2892 imperator,
1393 2783 1473 2894 regi
1488 2781 1700 2894 Anglorum
1714 2779 1877 2890 graviter
1889 2803 1987 2860 oon-

587 2917 757 3024 qneritur
773 2918 821 2999 de
839 2915 1224 3036 excommunicatione
1239 2943 1327 3023 suu,
1343 2917 1461 3027 patris
1476 2915 1558 3026 ejus
1572 2915 1672 3025 regis
1690 2912 1870 2997 lobannis
1886 2909 1987 2992 alio-

588 3074 749 3157 rumque
777 3049 990 3156 principum
1013 3074 1226 3157 proponens
1248 3049 1464 3158 exemplum
1492 3074 1588 3158 quos
1615 3046 1782 3156 pontifex
1808 3069 1986 3128 romanus

460 3259 462 3264 ,
587 3179 837 3264 exhaeredare
856 3191 893 3262 et
910 3179 1128 3262 tributarios
1150 3181 1376 3264 conshtnere
1401 3181 1539 3288 voluit,
1560 3179 1777 3288 invehitque
1794 3177 1833 3257 in
1856 3175 1986 3258 avari-

587 3313 680 3394 tiam
701 3314 980 3417 Romanorum,
1000 3311 1174 3394 Ecclesiae
1192 3313 1403 3422 primitivae
1421 3312 1698 3422 simplicitatem
1720 3333 1949 3392 memorans.

671 3499 765 3578 (Edit.
780 3515 828 3576 ap.
844 3499 944 3559 hinnu.
960 3499 1070 3570 Pnnrs,
1084 3497 1160 3560 Hire.
1180 3497 1249 3579 maj.
1264 3496 1383 3581 Anqlon
1406 3499 1446 3560 ad
1458 3515 1528 3560 ann.
1546 3505 1639 3571 1²28,
1653 3513 1684 3574 p.
1699 3503 1766 3556 2⁸9.
1790 3493 1986 3570 Imputnhom

705 3621 776 3668 vero
785 3607 947 3666 llttsrarnm
955 3609 1086 3666 morem
1098 3620 1159 3666 non
1169 3605 1282 3683 integre
1292 3605 1442 3679 sxhlhnlta
1452 3605 1533 3667 unde
1544 3603 1625 3682 qnod
1638 3605 1809 3678 exceptum
1817 3600 1934 3662 rldetm
1945 3597 1984 3659 ad

706 3713 814 3772 lineam
826 3707 959 3790 damna.)

637 3897 654 3940 u
677 3873 766 3943 luter
784 3878 913 3942 ceteros
931 3867 1114 3942 catholicos
1144 3891 1242 3964 reges
1263 3868 1391 3940 litteras
1418 3887 1503 3940 auro
1529 3865 1676 3938 bullatas
1698 3863 1890 3958 Anglomm
1913 3860 1983 3954 regi

587 3995 792 4083 transmisit,
812 4013 1006 4089 proponens
1020 3991 1056 4064 in
1073 3993 1196 4067 iisdem
1210 4013 1386 4066 romanam
1410 3989 1596 4062 Ecclesiam
1611 3996 1726 4061 tantae
1735 3989 1808 4080 jam
1822 3983 1986 4058 avadhae

588 4209 784 4222 ,ιιι-*-

622 4347 658 4422 ll)
679 4347 804 4406 «Eodem
816 4363 885 4406 anno
906 4345 1080 4422 [imperator]
1100 4345 1258 4404 condixerat
1270 4346 1372 4404 curiam
1385 4345 1537 4419 principum
1556 4343 1727 4402 hlemaouiao
1743 4341 1771 4398 in
1784 4339 1986 4414 quadragesima

589 4467 600 4495 ι
611 4444 682 4520 apud
695 4445 848 4502 llavennam
857 4463 873 4504 a
883 4460 936 4518 quta
946 4444 1071 4502 simihter
1083 4443 1227 4516 impeditus
1236 4443 1286 4500 luit
1294 4443 1395 4500 nuntiis
1406 4449 1435 4500 et
1443 4441 1619 4516 legationibus
1631 4440 1731 4499 domini
1743 4439 1839 4512 Papae.
1852 4439 1920 4493 Nem
1933 4437 1985 4494 Vc·

588 4556 738 4598 aronenses
747 4547 775 4596 ot
782 4541 991 4598 Mediolanenses
1005 4557 1059 4598 nou
1072 4541 1251 4613 permiserunt
1261 4537 1364 4612 aliquos
1377 4540 1491 4596 transire
1505 4555 1555 4612 per
1569 4537 1637 4595 fines
1651 4553 1730 4606 suos,
1748 4533 1893 4608 spoliantes
1903 4533 1985 4590 rebus

589 4639 669 4694 -suis
687 4637 767 4694 etiam
785 4637 858 4709 ipsos
870 4638 1080 4711 crucesignatos,
1097 4643 1126 4692 nt
1144 4637 1298 4693 asserebant
1312 4635 1469 4693 authoritate
1482 4635 1581 4694 domini
1594 4636 1701 4708 Papae:
1718 4631 1790 4706 quod
1808 4629 1878 4706 proh
1895 4629 1983 4687 dolorl

588 4757 601 4784 ι
613 4733 687 4792 nelos
700 4739 741 4790 est
752 4733 851 4790 dicere.
864 4752 877 4786 r
891 4733 975 4791 Coun.
993 4747 1052 4792 nne.
1069 4735 1216 4806 Uesaeuo„
1229 4733 1366 4805 chronic,
1381 4749 1409 4806 p.
1428 4735 1489 4790 825.
