4702 6110
578 633 639 696 Mss
1105 638 1275 701 llliNlllCl
1301 641 1468 702 serutari
1799 647 1880 726 [Arta.
1898 650 1987 716 1231.

578 769 706 844 denda.
730 769 774 842 Ut
790 779 906 845 autem
924 775 1090 868 premissa
1106 773 1247 847 donatio
1266 784 1382 850 nosen
1404 785 1479 850 rata
1496 785 1695 872 permaneat
1716 787 1752 852 ct
1770 779 1985 876 inconvulsa,

578 903 770 988 presentem
804 893 951 967 litteram
986 905 1138 970 nostmm
1173 897 1287 992 sigillo
1316 907 1432 972 nostre
1459 899 1704 974 communitam
1731 903 1816 998 ipsis
1844 907 1990 980 fecimus

579 1019 764 1112 assignari,
782 1019 985 1092 mandantes
1010 1029 1046 1094 et
1066 1021 1291 1118 pergratiam
1312 1030 1464 1096 nestram
1483 1021 1678 1098 firmissime
1700 1027 1928 1122 precipientes
1950 1039 1990 1102 nt
2020 1031 2023 1036 '

579 1143 696 1214 nullus
710 1141 901 1216 advocatus
921 1145 977 1216 vel
998 1145 1167 1220 officiatus
1183 1155 1298 1219 noster
1314 1146 1407 1241 ipsos
1425 1146 1461 1220 in
1479 1147 1646 1243 premissa
1663 1147 1850 1224 donatione
1869 1163 1990 1246 paud

579 1266 633 1337 vel
659 1267 825 1338 molestet.
844 1267 946 1352 Quod
961 1267 1023 1362 qni
1039 1270 1170 1361 iecerit,
1190 1268 1311 1344 decem
1326 1271 1494 1343 librarum
1511 1271 1588 1344 anri
1606 1270 1769 1346 eumdem
1787 1275 1887 1348 nobis
1906 1297 1989 1350 oon·

579 1389 753 1462 stitnimns
773 1390 964 1464 debitorem
990 1401 1025 1464 et
1045 1402 1159 1465 tamen
1176 1393 1307 1467 exinde
1324 1394 1410 1466 iram
1426 1403 1577 1467 nostram
1600 1396 1724 1468 sentiet
1745 1419 1826 1470 enm
1843 1399 1985 1474 offensa.

627 1515 742 1586 Testes
764 1514 813 1586 hii
839 1525 920 1587 sunt
944 1515 1123 1590 Conradus
1145 1517 1251 1590 abbae
1277 1518 1391 1590 Sancti
1416 1517 1524 1606 Galli,
1550 1517 1729 1594 Conradus
1757 1519 1923 1616 pincerna
1944 1523 1990 1598 de

578 1638 813 1730 Winterstete,
845 1639 1051 1732 Peregrinus
1074 1639 1120 1714 de
1140 1641 1367 1736 Emeringan,
1392 1643 1557 1716 scultetus
1579 1642 1625 1716 de
1648 1643 1851 1739 Ebelingam
1879 1647 1989 1720 etalii

577 1763 811 1860 quamplures.

626 1887 751 1959 Datum
765 1887 862 1984 apud
879 1889 1091 1983 Ebelingen,
1107 1910 1200 1964 anno
1214 1889 1458 1964 incarnationis
1471 1889 1609 1962 Domini
1629 1889 1809 1964 millesimo
1826 1891 1990 1966 ducente·

579 2009 667 2084 sino
683 2011 855 2086 tricesimo
869 2013 998 2109 primo,
1016 2015 1117 2088 nonis
1135 2013 1184 2110 (a)
1203 2013 1383 2106 februarii,
1404 2014 1592 2090 indictione
1609 2023 1743 2109 quarta.

378 2613 557 2712 ruffin
636 2601 848 2684 Candinalis
872 2602 1074 2687 concilium
1096 2603 1136 2685 in
1158 2603 1380 2715 Magrmtina
1399 2601 1460 2713 (l)
1479 2603 1628 2686 civitate
1650 2603 1852 2688 habiturus
1873 2631 1989 2690 com-

418 2721 521 2772 ‘¹'‘¹“¹·¹
580 2734 829 2842 provinciales
842 2735 1022 2820 citaverat
1034 2736 1230 2846 episcopos
1243 2745 1281 2820 et
1294 2735 1496 2820 abbateset
1508 2735 1647 2818 diversi
1660 2737 1805 2820 ordinis
1817 2737 1988 2845 cleriaco,

579 2867 612 2947 si
627 2891 704 2948 non
723 2865 843 2950 abbas
862 2866 1007 2978 (Sancti
1026 2867 1167 2980 Galli),
1183 2869 1342 2952 consilio
1365 2894 1435 2953 suo
1457 2894 1547 2952 cnm
1569 2894 1659 2979 rega
1680 2869 1831 2977 habito,
1849 2871 1889 2954 id
1904 2872 1991 2952 irri-

579 3009 708 3083 tasset.
725 2999 917 3109 Praecepit
937 3000 1041 3082 enim
1057 3027 1125 3084 rex
1146 3027 1195 3084 ne
1216 3001 1303 3112 quis
1321 3001 1361 3082 in
1376 3026 1496 3112 regno
1512 3027 1582 3085 suo
1604 3012 1752 3110 praeter
1771 3003 1989 3114 episcopos,

581 3158 746 3242 quorum
768 3133 810 3214 id
827 3131 1053 3238 eratoffieii‚
1073 3133 1233 3216 concilia
1245 3134 1469 3240 celebraret3
1487 3134 1593 3218 aliud
1606 3133 1762 3242 faciens,
1783 3136 1906 3246 gratia
1919 3161 1991 3218 sua

580 3273 723 3348 careret
737 3263 813 3376 (2).
830 3263 1075 3373 Disposnerat
1094 3291 1261 3377 namque
1278 3267 1471 3376 praefatus
1489 3265 1752 3350 allemanniam
1777 3267 1876 3351 datis
1898 3269 1991 3378 qni-

619 3477 662 3560 (e)
684 3481 720 3540 In
732 3481 874 3559 impresso
896 3498 995 3557 noco;
1009 3483 1134 3561 legimus
1146 3488 1247 3544 numm
1259 3483 1358 3559 mata,
1372 3482 1453 3562 qnod
1466 3484 1560 3562 mla
1580 3483 1683 3544 solitam
1699 3482 1812 3544 termae
1837 3485 1988 3546 convenit.

613 3770 646 3844 (t)
664 3771 812 3829 sorbentb
822 3787 942 3830 errorem
954 3773 997 3830 vel
1009 3771 1182 3831 mutationem
1194 3772 1324 3844 nominis,
1341 3779 1432 3832 nostra
1444 3773 1577 3830 sententia
1588 3779 1678 3845 recto,
1693 3773 1858 3832 bochmenrs
1869 3773 1991 3849 suspica-

577 3874 629 3939 tur,
645 3883 708 3925 cum
722 3883 853 3942 nusquam
864 3869 929 3926 alias
939 3876 1066 3944 appareat
1078 3869 1191 3927 alterum
1202 3867 1344 3926 concilium
1355 3868 1428 3944 apud
1442 3871 1619 3944 llaguntiam,
1635 3871 1693 3927 sire
1705 3877 1766 3928 ante
1779 3871 1835 3928 siva
1845 3877 1908 3946 post
1919 3871 1988 3929 ilar·

576 3966 729 4042 bipoleusa,
750 3982 767 4022 a
784 3966 920 4024 cardinale
937 3967 1019 4025 inisse
1043 3973 1228 4026 mnvocabam.
1248 3965 1321 4025 Nilnil
1338 3972 1428 4025 omen
1449 3967 1540 4026 obstat
1560 3968 1626 4041 quin
1643 3967 1715 4024 idem
1735 3967 1879 4026 muntium
1902 3968 1991 4044 primo

577 4064 648 4138 apud
661 4063 836 4136 tingendam,
851 4064 948 4122 deinde
963 4065 1034 4138 apud
1050 4063 1216 4138 llerbipolim
1229 4063 1372 4122 cardinalis
1384 4064 1515 4122 indixerit.

613 4160 649 4234 (t)
669 4162 900 4220 Discimusantam
913 4177 946 4218 ex
957 4161 1069 4235 epistda
1083 4161 1205 4236 Gregorii
1222 4178 1307 4236 papae
1320 4162 1464 4220 eondlinm
1484 4162 1542 4220 sive
1561 4167 1722 4220 conventum
1735 4160 1808 4236 apud
1824 4161 1989 4237 Herbipolim

577 4260 740 4318 celebratum
745 4275 813 4330 esse,
819 4259 861 4317 cui
867 4259 901 4317 ad
908 4259 1172 4334 initambiepiscopus
1181 4259 1415 4333 magdeburgensis
1420 4257 1514 4315 tunein
1520 4257 1904 4332 alemanniam'revcranslvid.
1913 4275 1988 4334 supr.

578 4377 606 4434 p.
618 4362 669 4418 tta
681 4367 739 4417 not.
752 4359 775 4432 t)
787 4373 851 4416 cuna
863 4359 989 4434 episcopo
1007 4359 1220 4432 Nuemburgensi
1237 4357 1412 4432 pluribusque
1431 4356 1560 4432 praelatis
1570 4373 1600 4412 :a
1615 4356 1767 4432 Gregorius,
1780 4363 1846 4427 etc,
1861 4357 1990 4432 episcopo

580 4479 593 4512 ι
610 4457 774 4530 lldesmensi,
789 4463 842 4514 eto.
859 4455 925 4513 Cum
939 4455 1100 4514 venerabilia
1114 4455 1195 4514 trater
1206 4462 1332 4514 noster...
1351 4455 1581 4530 Nnembnrqensis
1592 4455 1736 4530 episeopus
1746 4454 1780 4512 da
1796 4454 1930 4528 scriptura
1942 4454 1989 4514 illa

581 4576 594 4608 a
610 4569 663 4629 qne
674 4554 782 4629 publice
792 4554 862 4612 lecta
875 4552 925 4610 luit
937 4552 1070 4627 Erbipoli,
1084 4553 1156 4610 unde
1170 4559 1263 4612 contra
1272 4553 1399 4612 dilectum
1410 4551 1494 4610 lilium
1509 4558 1632 4612 nostrum
1645 4553 1771 4612 ottonem
1783 4551 1875 4610 Sancti
1886 4551 1989 4610 Nicolai

583 4673 596 4704 n
609 4653 636 4708 in
650 4667 758 4709 carcere
766 4649 887 4708 Tulliano
898 4651 1039 4708 diaconum
1052 4649 1216 4708 cardinalem
1228 4655 1293 4706 tune
1305 4649 1334 4706 in
1347 4647 1468 4724 partibus
1481 4649 1533 4706 illis
1543 4647 1686 4724 apostolice
1699 4647 1772 4708 sodis
1785 4647 1899 4720 legatum
1911 4663 1989 4704 scan-

582 4767 596 4802 s
612 4749 701 4807 dalnm
712 4749 761 4806 luit
770 4763 850 4823 grave
859 4747 1009 4820 subortum,
1019 4747 1056 4806 sit
1066 4747 1137 4805 sicut
1151 4747 1268 4820 panor
1277 4747 1431 4822 accepimns
1443 4745 1595 4818 infamatus,
1605 4761 1656 4805 nos
1667 4745 1786 4805 retentes
1798 4751 1826 4804 et
1837 4745 1921 4819 patris
1932 4759 1989 4802 sen-
