4702 6110
554 645 615 714 486
1102 646 1410 710 anoriensis

555 783 764 869 risvoetre
786 781 1409 858 westmonasteriensem
1431 779 1668 877 perrezsvoir
1690 781 1768 878 psis
1791 782 1963 857 deseres·

558 905 687 980 »tiens
706 913 742 978 et
758 903 1008 980 destourbiers
1026 907 1197 1002 espsndre
1218 909 1330 982 mouit
1345 907 1391 982 de
1409 927 1493 980 sene
1511 905 1557 980 de
1577 908 1687 980 moult
1707 907 1755 982 de
1771 916 1865 1002 pent.
1885 933 1903 978 o
1924 908 1963 980 n·

557 1029 710 1104 wedene
729 1027 909 1102 hennonrs
925 1029 1034 1104 moult
1047 1031 1098 1104 tes
1114 1015 1289 1126 messsges
1306 1041 1343 1106 et
1357 1032 1409 1106 lor
1421 1030 1540 1108 donna
1560 1030 1606 1106 de
1626 1031 1729 1108 biens
1746 1030 1835 1106 dens
1856 1042 1893 1106 et
1913 1033 1965 1106 lor

556 1153 627 1228 dist
639 1175 709 1249 qne
726 1155 750 1225 it
768 1155 869 1227 feroit
886 1175 1029 1250 respons
1045 1177 1067 1228 e
1083 1156 1312 1252 i’empereonr
1334 1177 1398 1252 per
1412 1175 1468 1230 ses
1485 1177 1671 1250 nonages.
1693 1157 1732 1230 Li
1747 1175 1905 1248 mesmes
1918 1156 1965 1235 tie

556 1277 760 1373 t‘empersor
778 1277 851 1352 s’en
878 1287 1150 1354 retournerents
1167 1281 1218 1354 tor
1232 1279 1395 1376 seignour
1419 1301 1501 1356 sens
1524 1289 1678 1376 reportet
1701 1289 1799 1354 snos
1820 1301 1964 1378 respons

557 1421 627 1495 qne
641 1402 687 1472 tel
702 1421 772 1494 que
783 1421 873 1474 vous
887 1422 973 1476 avez
987 1423 1046 1499 op.

608 1523 713 1620 ceap.
745 1525 781 1598 V.
809 1526 861 1600 En
882 1535 956 1600 tent
972 1549 1107 1602 oernme
1127 1529 1362 1625 liernpereres
1383 1528 1484 1604 estoit
1506 1526 1705 1622 herbergiez
1721 1549 1745 1602 e
1759 1527 1962 1620 Rieordsne,

557 1649 586 1722 11
602 1649 707 1720 freres
727 1648 889 1722 Menours
905 1651 1067 1725 vindrent
1081 1673 1103 1726 s
1115 1651 1204 1726 Aere
1217 1653 1262 1726 de
1280 1675 1343 1749 per
1359 1651 1548 1748 l’npostoile
1565 1651 1628 1744 qni
1651 1661 1847 1746 oporterent
1863 1653 1965 1728 tetres

557 1793 603 1846 su
618 1773 811 1868 petrierohe
824 1774 870 1848 de
886 1777 1095 1868 tenentem
1114 1797 1159 1850 en
1177 1777 1261 1872 qnoi
1274 1777 1298 1848 it
1311 1775 1440 1850 mande
1457 1795 1528 1870 qne
1540 1774 1564 1846 ii
1578 1775 1656 1848 teist
1667 1775 1856 1852 denonnsr
1867 1777 1964 1850 l'em·

557 1918 679 1994 persor
696 1897 818 1972 Fedrie
840 1920 929 1996 pour
945 1902 1174 1977 eseommonie
1187 1911 1225 1976 et
1239 1903 1358 1998 psrjnr
1376 1909 1412 1974 et
1430 1899 1539 1994 qneil
1557 1897 1741 1973 deffendist
1762 1921 1809 1974 sn
1826 1899 1965 1994 Temple

557 2031 592 2098 et
606 2046 628 2096 a
642 2023 787 2118 l’ospitei
800 2023 952 2098 deSeint
963 2025 1071 2100 tehen
1084 2025 1256 2100 eteoeini
1270 2024 1334 2098 des
1343 2023 1584 2117 Aiemsnsqne
1597 2022 1621 2094 il
1634 2043 1680 2096 ne
1692 2023 1829 2098 fument
1842 2043 1888 2098 en
1900 2043 1963 2098 son

556 2146 854 2220 sommendement
868 2167 913 2228 pe
935 2146 1028 2220 riens
1041 2169 1087 2222 ne
1099 2147 1240 2226 inissent
1254 2169 1342 2244 ponr
1360 2147 1423 2238 ini,
1439 2155 1474 2220 et
1489 2155 1564 2220 tent
1576 2147 1652 2221 ensi
1665 2146 1816 2220 aneto.

605 2269 709 2364 Ctep.
735 2270 787 2344 Vi.
815 2271 931 2356 Quent
945 2272 969 2346 ii
985 2270 1139 2346 sordens
1159 2271 1222 2365 qui
1239 2271 1341 2344 estoit
1356 2289 1458 2364 seges
1472 2277 1508 2342 et
1524 2269 1634 2344 soutis
1655 2279 1710 2345 sot
1723 2269 1830 2364 qneti
1846 2289 1964 2364 empe—

555 2413 648 2468 reres
663 2393 764 2470 estoit
789 2415 899 2468 venus
913 2416 958 2470 en
976 2397 1009 2468 la
1031 2404 1119 2468 terre
1133 2403 1337 2492 povrement
1353 2402 1388 2468 et
1403 2413 1475 2487 que
1490 2393 1516 2464 ti
1533 2393 1611 2488 pins
1633 2393 1697 2468 des
1719 2393 1867 2488 polerine
1889 2395 1963 2466 s’en

556 2517 702 2591 estoient
715 2518 805 2592 relez
827 2539 871 2592 en
885 2519 937 2592 ior
952 2519 1029 2614 peis
1042 2527 1078 2592 et
1090 2539 1160 2612 que
1178 2518 1202 2590 ii
1215 2519 1317 2592 estoit
1338 2517 1408 2590 mei
1424 2517 1471 2592 de
1483 2515 1627 2610 l'igiise,
1644 2527 1680 2592 et
1694 2517 1728 2590 ts
1745 2515 1966 2590 mendenent

557 2664 627 2737 qne
641 2641 667 2712 li
680 2642 865 2738 spostoiles
881 2641 977 2714 avoir
993 2642 1122 2716 mande
1140 2651 1259 2716 oontre
1278 2641 1345 2732 lui,
1370 2641 1401 2714 si
1423 2640 1516 2736 prise
1535 2639 1645 2714 moult
1659 2659 1731 2734 pon
1750 2659 1813 2712 son
1832 2639 1905 2712 isit.
1922 2639 1966 2712 Et

558 2789 647 2864 pour
661 2789 702 2842 ee
718 2788 763 2841 ne
774 2767 862 2845 lesse
877 2767 946 2843 mie
958 2767 1063 2862 queit
1078 2787 1124 2840 ne
1134 2767 1158 2838 li
1172 2765 1330 2840 envoiest
1341 2785 1405 2838 son
1425 2785 1593 2859 mfflesge.
1608 2765 1635 2836 ΙΙ
1648 2785 1671 2859 y
1685 2763 1812 2838 envoin
1824 2787 1874 2838 nn
1889 2765 1964 2838 sien

558 2889 677 2968 ernist
704 2913 774 2985 que
796 2890 864 2964 l’on
885 2891 1011 2986 spetoit
1034 2889 1207 2968 Bedredin
1225 2899 1260 2964 et
1274 2910 1297 2962 o
1313 2889 1363 2962 lui
1380 2909 1429 2962 nn
1450 2897 1549 2962 entre
1564 2887 1685 2962 emirni
1704 2887 1767 2981 qni
1783 2887 1878 2960 evoit
1894 2908 1964 2962 non

557 3016 591 3088 le
602 3015 716 3090 soah.
738 3013 809 3086 Ciet
824 3014 888 3088 dni
905 3013 1069 3088 vindrent
1082 3037 1103 3087 s
1118 3012 1310 3088 Rionrdtne
1327 3021 1362 3086 et
1378 3012 1550 3107 petierent
1567 3010 1829 3106 si’empsreonr
1843 3009 1891 3086 de
1903 3033 1965 3106 per

558 3137 592 3210 le
607 3135 741 3210 sondsn
758 3137 833 3210 etti
854 3137 969 3212 dirent
985 3137 1060 3210 ensi
1079 3163 1088 3206 ι
1115 3168 1129 3198 u
1147 3137 1240 3228 Sine,
1262 3155 1353 3222 roos
1374 3135 1573 3210 mnndsstes
1586 3157 1634 3208 en
1649 3135 1869 3228 sennenque
1887 3155 1926 3208 se
1940 3135 1965 3206 it

561 3287 580 3332 o
600 3261 708 3334 voloit
721 3282 810 3334 vens
825 3263 857 3334 ie
876 3261 1035 3334 tenneze
1048 3262 1136 3334 frere
1148 3269 1184 3332 et
1198 3281 1219 3334 a
1235 3259 1305 3334 emi
1322 3257 1409 3334 dont
1422 3257 1447 3330 it
1459 3279 1548 3332 vous
1565 3259 1692 3332 mande
1712 3277 1782 3351 que
1798 3257 1905 3331 enini
1921 3279 1966 3330 ne

560 3409 580 3454 o
601 3383 760 3458 demon
773 3384 843 3460 mie
859 3406 948 3480 poor
963 3385 1068 3458 chose
1081 3403 1151 3477 que
1165 3382 1190 3454 it
1203 3382 1290 3456 ieire
1303 3382 1422 3477 puisse
1437 3391 1474 3456 et
1484 3403 1524 3456 se
1538 3401 1627 3454 vens
1641 3381 1753 3454 solies
1765 3380 1930 3456 entendre
1944 3401 1965 3454 s

559 3529 734 3582 oenenne
763 3509 959 3602 regnsbiete
983 3508 1008 3580 it
1032 3531 1057 3603 p
1083 3505 1279 3580 entendroit
1303 3505 1501 3582 volentiers.
1530 3507 1617 3582 oteis
1643 3525 1730 3580 ene
1755 3525 1825 3599 qne
1851 3513 1966 3578 vostre

559 3653 755 3726 »messege
770 3632 947 3726 requirent
964 3641 1040 3727 trop
1056 3631 1082 3702 ii
1098 3629 1433 3725 seroitgrsntnhose
1454 3638 1490 3705 ot
1510 3649 1581 3702 non
1602 3629 1671 3702 mie
1685 3649 1774 3724 poor
1796 3630 1829 3702 le
1852 3639 1963 3720 oonst,

559 3779 578 3826 o
599 3777 672 3828 mes
688 3777 774 3851 poor
789 3757 823 3828 le
838 3757 982 3830 trimme.
1004 3755 1069 3828 Cer
1091 3776 1136 3828 on
1162 3764 1217 3828 set
1236 3755 1317 3828 bien
1339 3773 1413 3849 que
1437 3753 1515 3828 ensi
1539 3762 1641 3848 grent
1664 3751 1828 3828 devotion
1856 3761 1917 3825 ont
1941 3752 1964 3824 li

559 3905 577 3948 s
599 3879 755 3952 Smssin
772 3901 818 3954 su
835 3882 961 3976 tempte
977 3878 1115 3955 Domini
1132 3878 1194 3973 qni
1206 3888 1259 3952 est
1273 3877 1405 3952 maison
1420 3876 1467 3952 de
1482 3877 1584 3966 Dien,
1597 3897 1733 3952 wmme
1749 3885 1811 3952 ont
1830 3877 1855 3948 li
1875 3897 1965 3952 nes·

560 4027 579 4074 o
599 4003 670 4077 tien
686 4025 733 4076 on
755 4005 914 4098 sepulcre
935 4002 981 4078 de
1005 4003 1112 4078 ihesu
1129 4004 1238 4094 Crist;
1263 3999 1434 4098 peomnoi
1461 4011 1557 4076 tonte
1584 4001 1772 4097 pejenisne
1793 4001 1819 4074 ii
1842 3999 1968 4074 eorroit

559 4149 672 4218 osus,
697 4136 734 4202 et
757 4127 781 4200 li
799 4127 952 4222 osiiphes
970 4127 1131 4208 meismes
1152 4127 1374 4202 l’entendroit
1395 4148 1417 4200 s
1440 4135 1632 4202 mesorennt
1654 4125 1701 4200 de
1723 4127 1756 4200 le
1784 4125 1894 4221 toy.»
1920 4163 1963 4178 -

560 4275 578 4320 e
597 4251 688 4324 Dent
703 4249 923 4343 vendroie-je
937 4251 1018 4326 bien
1033 4251 1098 4342 eir,
1115 4269 1156 4326 ee
1168 4251 1219 4324 lor
1236 4249 1306 4326 (fist
1318 4251 1342 4324 ii
1356 4269 1568 4345 empereres,
1586 4249 1669 4344 qnel
1688 4249 1794 4327 chose
1807 4265 1896 4321 vous
1908 4266 1966 4318 me

560 4399 578 4446 o
598 4373 765 4448 veodriez
781 4374 887 4450 offrir.
903 4399 922 4444 r
941 4375 991 4450 Cil
1003 4375 1241 4470 respondimnt
1256 4399 1266 4451 ς
1286 4399 1306 4446 e
1324 4375 1419 4448 Nous
1433 4375 1580 4448 n'srons
1589 4372 1635 4446 de
1651 4393 1693 4446 oe
1707 4373 1769 4446 nni
1782 4387 1965 4444 oommnn·

560 4521 579 4568 o
600 4497 752 4589 dement,
769 4499 857 4572 meis
874 4519 963 4580 none
974 4499 1167 4582 ostendens
1181 4519 1252 4593 que
1264 4517 1305 4582 se,
1319 4519 1408 4577 vous
1423 4521 1448 4594 p
1461 4497 1605 4578 entoiez
1621 4517 1685 4574 vos
1707 4513 1881 4588 metenses
1895 4511 1966 4586 (1¹¹⁰

562 4645 581 4692 o
602 4620 627 4692 il
643 4623 695 4696 lor
709 4624 877 4698 remorre
894 4624 1069 4717 regnabis.
1086 4651 1104 4696 o
1118 4625 1192 4699 less
1203 4645 1378 4716 inessepss
1395 4623 1420 4696 li
1434 4630 1628 4718 oporterent
1640 4641 1745 4715 grans
1760 4637 1902 4716 presens
1919 4614 1965 4690 de

562 4741 643 4818 dres
660 4743 706 4818 de
721 4745 794 4820 soie
810 4755 845 4820 et
857 4745 933 4820 d'or
945 4745 992 4823 de
1007 4745 1163 4822 diverses
1178 4747 1312 4822 eolonrs
1330 4755 1366 4820 et
1383 4745 1430 4822 de
1447 4743 1603 4820 diverses
1618 4743 1741 4821 choses
1755 4741 1910 4816 d'Orient
1932 4747 1967 4812 et
