4642 6106
1033 619 1247 684 rarorrrrrcr
1271 622 1445 686 succum
1756 629 1836 710 [aia.
1855 631 1942 696 raso.

1215 895 1257 966 V.

324 1126 473 1226 tpgtm
398 1126 503 1236 werp
576 1120 615 1192 ln
634 1119 774 1194 nomine
790 1121 927 1196 Domini
946 1142 1060 1195 amen.
1081 1123 1262 1198 Bertoldus
1277 1125 1533 1222 aquilegiensis
1550 1125 1757 1222 patriarcha,
1775 1125 1943 1200 llberhar·

363 1193 486 1290 ”lfflm'
529 1241 597 1316 dus
629 1243 909 1343 archiepiscopus
937 1247 1234 1342 Salzeburgensis,
1270 1248 1431 1322 Siffridus
1453 1249 1639 1345 episcopus
1663 1247 1939 1346 Ratispcuensis,

526 1366 721 1463 liupuldus
739 1367 876 1443 Austris
895 1391 936 1443 ac
953 1371 1067 1462 Stirie,
1086 1371 1283 1446 Bernardus
1295 1372 1468 1448 Cariathie
1481 1383 1517 1447 et
1532 1373 1635 1446 Ottho
1649 1373 1802 1448 Meranio
1818 1373 1938 1465 ducoe,

526 1489 589 1564 Dei
610 1491 720 1584 gratia
742 1492 916 1589 principes
940 1493 1091 1590 imperii.
1117 1495 1182 1568 Per
1200 1517 1343 1592 presens
1360 1497 1528 1593 scriptum
1546 1505 1667 1570 notum
1685 1496 1759 1570 lieri
1779 1497 1942 1570 volumus

526 1615 700 1690 universis
715 1617 811 1713 quod
832 1618 921 1692 inter
945 1627 1197 1692 sacrosanctam
1214 1620 1404 1694 Romanum
1422 1621 1604 1694 ecclesiam
1625 1629 1769 1694 matrem
1789 1629 1940 1694 nostram

526 1750 560 1816 et
576 1741 753 1815 dominam
777 1752 812 1816 et
834 1743 1091 1817 serenissimum
1114 1745 1295 1819 dominum
1313 1755 1469 1818 nostrum
1481 1744 1695 1818 Fridericum
1710 1746 1941 1818 Romanorum

526 1867 766 1962 imperatorem
779 1887 915 1962 semper
928 1875 1114 1963 augustum
1126 1868 1340 1942 Hierusalem
1351 1879 1386 1942 et
1398 1869 1513 1943 Sicilie
1523 1889 1641 1964 regem
1655 1868 1830 1960 convenit,
1843 1867 1940 1962 quod

525 1990 571 2066 de
590 1990 765 2065 communi
787 1992 965 2066 voluntate
984 1991 1139 2088 predicte
1158 1992 1278 2065 matris
1293 1993 1444 2066 Ecclesie
1461 2002 1496 2066 et
1515 1993 1649 2066 domiui
1667 1993 1775 2066 nostri
1792 1992 1940 2088 impera·

526 2117 606 2188 toris
628 2115 829 2189 tractabitur
849 2115 894 2190 de
913 2116 973 2190 via
992 2115 1203 2190 invenienda
1219 2117 1366 2212 qualiter
1382 2117 1429 2190 ad
1450 2117 1566 2212 ipsum
1587 2115 1768 2190 domiuum
1789 2116 1939 2212 impera·

525 2249 632 2312 torem
651 2259 732 2310 cum
749 2238 879 2312 honore
895 2238 1048 2312 Ecclesie
1069 2238 1233 2332 stetana
1250 2247 1285 2310 ct
1303 2241 1426 2312 Sancte
1444 2240 1579 2334 Agathe
1592 2241 1750 2313 civitates
1767 2248 1802 2311 et
1820 2260 1940 2312 omnes

524 2385 604 2436 cum
620 2363 721 2436 bouis
742 2363 815 2436 suis
832 2361 877 2436 de
893 2383 1001 2458 regno
1019 2363 1152 2452 Sicilie,
1173 2383 1262 2458 quos
1283 2363 1319 2435 iu
1342 2363 1414 2438 lide
1438 2386 1502 2437 sua
1523 2363 1652 2460 recepit
1668 2363 1820 2436 Ecclesia
1844 2373 1879 2436 ot
1901 2364 1938 2436 in

524 2487 675 2560 Ecclesie
692 2486 877 2560 devotione
897 2487 1099 2584 perdurant,
1119 2497 1346 2561 revertantur.
1368 2488 1424 2563 Ad
1444 2511 1550 2584 quem
1568 2497 1749 2562 tractatam
1767 2488 1870 2563 datus
1887 2500 1939 2562 est

525 2635 638 2686 annus
656 2612 722 2686 uisi
741 2620 842 2686 antea
858 2611 916 2686 via
937 2613 1052 2686 valeat
1071 2611 1236 2703 inveniri,
1259 2611 1306 2686 ad
1326 2635 1432 2708 quam
1453 2612 1700 2688 inveniendam
1719 2611 1811 2686 dicta
1829 2621 1938 2686 mater

524 2737 676 2812 Ecclesia
692 2761 811 2812 curam
828 2749 863 2810 et
877 2736 1143 2812 sollicitudinem
1160 2737 1327 2812 adhibere
1343 2738 1518 2834 promisit,
1540 2759 1605 2812 nec
1623 2739 1713 2810 ultra
1731 2735 1934 2824 torminum,

525 2863 592 2936 uisi
611 2862 656 2937 dc
673 2884 843 2936 consensu
858 2862 1025 2958 partium,
1039 2863 1298 2960 prorogabitur3
1314 2863 1378 2938 sad
1393 2864 1441 2957 si,
1461 2863 1558 2958 quod
1571 2863 1678 2954 absit,
1699 2862 1789 2934 infra
1804 2861 1939 2936 dictum

525 2987 710 3062 torminum
726 2988 784 3062 via
798 2987 946 3061 inveniri
964 3009 1033 3062 uon
1054 2998 1188 3086 posset,
1208 3011 1256 3062 ex
1274 2999 1357 3062 tunc
1375 3011 1437 3084 per
1458 2985 1606 3062 arbitros
1630 2986 1857 3062 communiter
1877 2987 1940 3058 eli·

525 3112 658 3208 gendos
675 3111 881 3208 procedetur
899 3113 936 3184 iu
954 3113 1012 3186 via
1030 3124 1068 3184 ut
1085 3113 1216 3186 dictum
1228 3122 1281 3188 est
1297 3111 1533 3187 invenienda:
1550 3133 1698 3206 quorum
1717 3111 1786 3183 sint
1802 3109 1874 3184 duo
1891 3131 1938 3184 ex

525 3246 621 3334 parto
634 3235 786 3310 llrolesie
803 3244 838 3310 et
852 3235 924 3310 duo
938 3257 985 3308 ex
1002 3243 1098 3332 parte
1114 3234 1247 3310 domiui
1265 3235 1490 3332 imperatoris.
1509 3234 1578 3320 Qui
1595 3235 1626 3308 si
1641 3232 1850 3308 concordare
1868 3255 1938 3307 non

525 3369 686 3458 poterim
701 3359 863 3456 quintum
880 3359 1010 3454 eligent
1025 3369 1060 3433 et
1075 3359 1167 3432 dicto
1185 3360 1325 3453 majoris
1344 3361 1451 3456 partis
1470 3359 1629 3432 stabitur.
1650 3357 1800 3430 Preslitit
1821 3367 1937 3430 autem

524 3485 687 3560 dominus
705 3485 889 3582 imperator
907 3485 1142 3578 juramentum
1165 3506 1226 3580 per
1245 3485 1411 3560 Thomam
1428 3483 1474 3558 de
1492 3483 1631 3580 Aquino
1654 3481 1860 3555 deerrarum
1878 3503 1938 3554 oo-

523 3609 641 3682 mitom
664 3606 897 3682 demandato
921 3629 986 3680 suo
1012 3607 1047 3680 in
1075 3607 1191 3682 anima
1215 3631 1280 3682 sua
1295 3611 1470 3701 jurantem
1491 3605 1587 3703 quod
1607 3605 1746 3680 interim
1766 3603 1938 3702 predictas

522 3742 630 3806 terras
648 3739 683 3804 et
701 3729 860 3806 homines
877 3753 947 3807 nou
965 3731 1116 3806 offendet
1132 3732 1168 3804 in
1187 3733 1342 3828 personis
1360 3742 1395 3806 et
1412 3733 1518 3805 rebus
1533 3752 1598 3805 nec
1615 3729 1789 3828 permittet
1808 3726 1936 3802 offendi

522 3856 649 3944 asuis,
667 3865 702 3930 ot
721 3856 816 3930 viam
829 3879 899 3952 que
914 3857 1111 3931 invenietur
1126 3877 1189 3953 per
1205 3878 1425 3932 communem
1444 3865 1625 3929 tractatum
1647 3863 1766 3928 sancto
1784 3853 1937 3926 llomens

523 3981 667 4056 ecclesie
693 3991 729 4055 et
755 3981 911 4076 ejusdem
938 3981 1070 4056 domini
1101 3980 1317 4078 imperatoris
1337 3981 1395 4054 vel
1422 4002 1485 4078 per
1507 3979 1655 4052 arbitros
1678 3977 1753 4074 ipse
1776 3974 1939 4051 dominus

522 4105 707 4202 imperator
725 4105 936 4180 observabit.
962 4107 1088 4180 Notum
1110 4127 1252 4202 quoque
1278 4104 1425 4178 iacimus
1444 4103 1542 4200 quod
1564 4102 1728 4176 dominus
1753 4101 1936 4196 imperator

521 4231 662 4305 remittit
685 4251 823 4306 omnem
851 4229 1018 4304 offensam
1042 4240 1078 4304 et
1108 4251 1234 4328 penam
1261 4227 1504 4318 Theutoaicis‚
1533 4225 1762 4316 Lombardis,
1794 4221 1932 4313 Tuscis,

521 4366 557 4430 st
577 4353 776 4428 hominibus
802 4353 848 4428 de
876 4375 985 4449 reguo
1008 4354 1123 4428 Sicilie
1146 4355 1363 4451 generaliter,
1384 4361 1420 4426 et
1440 4351 1595 4445 Gallicis,
1616 4361 1652 4425 et
1672 4349 1833 4424 omnibus
1858 4345 1936 4419 aliis

520 4481 583 4578 qui
598 4489 715 4553 contra
728 4500 809 4552 eum
826 4479 981 4554 Romane
995 4479 1139 4554 ecclesio
1154 4479 1383 4572 adheserunt,
1405 4500 1446 4552 ac
1458 4477 1591 4552 dictum
1607 4475 1813 4550 Aoerrarum
1827 4469 1935 4544 comi-

521 4615 592 4680 tem
610 4602 714 4676 lecit
700 4623 818 4696 jurare
834 4603 871 4674 iu
887 4603 1004 4675 anima
1021 4623 1084 4675 sua
1103 4603 1199 4698 quod
1222 4604 1318 4676 nullo
1337 4624 1493 4697 unquam
1514 4569 1668 4696 tempore
1689 4595 1863 4694 predictos
1882 4593 1935 4666 ol·

524 4727 641 4806 tendet
669 4745 734 4800 nec
763 4725 934 4822 permittet
958 4725 1087 4801 offendi
1115 4747 1179 4822 pro
1205 4747 1248 4800 eo
1276 4725 1373 4820 quod
1400 4734 1519 4800 conca
1547 4745 1628 4798 eum
1659 4729 1733 4796 orta
1761 4715 1933 4794 discordia
