4702 6110
552 601 615 666 434
1084 611 1256 674 ananiel
1281 613 1448 676 sepultat
1779 614 1858 698 [ilar.
1876 613 1962 678 12³0.

555 746 626 810 tam
644 738 745 834 vigor
760 740 923 836 equitatis
942 765 1048 838 quam
1062 747 1149 821 ordo
1165 749 1314 844 postulat
1327 749 1468 824 rationis
1486 758 1525 820 nt
1540 747 1578 822 id
1592 747 1706 845 ipsum
1725 771 1847 822 sereno
1865 751 1962 822 vultu

555 859 779 938 admittamus
802 867 991 962 petentium
1013 869 1197 945 desideriis
1213 873 1398 968 benignius
1415 881 1618 948 annuentes.
1642 873 1835 948 Meminerit
1860 875 1963 968 igitur

554 1009 697 1084 presens
727 997 801 1064 etas
828 999 864 1065 et
894 993 1011 1066 lutura
1035 995 1132 1090 quod
1163 1018 1227 1071 nos
1262 997 1477 1073 ιιιιιιιιιιιιιι
1505 998 1729 1074 devocionem
1760 999 1962 1072 dilectorum

554 1121 747 1186 nostrorum
765 1125 956 1192 conventus
979 1118 1025 1193 de
1046 1120 1269 1214 Waltsassin‚
1296 1123 1362 1220 ipsi
1390 1123 1576 1198 conventui
1595 1119 1827 1196 concessimus
1851 1131 1887 1194 et
1911 1121 1964 1192 in·

553 1236 744 1312 dulssimus
760 1259 881 1314 omnes
902 1263 1011 1316 venas
1029 1253 1065 1316 et
1081 1246 1209 1320 fossata
1226 1247 1303 1320 auri
1318 1247 1375 1320 vel
1393 1247 1525 1342 urgenti
1540 1247 1598 1320 vel
1619 1246 1759 1320 altenus
1776 1245 1905 1320 metalli
1926 1245 1963 1317 in

551 1360 652 1434 bouis
667 1371 703 1435 et
718 1363 829 1440 londo
849 1365 960 1462 ipsius
974 1369 1118 1442 ecclesie
1137 1369 1185 1444 ad
1203 1393 1288 1444 usus
1305 1371 1415 1468 ipsius
1431 1371 1641 1466 redigendas
1658 1380 1693 1445 et
1709 1367 1963 1444 conservandas

549 1487 653 1584 pleno
661 1490 754 1582 jure,
769 1489 817 1564 ita
835 1501 875 1562 nt
889 1491 935 1566 de
953 1494 1128 1588 premissis
1143 1496 1288 1570 liberam
1301 1495 1487 1571 ordinandi
1499 1495 1625 1570 babeat
1634 1497 1843 1570 facultatem.
1861 1493 1963 1568 llan-

549 1610 672 1686 dantes
701 1621 736 1686 et
761 1615 828 1688 sub
854 1617 1131 1692 interminatione
1157 1619 1267 1714 gratie
1298 1629 1414 1694 nostre
1443 1619 1638 1692 firmissime
1665 1617 1893 1715 precipientes
1924 1625 1964 1688 ut

549 1737 666 1811 nullus
683 1738 727 1810 sit
741 1739 803 1834 qui
819 1741 1026 1836 prelibatum
1046 1753 1256 1820 conventum
1281 1745 1317 1816 in
1338 1745 1502 1841 premissa
1527 1743 1637 1838 gratia
1663 1751 1698 1816 ιι
1719 1741 1876 1815 libertate
1894 1739 1961 1836 ipsi

548 1860 683 1936 indulta
700 1885 721 1936 a
740 1872 856 1938 nostra
873 1867 1058 1940 serenitate
1074 1867 1245 1964 impedire
1262 1867 1391 1942 audeat
1404 1871 1461 1942 vel
1476 1889 1633 1965 gravare.
1650 1866 1753 1954 Quod
1768 1865 1831 1962 qui
1845 1863 1962 1940 iecerit

547 1985 788 2080 gravissimam
808 1987 893 2060 iram
914 1998 1065 2062 nostram
1085 1992 1216 2066 senciat
1230 1991 1455 2066 atellensem.

597 2113 709 2205 Hujus
733 2115 963 2188 ιοιιιιιιιοιιιι
988 2126 1024 2189 ιι
1047 2117 1215 2192 libertatis
1239 2128 1320 2190 sunt
1343 2127 1471 2192 testes:
1494 2117 1602 2192 abbas
1620 2115 1736 2190 Sancti
1760 2111 1860 2206 Galli,
1884 2113 1960 2189 dux

546 2235 716 2330 Maronia,
734 2238 777 2310 ll.
797 2237 843 2312 de
860 2239 978 2330 Niffin,
997 2239 1041 2314 Α.
1064 2241 1110 2316 de
1127 2244 1312 2340 lustingin,
1331 2243 1369 2316 C.
1388 2243 1433 2318 de
1450 2243 1654 2332 llobinloch,
1672 2239 1710 2312 C.
1731 2239 1894 2336 pincerna
1914 2236 1959 2310 de

546 2357 781 2455 Clinginbnrc‚
801 2364 910 2436 etalii
926 2366 1163 2461 quamplures.

595 2483 680 2558 Acta
691 2495 772 2558 suut
779 2486 845 2560 hec
853 2487 948 2584 apud
957 2489 1182 2584 Spiegilberc,
1192 2511 1284 2564 anno
1301 2487 1544 2562 incarnationis
1552 2485 1689 2560 Domini
1700 2485 1879 2558 millesimo
1893 2483 1958 2558 du·

546 2609 733 2684 centesimo
750 2611 940 2686 tricessimo
960 2610 1181 2710 (tricesimo),
1200 2617 1245 2688 vl
1262 2587 1428 2688 kalendas
1449 2610 1653 2703 decembris,
1670 2608 1859 2684 indictione
1872 2608 1954 2681 llll'.

355 3190 509 3290 effla
599 3181 783 3264 Heuricus
796 3182 1054 3266 Romanorum
1079 3207 1144 3266 rex
1158 3181 1304 3290 villico,
1324 3184 1526 3290 advocato,
1544 3181 1707 3265 scabinis
1724 3189 1761 3264 el
1774 3177 1957 3263 universis

546 3313 802 3425 burgensibus
821 3314 1063 3425 Aquensibus
1086 3317 1258 3422 mandat,
1283 3343 1330 3399 ex
1347 3325 1477 3400 tenore
1498 3315 1683 3426 privilegii
1700 3315 1758 3397 sui
1780 3313 1957 3396 acclesiae

545 3448 651 3533 Beati
668 3447 863 3532 Adolberti
880 3447 1035 3556 indulti,
1059 3475 1107 3532 ne
1129 3449 1388 3559 praepositum
1402 3449 1580 3534 ecclesiae
1601 3447 1770 3559 ejusdem
1787 3446 1828 3528 in
1851 3471 1958 3528 exer·
2108 3455 2114 3464 ’

545 3582 666 3666 aenda
679 3579 941 3691 jurisdictione
954 3583 1002 3664 de
1014 3591 1093 3666 toto
1107 3584 1262 3692 praedio
1275 3592 1313 3666 ιι
1327 3583 1547 3666 hominibus
1562 3583 1602 3664 in
1620 3583 1703 3692 ipso
1715 3577 1957 3662 manentibus

546 3716 748 3800 molestare
769 3724 1029 3825 praesumant.

640 3933 744 4013 (Edid.
766 3932 867 4006 Qurx,
885 3927 955 3993 Cod.
973 3927 1123 4010 diplomat.
1140 3929 1300 4012 Aqormir,
1316 3949 1347 4009 p.
1364 3941 1399 3992 ιι
1410 3975 1420 4006 ,
1437 3940 1470 3991 ιιο
1485 3937 1536 4008 τι,
1550 3933 1580 3990 ιι
1598 3927 1676 3990 infra
1696 3943 1727 4003 p.
1746 3935 1818 3999 ιιι,
1835 3933 1869 3985 ιιο
1885 3933 1953 3986 ¹5³.

666 4039 820 4102 Memorat.
837 4053 956 4116 ιιιιοιῙιιι
969 4053 1018 4114 ap.
1034 4037 1231 4110 anorrsnnr,
1250 4033 1447 4117 Urland.silr
1464 4035 1510 4098 dle
1525 4033 1617 4096 decla
1640 4031 1688 4095 der
1707 4028 1874 4106 Ntcdcrrlr„
1895 4045 1953 4090 arr.

667 4145 763 4220 Baud,
778 4162 810 4224 p.
826 4153 876 4218 57,
891 4149 956 4206 not.
973 4151 1009 4217 4,
1026 4143 1065 4204 ιιι
1078 4161 1158 4205 num.
1176 4141 1257 4224 102.)

598 4335 640 4406 ll.
662 4331 725 4405 Dei
743 4329 853 4426 gratia
869 4331 1100 4404 Romanorum
1122 4353 1186 4403 rex
1203 4339 1237 4404 et
1256 4351 1391 4425 semper
1411 4325 1591 4420 augustus,
1612 4323 1774 4398 fidelibus
1793 4323 1867 4395 suis
1890 4323 1956 4394 vil·

550 4459 634 4550 lioo,
660 4457 848 4544 advocato,
874 4455 1023 4526 scabinis
1046 4465 1081 4527 at
1108 4453 1280 4527 universis
1305 4451 1537 4547 burgensibus
1563 4447 1782 4544 Aquensibus
1811 4446 1955 4542 gratiam

549 4604 650 4658 suam
668 4590 703 4654 et
719 4601 822 4654 omne
839 4579 983 4652 bouum.
1001 4579 1095 4652 Scire
1112 4579 1245 4655 debetis
1259 4577 1356 4672 quod
1369 4573 1623 4666 concessiones,
1635 4573 1715 4666 jura
1729 4579 1763 4644 et
1782 4569 1955 4642 libertates

549 4703 885 4803 apredeoessoribus
908 4703 1034 4776 nornis
1051 4701 1316 4798 imperatoribus
1332 4700 1408 4773 sive
1429 4697 1570 4794 regibus
1590 4694 1743 4770 ecclesiis
1764 4691 1899 4788 imperii
1920 4699 1955 4763 ιι
