4642 6106
498 625 557 690 lot
996 637 1211 704 tttlbbtttcl
1239 644 1415 708 SECllllllll
1720 649 1800 728 [fin.
1818 650 1903 714 letto.

496 762 588 838 neris
602 765 798 860 ampliavit,
820 769 883 842 Dei
901 773 1056 846 ecclesiis
1080 785 1115 848 et
1136 778 1221 851 locis
1242 782 1411 876 religiosis
1429 782 1635 856 contuentis
1647 783 1775 856 intnitn
1789 785 1907 880 provi·

494 885 640 977 domm,
655 889 900 982 gratitudinem
919 895 969 966 sic
991 907 1105 974 nostre
1129 901 1323 978 devotionis
1348 907 1524 980 offerimus
1541 914 1575 980 et
1589 907 1626 978 in
1645 908 1905 982 retributionem

492 1019 645 1086 eternam
668 1023 782 1087 nostre
801 1017 922 1090 salutis
942 1023 1123 1096 commoda
1137 1047 1375 1120 procuramus.
1397 1031 1485 1102 Hinc
1500 1041 1554 1103 est
1567 1031 1685 1126 itaque
1701 1031 1798 1128 qnod
1824 1053 1905 1104 cnm

491 1155 647 1208 essemus
661 1135 698 1208 in
715 1159 822 1232 regno
835 1139 951 1214 Sicilie
967 1147 1062 1239 apud
1082 1149 1222 1242 logiam
1239 1175 1320 1226 cnm
1336 1152 1522 1247 magnifico
1539 1153 1680 1227 domino
1701 1165 1817 1228 nostro
1834 1155 1906 1226 liri·

492 1257 609 1332 derico
621 1259 683 1332 Dei
694 1261 804 1353 gratia
814 1263 1042 1340 illustrissimo
1055 1270 1284 1348 Romanorum
1296 1277 1513 1373 imperatore,
1527 1299 1663 1373 semper
1671 1287 1833 1370 angusto,
1849 1281 1906 1352 Je-
1964 1359 1966 1362 ,

491 1381 640 1454 ruselem
664 1391 699 1456 et
724 1383 840 1458 Sicilie
864 1409 946 1482 rege
968 1391 1213 1486 invictissimo,
1229 1400 1446 1474 considerata
1469 1400 1635 1496 religione
1657 1423 1755 1474 sucre
1779 1400 1905 1474 domus

489 1503 668 1599 hospitalis
689 1508 813 1582 Sancte
831 1511 939 1585 Maris
954 1514 1245 1594 Thentonicnrnm
1268 1523 1305 1594 in
1327 1525 1516 1597 Jerusalem
1536 1533 1571 1596 et
1588 1525 1742 1620 inspecta
1760 1525 1905 1598 honesta

490 1630 750 1706 conversatione
779 1633 844 1706 viri
869 1639 1079 1712 venerabilis
1108 1643 1221 1717 fratris
1251 1646 1438 1720 Hermanni
1461 1647 1617 1742 magistri
1646 1669 1688 1719 ee
1713 1656 1904 1722 ceterorum

488 1753 631 1826 [rabum
648 1754 774 1830 domus
788 1758 964 1852 ejusdem,
985 1763 1132 1856 dignum
1145 1767 1314 1842 duximus
1326 1792 1390 1866 pro
1406 1771 1559 1844 remedio
1574 1771 1768 1842 animarum
1783 1792 1905 1866 peren-

488 1885 561 1950 tum
586 1888 621 1950 et
644 1878 926 1974 predecessorum
946 1895 1140 1960 nostrornm
1162 1913 1205 1962 ac
1222 1893 1402 1966 karissime
1420 1894 1587 1966 consortis
1607 1903 1722 1966 nostre
1740 1893 1904 1966 Beatricis

487 1999 629 2072 illustris
646 2001 785 2076 ducisse
798 2005 949 2080 bleranie
966 2019 1001 2081 et
1015 2012 1187 2086 comitisse
1202 2015 1405 2110 Burgundio
1421 2027 1456 2090 et
1473 2017 1581 2090 instar
1600 2039 1663 2112 pro
1681 2017 1792 2090 salute
1804 2025 1839 2089 et
1851 2017 1905 2089 in·

488 2123 685 2200 columitate
701 2136 817 2202 nostra
838 2151 879 2201 ac
902 2132 1056 2222 ejusdem
1077 2137 1197 2208 uxoris
1214 2147 1329 2210 nostre
1348 2139 1462 2213 eidem
1482 2161 1579 2212 sacre
1600 2137 1720 2212 domui
1741 2139 1902 2234 hospitali

488 2246 524 2318 in
542 2255 635 2320 certo
650 2246 820 2323 beneficio
832 2253 1035 2346 providere3
1056 2259 1282 2332 concedentes
1300 2261 1454 2356 predicte
1477 2281 1574 2334 sacre
1594 2263 1714 2334 domni
1736 2262 1772 2332 in
1794 2260 1902 2334 eomi-

488 2379 560 2442 tatn
575 2371 795 2466 Burgundio,
812 2376 873 2468 qui
888 2399 951 2472 pro
969 2389 1066 2473 perte
1087 2381 1179 2454 dicte
1191 2384 1312 2456 uxoris
1328 2395 1443 2458 nostre
1456 2396 1508 2458 est
1523 2385 1637 2459 dotale
1650 2389 1709 2479 jus
1724 2394 1898 2476 nostrum,

486 2493 604 2568 villam
621 2517 749 2589 unam,
768 2497 804 2569 in
823 2521 1047 2595 quocumque
1062 2505 1138 2578 loco
1161 2506 1317 2598 ejusdem
1336 2509 1443 2580 nostri
1468 2509 1649 2581 comitatos
1671 2509 1791 2580 iratres
1810 2509 1901 2600 ejus·

486 2617 565 2691 dem
582 2617 708 2690 domus
724 2621 841 2694 villam
859 2623 970 2718 ipsam
992 2629 1166 2700 voluerint
1181 2631 1337 2726 accipere
1356 2631 1401 2705 de
1418 2633 1559 2728 proprio
1582 2641 1720 2717 nostro,
1746 2651 1817 2725 qne
1840 2651 1901 2703 va·

484 2741 552 2813 leat
564 2743 744 2816 annuatim
755 2743 902 2820 incertis
914 2749 1112 2823 redditibus
1125 2753 1257 2847 absque
1269 2754 1444 2828 taxatione
1457 2754 1628 2827 talliarum
1643 2753 1784 2848 triginta
1794 2753 1901 2826 libras

485 2875 621 2940 monete
634 2870 875 2942 elnonensium
888 2873 941 2970 (l)
955 2896 1035 2946 enm
1050 2875 1250 2949 hominibus
1262 2887 1298 2950 et
1314 2878 1529 2974 pertinentiis
1546 2878 1620 2950 suis
1638 2877 1674 2948 in
1694 2885 1899 2972 perpetuum

483 2989 591 3064 libere
613 3014 655 3066 ac
676 2992 752 3066 sine
774 2995 928 3087 qualibet
951 2997 1182 3094 obligatione,
1201 3001 1383 3074 exactione
1400 3003 1457 3074 vel
1474 3001 1614 3074 datione
1635 2999 1768 3072 servitii
1788 2999 1899 3094 possi·

483 3113 647 3188 dendam.
664 3115 834 3190 Presentis
850 3119 968 3215 scripti
986 3123 1189 3196 anctoritate
1203 3123 1346 3198 firmiter
1359 3133 1546 3197 statuentes
1556 3133 1595 3196 nt
1612 3145 1674 3218 per
1688 3123 1898 3196 nominatam

484 3261 628 3312 uxorem
651 3250 803 3315 nostram
827 3244 950 3318 eadem
976 3260 1093 3322 nostra
1118 3251 1296 3322 concessio
1318 3250 1528 3345 approbetur
1551 3259 1586 3322 et
1606 3249 1651 3321 de
1676 3269 1847 3321 consensu
1864 3256 1899 3318 et

483 3365 662 3438 voluntate
676 3387 740 3438 sna
756 3369 898 3441 omnino
915 3369 1080 3443 firmetur.
1098 3371 1154 3445 Ad
1171 3373 1276 3465 liujus
1299 3373 1417 3464 itaque
1440 3379 1555 3443 nostre
1571 3369 1802 3443 concessionis
1825 3389 1897 3440 me·

482 3487 626 3560 moriam
640 3497 675 3561 et
692 3489 850 3563 stabilem
868 3492 1064 3567 firmitatem
1089 3516 1230 3590 presens
1252 3493 1474 3589 privilegium
1499 3493 1573 3566 fieri
1598 3502 1632 3565 et
1648 3493 1762 3587 sigillo
1782 3499 1897 3564 nostro

478 3611 648 3704 jussimus
662 3615 887 3708 communiri,
906 3639 1011 3711 anno,
1031 3639 1150 3691 mense
1167 3628 1202 3691 et
1220 3619 1410 3692 indictione
1427 3617 1642 3711 subscriptis.
1754 3713 1757 3718 Ι
1834 3709 1838 3716 ,

529 3737 616 3810 Data
633 3737 755 3831 Fogie,
772 3760 864 3812 anno
884 3740 1058 3814 dominice
1078 3743 1324 3816 incarnationis
1341 3741 1524 3814 millesimo
1542 3739 1778 3812 ducentesimo
1794 3737 1897 3809 trice·

480 3859 588 3950 simo,
605 3881 723 3967 mense
736 3862 872 3956 aprilis,
893 3864 992 3936 tertie
1006 3863 1222 3957 indictionis,
1235 3865 1427 3959 imperante
1442 3863 1583 3936 domino
1596 3859 1895 3934 nostroFriderioo

478 3983 541 4054 Dei
557 3984 667 4078 gratia
684 3985 869 4080 magnifico
882 3989 1113 4060 Romanorum
1128 3987 1347 4082 imperatore,
1365 4009 1502 4082 semper
1521 3993 1686 4078 anguste,
1706 3983 1895 4056 Jerusalem

480 4114 515 4176 et
531 4106 648 4184 Sicilie
664 4129 745 4202 rege
760 4108 1002 4200 invictissimo,
1019 4110 1162 4182 llomani
1179 4111 1256 4202 ejus
1269 4109 1404 4204 imperii
1419 4129 1510 4182 anno
1526 4107 1673 4198 decimo,
1688 4106 1785 4199 regni
1801 4107 1895 4178 lem·

479 4229 675 4325 solymitani
690 4231 825 4327 quinto,
841 4234 940 4327 regni
952 4255 1035 4307 vero
1051 4233 1164 4307 Sicilie
1178 4233 1351 4307 tricesimo
1364 4231 1531 4324 secundo,
1544 4229 1698 4304 lelioiter.
1709 4228 1819 4301 Amen
1826 4226 1891 4322 (2).

516 4535 549 4608 (t)
568 4535 755 4594 verisimiliter
767 4537 1001 4612 Stephancnsium,
1015 4538 1085 4595 sicut
1100 4537 1195 4611 legitur
1206 4538 1234 4594 in
1246 4538 1391 4610 impresso;
1403 4535 1507 4591 scilicet
1518 4531 1724 4607 Esteoencntes.
1849 4622 1854 4634 Ι

516 4633 550 4706 (2)
569 4635 626 4690 lloc
639 4633 807 4707 privilspum
817 4651 834 4692 s
844 4635 961 4709 quodam
973 4635 1117 4709 imperialis
1135 4635 1212 4692 anlse
1228 4635 1331 4692 notario
1342 4631 1482 4690 redactum
1499 4643 1559 4690 esse
1576 4629 1693 4706 uidetur,
1708 4639 1768 4684 orm
1784 4636 1893 4683 ommno

479 4729 594 4790 tunm
606 4730 805 4806 privilegiorum
816 4748 833 4791 a
845 4733 981 4792 Fridericc
992 4731 1054 4808 ipso
1067 4747 1256 4792 conomsorum
1268 4729 1400 4789 exhibent.
