4602 6084
605 611 626 672 8
1107 613 1321 682 saltante}
1346 619 1522 682 secono!
1834 615 1914 701 [Au.
1933 613 2031 677 lm

602 749 675 823 duo
688 747 873 822 luminaria
885 771 1025 844 magua,
1043 749 1116 825 duo
1131 753 1225 828 doua
1240 756 1392 847 calestia,
1407 757 1501 832 viam
1514 757 1600 852 ligui
1615 757 1650 830 iu
1664 777 1735 852 qua
1748 755 1821 830 vita
1838 763 1954 828 nostra
1967 771 2035 847 pe·

601 874 723 971 pendit
744 882 781 946 et
798 883 923 948 terram
946 877 1183 972 promissionis
1208 880 1414 972 osteuduut3
1437 882 1503 956 ista
1522 881 1593 956 duo
1616 881 1745 955 vexilla
1766 900 1837 975 que
1855 876 2033 950 Dominus

600 999 714 1072 erexit
724 999 761 1070 iu
775 999 891 1071 anime
904 1009 964 1072 tue
981 1002 1153 1096 corporeis
1167 1004 1404 1078 instrumentis
1416 1014 1487 1080 tola
1504 1005 1661 1101 sequitur
1674 1005 1797 1078 militia
1811 1001 2029 1092 Christiana,

600 1123 687 1220 quin
711 1122 827 1219 potius
853 1125 1012 1218 sequitur
1037 1133 1129 1199 totus
1152 1127 1308 1204 muudus
1329 1153 1350 1204 a
1368 1130 1541 1226 paradyso
1563 1151 1649 1225 puro
1672 1129 1882 1204 couscientia
1902 1124 2033 1198 merito

600 1269 664 1320 sue
692 1247 976 1342 prevaricationis
1000 1249 1179 1324 exclusus.
1203 1253 1246 1326 ltr
1269 1251 1350 1328 ideo
1373 1262 1426 1326 est
1452 1275 1670 1350 summopere
1691 1250 1952 1350 precavendum
1982 1267 2033 1321 ue

598 1371 769 1445 vexillum
785 1372 882 1467 quod
896 1373 1005 1447 hebes
1018 1396 1203 1452 commune
1221 1400 1302 1453 com
1319 1379 1465 1474 angelis,
1483 1379 1676 1452 intellectus
1690 1377 1854 1452 videlicet
1868 1385 1905 1449 et
1921 1373 2032 1448 affec·

600 1507 677 1586 tus,
696 1497 843 1570 inclines
860 1499 907 1572 ad
923 1497 961 1570 id
976 1499 1072 1594 quod
1088 1501 1196 1576 habet
1212 1502 1316 1577 homo
1337 1524 1520 1577 commune
1539 1525 1619 1576 cum
1642 1503 1753 1576 brutis
1772 1501 1906 1574 scilicet
1921 1506 1956 1570 et
1972 1519 2032 1570 ar·

598 1621 727 1714 bustis,
746 1643 889 1694 sensum
905 1631 940 1696 et
960 1625 1230 1716 nutrimentum,
1251 1627 1336 1722 quia
1358 1636 1510 1700 elamor
1532 1626 1748 1700 sensibilium
1768 1621 1895 1699 minuit
1919 1618 2032 1692 iutel-

599 1746 728 1820 lectum
747 1754 782 1818 ot
797 1747 957 1819 effectum
976 1747 1146 1822 deformat
1166 1748 1305 1824 delicati
1330 1751 1483 1846 corporis
1504 1751 1771 1840 nutrimentum,
1791 1770 1833 1822 ac
1853 1768 1916 1842 per
1939 1745 2027 1833 hec,

600 1869 698 1965 quod
714 1869 817 1956 absit,
838 1871 1069 1943 luminaribus
1085 1872 1292 1964 cognitionis
1309 1882 1345 1946 et
1358 1873 1551 1948 dilectionis
1564 1874 1725 1948 extinctis
1739 1881 1774 1945 ct
1788 1873 1825 1943 iu
1844 1879 1935 1944 tarra
1949 1867 2030 1939 vic·

601 1993 747 2066 tricibus
760 1993 886 2088 aquilis
904 1994 955 2065 sic
966 1993 1158 2089 prostratis,
1177 2003 1212 2068 et
1229 1995 1466 2091 voluptatibus
1480 1998 1625 2070 terrenis
1638 1997 1826 2094 implicitus
1842 1989 2031 2066 commode

602 2138 672 2190 uon
689 2119 819 2212 poteris
839 2127 874 2190 te
889 2118 1118 2214 sequentibus
1136 2118 1231 2191 viam
1249 2117 1485 2194 demonstrare
1505 2121 1638 2194 salutis.
1660 2119 1761 2194 Absit
1778 2141 1799 2193 a
1815 2127 1849 2190 tc
1866 2117 1954 2204 hoc,
1978 2111 2028 2185 fili

601 2240 823 2330 charissime,
842 2265 864 2316 a
884 2265 955 2338 quo
973 2241 1114 2316 videtur
1130 2241 1236 2316 modo
1258 2242 1330 2316 vila
1352 2241 1458 2336 hujus
1474 2244 1596 2318 mundi
1615 2244 1788 2318 sensibilis
1809 2238 2026 2336 dependere.

601 2364 697 2439 lllius
719 2363 837 2460 itaquo
857 2364 1048 2440 recorderis
1065 2366 1208 2440 historie
1226 2366 1324 2460 quod
1342 2367 1378 2438 in
1401 2367 1562 2442 columna
1581 2367 1672 2462 iguis
1690 2377 1724 2440 et
1743 2365 1850 2436 uubis
1874 2361 1920 2436 de
1937 2363 2030 2454 jngo

599 2488 788 2562 Pharaonis
805 2489 956 2586 populus
974 2489 1187 2564 Hebrecrum
1206 2489 1356 2565 aductus
1374 2491 1411 2562 iu
1430 2499 1553 2562 terram
1571 2490 1808 2602 promissionis
1830 2485 2029 2571 inducitur,

599 2633 705 2706 quem
720 2612 755 2683 in
768 2614 841 2685 zelo
853 2613 986 2705 justitie
1003 2623 1038 2686 et
1052 2613 1089 2684 iu
1109 2613 1204 2686 nube
1218 2635 1288 2708 que
1301 2614 1480 2708 refrigerat
1497 2612 1732 2686 misericordie
1747 2611 1883 2685 coneris
1895 2609 2032 2680 virtute

600 2734 735 2826 diviua,
747 2735 919 2830 superatis
928 2737 1148 2808 interioribus
1159 2736 1330 2828 hostibus,
1345 2738 1514 2811 obtinere.
1526 2737 1570 2810 Ut
1581 2735 1646 2810 hec
1658 2739 1693 2808 in
1703 2735 1847 2809 archivo
1859 2729 2031 2805 memoria

601 2859 720 2932 valeas
742 2857 873 2952 jugiter
899 2859 1046 2948 intueri,
1068 2859 1224 2955 quinque
1250 2861 1400 2956 iusignia
1425 2859 1613 2957 imperialis
1638 2859 1855 2935 celsitudinis
1880 2853 2029 2929 culmini

603 2981 769 3078 deputate
792 3004 872 3054 cum
889 3003 1008 3054 eorum
1026 2984 1200 3079 mysteriis
1217 2985 1380 3080 cupimus
1401 2985 1491 3080 stylo
1510 2986 1619 3058 terreo
1642 2985 1679 3055 iu
1702 2982 1817 3058 cordis
1835 2982 1888 3054 tui
1905 2998 2031 3074 ungue

600 3105 824 3182 adamantino
843 3105 1051 3200 depingere,
1074 3106 1172 3202 quod
1190 3108 1284 3180 nulla
1306 3107 1415 3202 possit
1438 3107 1613 3180 oblivione
1636 3106 1756 3181 deleri.
1782 3105 1879 3178 Crux
1895 3103 1958 3176 ubi
1975 3109 2030 3174 cst

600 3231 735 3326 lignum
750 3207 888 3302 homini
908 3237 944 3300 et
958 3229 1079 3301 lancea
1099 3229 1162 3302 ubi
1183 3231 1304 3302 clavus
1318 3233 1393 3324 ejus
1411 3229 1528 3303 existit
1542 3239 1622 3304 ante
1638 3239 1671 3303 tc
1688 3231 1725 3302 iu
1743 3207 2031 3325 processionibus

600 3353 803 3428 solennibus
815 3349 1053 3446 deportantur.
1067 3351 1235 3424 Coronam
1247 3373 1388 3425 amcam
1400 3373 1480 3424 cnm
1494 3353 1671 3448 lapidibus
1683 3351 1851 3448 preciosis
1862 3347 2029 3444 gestasiu

602 3478 729 3574 capite,
743 3483 918 3571 sceptrum
929 3473 965 3544 in
979 3473 1137 3567 dextera,
1148 3495 1290 3569 pomum
1304 3484 1424 3547 teneus
1434 3497 1578 3548 aureum
1589 3475 1624 3546 iu
1637 3475 1792 3564 sinistra3
1805 3483 1846 3545 ut
1858 3495 1950 3546 crux
1963 3471 2030 3544 do·

601 3602 730 3676 minice
743 3597 914 3696 passionis
930 3605 965 3670 et
977 3596 1145 3668 memoria
1158 3595 1369 3667 acerbissimi
1384 3597 1556 3670 cruciatus
1573 3597 1644 3669 sint
1657 3619 1792 3692 semper
1805 3605 1888 3669 ante
1906 3594 2031 3668 oculos
2080 3692 2083 3696 ἡ

602 3727 729 3802 mentis
743 3737 815 3817 tue,
834 3724 871 3796 in
885 3722 1103 3794 contumeliis
1120 3720 1319 3803 verborum,
1334 3720 1370 3792 in
1389 3721 1591 3810 iujuriarum
1604 3724 1810 3818 oppmbriis,
1829 3722 1979 3816 flagellis
1994 3729 2032 3792 et

599 3851 732 3948 plagis,
752 3846 960 3922 laceratione
975 3843 1177 3939 spinarum,
1189 3839 1413 3914 transfixione
1427 3843 1621 3934 clavorum,
1636 3845 1826 3940 prudenter
1841 3843 2031 3917 attendens

602 3977 639 4048 in
656 3985 826 4070 quantum
840 3981 876 4043 te
893 3975 1048 4065 operteat
1061 3965 1210 4038 Domino
1223 3963 1442 4058 respondere.
1459 3966 1627 4038 lanceam
1643 3967 1824 4040 considera
1841 3966 2031 4060 diligenter

603 4103 705 4193 cujus
721 4119 869 4172 acumen
886 4097 977 4168 latos
993 4093 1068 4183 ejus
1087 4087 1276 4186 perforavit
1292 4097 1327 4160 et
1343 4087 1478 4182 aperuit
1498 4088 1629 4183 dequo
1645 4090 1798 4162 Christus
1812 4089 1958 4184 largiter
1972 4109 2029 4162 sa·

603 4229 780 4296 eramenta
792 4229 853 4290 tue
868 4215 989 4288 salutis
1002 4213 1138 4286 effudit.
1155 4213 1223 4283 Ista
1241 4220 1294 4282 est
1311 4218 1409 4304 portu
1422 4219 1569 4302 angusta
1586 4231 1656 4304 que
1672 4221 1706 4282 te
1720 4211 1819 4284 ducit
1834 4211 1882 4284 ad
1897 4211 2027 4297 vitam,

605 4345 652 4418 de
665 4363 736 4436 qua
752 4361 821 4412 non
834 4337 1026 4410 substantia
1039 4334 1165 4424 solida,
1181 4332 1245 4405 sed
1258 4331 1373 4426 liquor
1385 4340 1517 4404 tautum
1531 4332 1654 4424 exivit,
1671 4341 1712 4403 ut
1725 4331 1824 4405 dolor
1841 4342 1971 4406 acutus
1986 4332 2031 4404 sit

604 4468 643 4539 iu
662 4473 697 4535 te
715 4471 749 4534 et
766 4482 850 4534 vere
868 4455 1084 4530 contritionis
1101 4477 1249 4528 acumen
1268 4453 1364 4549 quod
1386 4463 1439 4525 est
1460 4453 1568 4527 clavis
1586 4475 1658 4548 que
1676 4454 1740 4526 tihi
1759 4465 1896 4550 portam
1917 4453 2031 4552 aperit

603 4584 783 4688 paradysi,
796 4601 904 4677 quam
916 4599 987 4651 non
996 4587 1107 4672 potest
1117 4577 1245 4650 intrare
1256 4575 1406 4648 solidum
1417 4573 1549 4666 aliquid
1560 4597 1624 4648 nec
1637 4575 1752 4648 anima
1766 4575 1951 4670 indurata,
1966 4577 2030 4652 sed

602 4711 788 4807 liquefacta
801 4705 839 4776 in
855 4703 996 4775 fornace
1010 4699 1138 4772 amoris
1153 4707 1189 4772 ct
1206 4699 1243 4769 in
1259 4695 1394 4768 camino
1412 4694 1545 4768 fervido
1558 4695 1746 4769 charitatis.
1760 4697 1896 4772 Cornua
1909 4711 2029 4774 autem
