4710 6076
376 638 476 700 luntur.
496 633 555 717 Ιῖι]
816 628 1012 692 fltsrotttll
1036 626 1327 689 olrnoltsulctt.

431 1254 616 1339 Honricus
631 1255 894 1338 Romanorum
908 1254 1129 1338 resciribus
1142 1254 1443 1340 virdunensibus
1457 1253 1530 1340 sub
1542 1280 1656 1365 poena
1669 1256 1786 1340 banni
1817 1257 1976 1364 «4¹2,

377 1389 536 1472 mandat
552 1397 597 1473 ut
622 1387 862 1500 priuilegium
890 1388 1086 1498 quoddam
1112 1385 1240 1470 abeis
1269 1387 1500 1498 Aquisgrani
1527 1389 1724 1474 obtentum
1743 1420 1789 1476 ex

377 1521 498 1604 nimia
514 1520 850 1630 praeoccupatione
867 1545 956 1626 sua,
974 1543 1064 1603 cum
1082 1520 1131 1602 sit
1149 1519 1286 1604 honori
1303 1521 1451 1630 imperii
1466 1529 1504 1605 et
1516 1521 1668 1632 juribus
1685 1525 1789 1635 epis-

378 1655 463 1764 copi
476 1652 725 1737 virdunensis
740 1653 897 1737 omnino
910 1653 1159 1758 eunomium,
1175 1653 1457 1762 archiepiscopo
1466 1653 1684 1739 Treverensi
1698 1667 1789 1739 tan-

378 1811 497 1896 quam
505 1807 659 1870 cassum
667 1795 705 1869 et
716 1786 831 1869 inane
842 1785 1090 1869 incontinenti
1103 1785 1312 1892 remittant,
1323 1795 1361 1868 et
1372 1785 1496 1869 eidem
1509 1788 1788 1902 archiepiscopo

378 1917 426 2001 de
439 1919 610 2029 ipsoram
626 1919 866 2003 contumacia
883 1919 1114 2029 condignam
1132 1919 1334 2002 emendam
1351 1919 1505 2003 iaciant.

1835 1365 1960 1420 ”wb-

460 2158 578 2242 (Edldlt
591 2163 786 2239 Sunmoorr,
796 2151 1007 2244 Noluit-diue
1018 2157 1175 2224 debendae
1176 2159 1236 2242 sttr
1248 2159 1295 2222 dte
1308 2163 1405 2222 Deru.
1420 2159 1531 2237 curt„
1541 2169 1611 2226 erst.
1625 2165 1683 2226 Th.
1696 2183 1724 2244 p.
1739 2175 1788 2240 so,

496 2277 531 2328 n·
546 2269 668 2346 nuru,
682 2285 720 2330 ox
733 2267 899 2331 mame.
913 2269 1098 2348 meacm
1111 2268 1308 2332 nutritum
1320 2269 1362 2344 11,
1380 2279 1416 2330 10
1430 2269 1515 2347 apro.
1533 2270 1639 2346 less.)

428 2481 597 2554 Esuriens
615 2481 676 2554 Dei
691 2480 802 2576 gratie
817 2481 1048 2556 Romanorum
1063 2501 1129 2553 rex
1146 2489 1181 2553 et
1200 2501 1336 2576 sempor
1353 2488 1541 2574 augustos,
1560 2481 1696 2556 civibus
1715 2485 1790 2556 Vir·

379 2602 595 2678 dunensibus
619 2605 764 2698 gratiam
791 2625 899 2700 quam
924 2614 1135 2678 mernerunt.
1165 2603 1250 2675 Cum
1280 2625 1344 2678 nos
1375 2603 1677 2700 discordiamque
1702 2607 1790 2680 inter

378 2725 516 2802 fidelem
537 2728 728 2825 principem
745 2727 929 2828 [nostrum]
946 2735 1100 2802 restrum
1115 2728 1262 2800 electum
1277 2736 1312 2800 et
1330 2727 1493 2800 ecclesias
1505 2727 1740 2821 virdunenses
1755 2741 1789 2803 et

378 2873 443 2926 vos
455 2860 529 2926 erut
543 2852 698 2944 suborta,
716 2851 763 2926 ds
774 2853 954 2926 clementia
969 2851 1064 2946 regia
1077 2851 1264 2943 majestatis
1275 2852 1444 2924 vellemus
1455 2849 1599 2946 pacifice
1614 2854 1789 2926 terminari

378 2983 413 3050 et
431 2975 477 3050 ad
498 2976 564 3050 hoc
581 2976 779 3051 laciendum
798 2975 1014 3050 carissimum
1031 2985 1067 3049 at
1083 2975 1219 3050 lidelem
1241 2976 1475 3050 consiliarium
1489 2986 1645 3050 nostrum
1662 2979 1789 3052 Treve-

379 3120 513 3174 rsnsem
535 3101 832 3198 archiepiscopum
849 3101 1170 3197 metropolitanum,
1186 3100 1248 3196 qui
1263 3109 1389 3174 statum
1407 3109 1496 3174 terre
1520 3110 1634 3175 vestre
1652 3103 1787 3198 plenius

379 3224 553 3319 cognovit,
564 3225 789 3321 personaliter
797 3225 898 3298 vobis
906 3225 1187 3316 destinassemus,
1198 3223 1322 3298 dantes
1333 3225 1433 3299 vobis
1442 3246 1504 3320 per
1517 3225 1645 3298 litteras
1655 3236 1787 3300 nostras

379 3347 416 3420 in
434 3348 606 3424 mandatis
625 3357 666 3422 ut
685 3349 718 3422 ei
741 3359 904 3444 unquam
925 3349 1025 3422 nobis
1044 3348 1231 3422 obediretis
1246 3359 1281 3422 et
1301 3347 1346 3422 de
1364 3349 1505 3422 consilio
1523 3359 1641 3422 sucat
1659 3352 1788 3422 volun-

380 3478 449 3544 tate
466 3473 626 3566 querelas
640 3473 869 3546 terminaretis
880 3493 969 3567 quas
985 3471 1165 3546 habebatis
1180 3493 1262 3568 erga
1275 3471 1456 3546 dominnm
1470 3473 1618 3545 electum
1635 3482 1789 3546 vestrum

380 3596 589 3669 eteoclesias
602 3595 851 3684 Virdunenscs,
868 3597 1032 3690 majorem
1046 3595 1188 3687 scilicet,
1207 3596 1322 3668 Sancti
1333 3596 1449 3677 Vitari
1458 3605 1495 3670 et
1508 3596 1622 3670 Sancti
1635 3595 1785 3690 ilgerio,

380 3737 485 3813 anper
505 3719 716 3814 quibusdam
740 3720 889 3813 justiciis
911 3733 947 3794 et
964 3720 1181 3796 libertatibus
1203 3719 1405 3794 earumdem
1427 3721 1559 3794 eisdem
1578 3721 1731 3794 ecclesiis
1753 3731 1790 3794 et

380 3862 499 3916 earnm
514 3843 652 3918 familiis
661 3842 871 3938 iamdudum
890 3866 912 3918 a
927 3843 1228 3940 predecessoribus
1246 3844 1369 3916 nostris
1384 3843 1515 3917 collatis
1528 3853 1595 3918 eta
1612 3845 1712 3917 nobis
1729 3867 1789 3940 per

379 3966 584 4039 sententiam
599 3969 795 4066 principum
819 3977 1012 4042 nostrorum
1031 3968 1067 4040 in
1086 3968 1231 4042 solemni
1252 3967 1351 4042 curia
1369 3967 1578 4063 Aquisgrani
1598 3989 1709 4064 nuper
1727 3969 1788 4041 ha·

380 4087 453 4163 bila
464 4088 675 4164 confirmatis
684 4101 719 4166 et
732 4091 922 4183 innovatis;
934 4113 1012 4184 vos,
1025 4091 1122 4186 qnod
1130 4112 1238 4183 grave
1249 4092 1403 4184 ferimus,
1417 4091 1511 4166 dioto
1518 4091 1665 4188 principi
1675 4102 1790 4166 nostro

381 4233 446 4288 nec
464 4213 617 4290 debitam
632 4217 860 4290 reverentiam
878 4215 1045 4290 exhibere
1061 4237 1126 4288 nec
1139 4215 1176 4288 in
1195 4216 1311 4310 aliquo
1327 4215 1484 4290 voluistis
1502 4217 1662 4305 obedire,
1679 4217 1789 4310 qnod·

380 4337 463 4412 dam
487 4339 708 4434 privilegium
730 4339 937 4435 Aqnisgrani
956 4340 1178 4413 obtentnma
1206 4340 1306 4414 vobis
1331 4340 1367 4410 in
1394 4339 1518 4412 erroris
1540 4340 1644 4412 rostri
1667 4341 1791 4414 delen-

379 4458 512 4533 sionem
526 4461 730 4536 exhibentes
742 4483 858 4536 coram
874 4463 961 4559 ipso,
980 4483 1042 4558 per
1053 4463 1149 4557 quod
1157 4464 1237 4556 jura
1249 4463 1398 4536 civitatis
1415 4463 1545 4536 adicto
1555 4463 1662 4536 electo
1675 4474 1790 4536 vestro

380 4591 417 4656 ct
430 4583 732 4679 predecessoribus
743 4586 819 4692 suis
831 4584 1041 4680 jamdudum
1059 4607 1218 4682 possessa
1237 4587 1338 4660 vobis
1356 4587 1587 4662 ostendebatis
1606 4587 1740 4662 indulta
1757 4599 1792 4660 et

380 4705 494 4780 sidem
513 4709 621 4783 electo
638 4709 786 4808 principi
806 4718 935 4803 nosco,
955 4709 1051 4806 quod
1074 4711 1270 4785 nullutenus
1287 4710 1515 4802 intendimus,
1539 4710 1709 4786 diminuta
1727 4733 1793 4808 pe-
