4702 6110
551 625 612 688 reo
1082 625 1253 690 uuunrcr
1276 628 1443 690 sarrnrr
1781 625 1861 710 [aas.
1882 625 1966 688 reeo.

603 759 785 834 Heinricus
798 763 966 858 septimus
984 761 1103 836 divino
1118 764 1256 838 lavante
1268 763 1449 838 clementia
1462 763 1693 836 Romanorum
1707 783 1771 834 rex
1784 773 1820 836 et
1834 783 1969 858 semper

554 893 726 977 augustus
740 885 912 960 universis
927 887 1063 982 imperii
1082 885 1244 962 fidelibus
1265 889 1534 984 inperpetuum.
1550 886 1604 957 Ex
1622 885 1738 958 innata
1760 885 1860 958 nobie
1874 885 1968 980 regia
1987 889 1992 898 ’

556 1007 769 1101 benignitate
795 1019 830 1082 et
857 1011 1006 1106 provida
1029 1009 1237 1086 discretione
1260 1021 1509 1086 nostrorumst
1531 1009 1668 1106 imperii
1692 1007 1846 1082 fidelium
1867 1009 1970 1102 justis

558 1131 782 1228 petitionibus
797 1135 1022 1209 favorabilem
1035 1137 1193 1210 auditum
1213 1137 1356 1234 prebere
1373 1145 1543 1226 tenemur,
1564 1144 1612 1226 ct,
1628 1134 1658 1206 si
1673 1134 1797 1207 rationi
1812 1157 1854 1207 ac
1870 1134 1970 1228 equi·

557 1257 618 1328 toti
636 1259 892 1350 consueuerint,
910 1281 1005 1332 more
1017 1260 1178 1333 divorum
1191 1261 1448 1358 progenitorum
1463 1269 1657 1332 nostrorum
1674 1259 1773 1332 solita
1790 1257 1969 1332 clementia

557 1379 738 1456 admittere
756 1381 937 1456 debemus.
958 1384 1174 1480 Quapropter
1197 1407 1243 1458 ex
1266 1385 1498 1458 insinuatione
1515 1383 1726 1479 presentium
1746 1383 1793 1456 ad
1815 1381 1969 1456 norirtnn

557 1503 797 1578 universorum
816 1508 978 1604 cupimus
996 1507 1178 1603 pervenire
1195 1509 1292 1605 quod
1308 1509 1430 1582 fideles
1445 1509 1552 1582 nosti
1573 1507 1668 1580 circs
1684 1507 1730 1580 de
1744 1507 1970 1599 Noviomagio

557 1626 604 1702 ad
625 1637 775 1702 nostram
801 1630 1005 1706 accedentes
1028 1632 1235 1726 presentiam
1253 1653 1274 1704 a
1293 1632 1394 1705 nobis
1417 1631 1593 1705 humiliter
1615 1631 1854 1726 supplicarunt
1874 1629 1970 1725 quod

557 1751 637 1826 talio
655 1753 736 1845 jora
755 1763 790 1827 et
804 1756 978 1830 libertates
1001 1757 1298 1851 quemadmodum
1313 1755 1573 1850 Aquisgranum
1590 1777 1631 1828 ac
1650 1755 1719 1828 alie
1742 1763 1858 1826 nostre
1883 1755 1970 1826 civi·

558 1885 644 1950 tates
665 1887 700 1950 et
721 1879 854 1976 imperii
878 1903 899 1954 a
926 1881 1205 1976 progenitoribus
1230 1881 1355 1954 nostris
1378 1880 1520 1970 regibus
1543 1889 1578 1952 et
1603 1879 1867 1975 imperatoribus
1889 1889 1971 1950 sunt

558 2001 794 2096 privilegiata,
812 2005 896 2100 ipsis
919 2013 953 2078 et
975 2005 1105 2078 civitati
1127 2027 1247 2078 eornm
1273 2004 1452 2100 indulgere
1475 2013 1510 2077 et
1526 2003 1715 2076 concedere
1732 2002 1967 2097 dignaremur,

558 2125 762 2202 affirmando
777 2138 967 2202 asserentes
981 2129 1111 2202 exinde
1125 2129 1227 2202 nobis
1244 2139 1280 2202 et
1299 2130 1443 2226 imperio
1463 2127 1644 2200 utilitatem
1662 2136 1698 2198 et
1716 2127 1881 2200 bonorem
1900 2147 1969 2199 non

559 2250 735 2326 modicum
753 2255 985 2348 prolaturum.
1003 2255 1072 2326 Nos
1088 2275 1172 2328 vero
1185 2253 1374 2327 deliberato
1386 2253 1530 2327 consilio
1543 2259 1737 2324 nostrorum
1750 2249 1969 2322 familiarium

559 2395 678 2447 eorum
699 2375 920 2470 petitionibus
933 2375 1101 2450 duximus
1120 2378 1359 2468 annuendum,
1376 2376 1577 2450 auctoritate
1592 2375 1687 2466 regia
1701 2373 1819 2446 omnia
1835 2375 1916 2466 jura
1936 2379 1971 2444 et

561 2499 753 2590 libertates,
772 2509 807 2574 et
830 2509 870 2574 ut
895 2501 1029 2596 absque
1051 2503 1205 2596 quelth
1233 2502 1416 2575 exactione
1441 2499 1605 2574 theolonii
1630 2499 1737 2572 bbere
1765 2520 1845 2571 cum
1870 2496 1970 2570 bonis

558 2645 678 2696 eorum
695 2625 770 2697 sive
784 2647 846 2721 per
866 2635 991 2700 terram
1009 2625 1085 2699 sive
1103 2648 1165 2722 per
1180 2649 1306 2721 aquarn
1321 2634 1496 2700 transeant
1514 2647 1576 2720 per
1594 2633 1704 2698 toturn
1722 2645 1869 2718 mgnum
1890 2643 1972 2694 nos-

559 2754 650 2818 trum
660 2749 846 2842 prenotatis
858 2749 996 2822 civibus
1010 2757 1176 2844 perpetuo
1189 2749 1417 2823 concedentes
1428 2759 1463 2822 et
1476 2748 1709 2843 indulgentes,
1722 2748 1858 2842 plenam
1867 2745 1970 2818 etiam

560 2871 644 2966 ipsis
665 2873 809 2966 gratiam
828 2873 991 2946 iacientes
1008 2884 1046 2946 ut
1065 2895 1292 2970 quoscunque
1313 2875 1350 2946 iu
1369 2874 1531 2948 concives
1550 2873 1716 2968 recipiant
1733 2871 1794 2966 qui
1813 2869 1859 2944 ad
1878 2871 1969 2966 ipso-

560 3017 638 3068 rum
657 2996 831 3070 civitatem
853 3020 891 3072 so
915 2997 1081 3071 duxerint
1098 2999 1364 3074 transferendos.
1385 2997 1534 3072 Proinde
1555 3007 1609 3070 est
1632 2995 1729 3092 quod
1746 2995 1813 3068 sub
1827 2996 1970 3068 obtentu

560 3133 675 3195 nostre
698 3121 808 3216 gratie
835 3121 1029 3196 firmissime
1055 3123 1277 3220 precipiendo
1306 3123 1513 3196 mandamus
1536 3131 1710 3218 quatenus
1733 3121 1849 3192 nullus
1881 3141 1969 3192 ausu

562 3245 688 3319 ductus
704 3246 885 3319 temerario
904 3258 1109 3320 memoratos
1123 3257 1258 3320 nostros
1279 3247 1374 3320 cives
1389 3245 1434 3319 de
1455 3245 1683 3338 Noviomagio
1699 3246 1756 3318 vel
1772 3241 1907 3336 eosqui
1924 3243 1970 3315 ad

561 3371 654 3466 ipsos
668 3393 707 3443 ec
727 3371 962 3443 transtulerint
983 3393 1078 3444 more
1100 3372 1232 3444 civium
1250 3393 1395 3471 gravare
1407 3372 1463 3444 vel
1478 3371 1658 3443 molestare
1672 3369 1728 3442 vel
1747 3367 1853 3439 ullam
1866 3387 1971 3438 exac-

560 3495 689 3568 tionem
702 3495 748 3567 ab
759 3495 843 3591 ipsis
858 3495 999 3589 exigere
1015 3506 1208 3591 presumat3
1223 3493 1318 3589 quod
1328 3495 1390 3589 qui
1406 3491 1633 3566 attemtaverit
1650 3513 1792 3585 gravem
1806 3489 1969 3562 offensam

561 3629 676 3694 nostre
690 3619 905 3694 celsitudinis
921 3641 959 3694 se
975 3621 1108 3693 noverit
1121 3621 1319 3692 incurrisse.
1332 3619 1389 3694 Ad
1405 3619 1568 3712 majorem
1580 3618 1696 3712 itaque
1708 3613 1919 3688 evidentiam
1937 3623 1970 3684 et

561 3745 801 3818 certitudinem
814 3745 979 3840 premisse
993 3755 1106 3817 nostre
1121 3745 1315 3818 donationis
1329 3753 1522 3842 presentem
1535 3743 1697 3840 paginam
1711 3739 1815 3814 scribi
1828 3737 1970 3811 lecimus

561 3877 595 3941 et
615 3870 801 3964 prenotatis
819 3868 955 3940 civibus
971 3869 1170 3964 presentari.

609 3995 725 4066 Testes
746 3993 808 4087 qui
830 3993 1058 4066 interfuerunt
1082 3993 1131 4064 hii
1154 4004 1236 4066 sunt
1253 3991 1461 4066 venerabilis
1481 3991 1591 4064 abbas
1614 3987 1729 4062 Sancti
1754 3985 1859 4076 Gelli,
1885 3985 1972 4057 Con·

559 4116 667 4191 radus
685 4117 730 4191 de
747 4117 957 4208 Hchcnloch,
973 4116 1195 4190 Everhardus
1214 4118 1348 4212 dapiler
1363 4117 1409 4190 de
1421 4115 1597 4210 Walpurc,
1614 4110 1792 4186 Conradue
1809 4109 1972 4206 pincerna

561 4241 607 4315 de
627 4235 899 4338 Win[ter]stete,
924 4239 1135 4314 Ludowicus
1156 4241 1201 4312 de
1220 4239 1412 4336 Sobippha,
1433 4239 1554 4311 tratres
1570 4236 1616 4311 de
1636 4233 1860 4325 Grindelabe,
1886 4232 1972 4306 Con·

561 4365 669 4439 radus
691 4365 736 4438 de
753 4363 986 4454 Smalnecche,
1013 4365 1197 4456 Walterus,
1217 4365 1352 4438 Ulricus
1374 4373 1408 4437 et
1423 4363 1601 4459 Lupoldus
1625 4360 1772 4452 notarii,
1794 4357 1971 4432 Couradus

563 4489 770 4564 camerarius
785 4497 820 4560 et
835 4487 894 4560 alii
911 4487 1147 4584 quamplures.

610 4615 734 4690 Datum
758 4613 854 4712 apud
878 4612 1100 4704 wizenburc,
1131 4635 1223 4687 auno
1242 4611 1412 4688 dominice
1435 4609 1747 4686 incarnationis'bl.
1770 4605 1834 4678 CC.
1855 4601 1967 4692 XXX,

561 4739 673 4836 pridie
691 4739 857 4813 kalendas
873 4739 1096 4834 septembris,
1117 4738 1305 4812 indictione
1323 4738 1433 4810 tertia.
