4710 6076
363 576 461 678 rere.
481 615 522 694 1.]
594 653 601 666 .
816 611 1014 674 nrsronra
1040 614 1329 680 ornnonnrrca
1714 613 1770 676 rer

364 750 491 824 marios
505 750 605 822 lineat
625 745 847 842 extorquere,
866 755 928 820 eut
948 747 996 820 ad
1018 751 1264 824 conferendum
1285 730 1345 823 eos
1362 749 1509 842 alicuius
1526 723 1657 854 ingenii
1678 769 1774 820 scru-

364 875 449 972 pulo
473 883 648 965 coartare;
678 871 884 946 mandantes
905 880 940 943 et
959 871 1025 944 sub
1050 873 1327 948 interminatione
1348 875 1458 966 gratie
1481 883 1595 978 nostre
1622 870 1774 945 districte

365 997 595 1094 precipientes
612 1006 652 1069 nt
670 996 787 1067 nulius
802 995 847 1068 sit
860 997 923 1092 qui
943 1018 1031 1068 aneu
1049 996 1176 1070 ductus
1196 998 1376 1072 temerario
1395 999 1486 1070 hanc
1503 1005 1653 1071 nostram
1671 995 1774 1068 liber·

367 1126 472 1191 tatem
490 1119 582 1192 dicte
602 1117 746 1192 ecclesie
765 1119 889 1190 raram
913 1118 1100 1213 infringere
1120 1121 1248 1194 audeat
1266 1121 1323 1194 vel
1345 1120 1462 1215 dique
1481 1120 1621 1214 ingenio
1641 1127 1776 1213 pertur-

367 1239 465 1314 bere.
484 1243 651 1314 Volumus
673 1241 767 1313 enim
787 1243 833 1313 ab
855 1241 940 1336 ipsis
955 1244 1178 1336 perennaliter
1199 1245 1341 1337 exigere
1360 1243 1462 1336 juxta
1479 1251 1594 1314 nostre
1608 1241 1776 1336 benepla-

370 1363 476 1436 citum
503 1363 702 1437 voluntatis.
730 1363 786 1438 Ad
815 1366 916 1456 cujus
949 1365 1029 1436 iacti
1057 1364 1165 1436 nostri
1193 1364 1299 1438 robur
1322 1365 1360 1437 in
1383 1373 1556 1460 posterum
1588 1363 1774 1436 valiturum

368 1505 513 1582 presens
528 1485 579 1558 eis
593 1485 814 1581 privilegium
830 1486 1038 1560 indulsimus
1055 1495 1171 1560 nostro
1192 1488 1326 1583 tppnrio
1342 1487 1557 1582 insignitum.

418 1608 543 1680 Datum
560 1607 655 1702 apud
670 1609 867 1702 Enelingen,
881 1631 972 1682 anuo
983 1611 1157 1684 dominice
1170 1610 1412 1684 incarnationis
1423 1608 1659 1698 MCCXXVlll‚
1672 1607 1776 1680 Xlra·

370 1729 493 1806 landas
509 1731 727 1824 septembris,
744 1729 933 1806 indictione
949 1734 976 1804 l.

426 2367 612 2454 Henricus
638 2371 898 2476 Romanorum
924 2399 1006 2482 rex,
1023 2375 1181 2460 consilio
1207 2375 1421 2486 principum
1447 2400 1613 2485 quorum
1632 2373 1698 2486 jus
1721 2385 1779 2458 est

374 2501 635 2588 llomanomm
648 2529 777 2616 regem
795 2506 949 2615 eligere,
964 2506 1189 2591 confirmat
1173 2534 1277 2618 jura,
1296 2507 1438 2618 gratias
1451 2517 1489 2590 et
1500 2507 1690 2590 libertates
1708 2533 1779 2592 no·

375 2631 511 2718 billum
534 2645 723 2720 terrarum
738 2637 914 2722 lustriae
928 2649 966 2722 ei
980 2638 1141 2752 Styriee,
1157 2640 1254 2722 sicut
1271 2639 1321 2722 nb
1337 2637 1503 2748 antiquis
1520 2638 1779 2723 Romanorum

375 2746 667 2877 imperatoribus
696 2778 734 2852 et
763 2769 917 2880 regibus
950 2797 1073 2880 usque
1104 2772 1154 2854 ed
1185 2796 1226 2853 se
1252 2770 1502 2874 deveuemnt3
1535 2770 1781 2879 conceditque

377 2897 568 3009 leupoldo
592 2901 679 2984 duci
707 2910 746 2985 et
771 2900 1110 2986 successoribus
1076 2928 1160 3012 ejus
1186 2911 1231 2985 ut
1256 2902 1385 2986 omnia
1411 2925 1640 3011 quocunque
1665 2903 1780 2987 modo

376 3031 470 3140 ipsis
486 3031 667 3117 collate
638 3059 719 3116 erne
732 3034 1002 3144 impedimento
1019 3033 1202 3145 recipiant
1223 3035 1293 3118 et
1282 3061 1323 3117 rn
1341 3035 1512 3144 ipsorum
1526 3033 1626 3143 pileo
1643 3034 1781 3204 regulis

377 3188 539 3250 coronae
543 3165 731 3250 diadema
749 3165 968 3250 solemniter
982 3165 1081 3250 ierne
1095 3167 1255 3276 possint.

461 3427 594 3506 (lididar.
609 3431 727 3506 Lnnre,
742 3429 953 3508 ammento,
972 3437 998 3494 t.
1018 3431 1094 3506 vn,
1108 3448 1140 3510 p.
1157 3440 1188 3492 e.
1202 3463 1243 3476 -·
1256 3430 1457 3504 smmum,
1475 3429 1567 3492 Orrtr.
1586 3427 1781 3506 seuerae,

497 3541 522 3595 t.
539 3535 566 3606 1,
577 3553 609 3613 p.
626 3545 701 3612 1473
716 3537 784 3599 coll.
799 3555 868 3599 cum
881 3539 946 3600 cod.
963 3535 1131 3618 strapas.
1149 3544 1206 3598 1111
1220 3534 1315 3615 (nunc
1328 3534 1437 3614 9078),
1451 3535 1504 3596 iol.
1518 3543 1556 3596 29
1570 3545 1621 3608 ν’,
1637 3543 1675 3595 to
1688 3544 1737 3614 ν’,
1750 3537 1783 3598 in

498 3639 634 3704 biblioth.
649 3643 759 3720 imper.
772 3643 899 3706 Vindolu
916 3643 1082 3704 Exhibetur
1098 3659 1219 3721 quoqne
1230 3659 1280 3720 ap.
1298 3639 1427 3704 comate.
1446 3639 1588 3716 Gottwic„
1603 3641 1633 3719 1,
1650 3649 1722 3714 eto,
1737 3641 1785 3704 inc

499 3725 596 3808 cimile
609 3747 724 3809 dimidii
739 3749 907 3810 documenti
920 3765 988 3810 cum
1000 3749 1096 3828 ligura
1109 3749 1208 3826 sigilli.
1218 3747 1433 3809 Formnantem
1445 3749 1605 3824 scripturae
1617 3748 1649 3807 in
1660 3746 1716 3806 boc
1728 3745 1784 3807 ilc·

499 3851 567 3912 titio
586 3853 723 3932 originali
739 3857 860 3914 minime
882 3855 999 3916 soeculo
1014 3855 1129 3916 decimo
1145 3855 1233 3915 tertio
1253 3856 1367 3914 ineunti
1386 3853 1535 3914 converit.
1556 3851 1646 3912 Plura
1666 3853 1785 3929 insuper

500 3955 609 4018 abunt
621 3959 654 4018 in
666 3959 857 4018 mouumenti
870 3959 1036 4020 mdncdone
1047 3959 1127 4020 unde
1138 3974 1247 4037 magna
1259 3959 1297 4019 de
1310 3961 1375 4037 ejus
1386 3959 1550 4018 dneenute
1563 3957 1691 4034 suspicio
1702 3959 1785 4018 oria-

499 4066 551 4124 rur
565 4080 574 4123 =
589 4063 670 4142 quod
681 4064 770 4124 etiam
788 4063 969 4126 Boehmerus
984 4065 1145 4143 privilegiis
1157 4065 1320 4126 ineunda
1332 4079 1404 4125 ann.
1423 4057 1500 4124 18'69
1514 4061 1570 4123 rub
1582 4061 1786 4140 liahsbnrgica

501 4166 590 4228 ᾶοωο
609 4167 759 4228 {obrimus
779 4169 940 4244 mimilat,
960 4185 1029 4231 enm
1051 4171 1266 4232 errimndvertat
1282 4170 1461 4230 mundonem
1479 4167 1656 4246 peculiarem
1673 4169 1783 4246 princi-

501 4289 574 4354 pum
586 4275 757 4342 esctonnn,
773 4280 903 4352 tempore
915 4291 976 4352 qno
985 4277 1037 4352 tus
1050 4275 1177 4352 eligendi
1190 4273 1229 4335 ad
1240 4289 1344 4334 omnes
1358 4273 1455 4334 adlrnc
1466 4273 1612 4350 principes
1623 4272 1785 4350 epactam,

501 4385 533 4440 at
549 4379 732 4440 colladonam
746 4381 892 4458 privilegii
908 4397 968 4441 non
982 4381 1102 4441 domiuo
1119 4387 1263 4441 terrarum
1275 4379 1328 4440 red
1340 4380 1426 4440 terris
1437 4379 1510 4455 ipsis
1521 4376 1648 4447 betam.
1663 4379 1785 4437 omnino

502 4485 542 4548 nb
554 4488 663 4548 muta
678 4485 774 4547 forma
786 4485 943 4548 abliorrere
959 4485 1021 4560 ((11.
1036 4485 1148 4568 licoat.
1163 4485 1287 4566 imper„
1300 4502 1334 4578 p.
1350 4493 1424 4558 rer,
1439 4493 1473 4545 n·
1491 4482 1571 4562 tes.)
1586 4483 1711 4544 Nomina
1724 4499 1784 4544 nu-

504 4597 566 4654 tem
582 4593 702 4654 testium
721 4609 789 4654 cum
809 4595 890 4655 notis
909 4593 1121 4672 chronologicis
1139 4595 1227 4672 plane
1247 4595 1334 4654 rectis
1350 4607 1389 4654 ex
1409 4589 1539 4670 quodam
1557 4591 1710 4668 privilegio
1729 4605 1785 4650 au-

506 4695 636 4762 ibe'ntlco
649 4699 802 4778 dempta
813 4697 905 4762 iniere
918 4698 1079 4780 vtumtur.)
