4642 6106
371 661 529 739 lvntcr.3.]
816 657 1013 719 HISTORIA
1038 655 1333 718 oratottautcvt.
1729 653 1785 716 189

372 797 505 890 pimus,
518 791 760 866 confirmantes
775 791 890 864 eidem
903 791 1047 864 ecclesio
1061 791 1283 887 privilegium
1300 789 1431 884 quoda
1449 786 1788 883 magnificentissimo

372 928 470 1014 patre
481 927 598 990 nostro
612 937 675 1012 pro
686 916 779 988 bono
794 925 885 988 statu
894 925 928 987 et
941 915 1098 988 libertate
1109 916 1254 988 ecclesie
1263 912 1499 988 conservanda
1511 911 1575 1007 ipsi
1586 932 1786 983 concessum

372 1064 448 1116 esse
463 1041 679 1135 dignoscitur
692 1039 924 1131 etindultum,
942 1041 1032 1112 siout
1044 1041 1080 1112 in
1091 1041 1263 1114 autentico
1277 1041 1388 1136 ipsius
1403 1037 1620 1112 dominicalis
1635 1037 1786 1132 [pagine]

372 1167 554 1248 manifeste
571 1165 741 1259 reperitur
754 1173 934 1238 exaratum
947 1174 1041 1238 etex
1057 1165 1222 1262 rescripto
1240 1165 1333 1238 dicte
1349 1164 1566 1237 dominicalis
1580 1163 1707 1257 pagine
1721 1183 1788 1234 no-

373 1289 429 1360 bis
443 1297 496 1360 est
514 1287 739 1361 declaratum.
759 1287 948 1359 statuimus
963 1297 1078 1361 autem
1098 1290 1292 1384 specialiter
1309 1300 1343 1362 et
1361 1288 1530 1384 imperiali
1545 1287 1658 1360 edicto
1676 1287 1788 1358 sanci·

373 1434 468 1503 mus,
483 1411 678 1484 secundum
694 1411 870 1505 antiquam
885 1419 921 1484 et
938 1413 1147 1507 primitivam
1163 1415 1257 1486 illius
1270 1413 1336 1487 loci
1356 1415 1545 1486 libertatem
1558 1413 1604 1484 ab
1619 1413 1694 1508 ipso
1709 1413 1787 1482 lun·

373 1535 493 1608 datore
512 1536 669 1608 collatam
692 1544 726 1607 ot
742 1535 933 1630 privilegiis
947 1535 1196 1610 venerabilium
1211 1537 1546 1633 archiepiscoporum
1562 1535 1736 1608 Chauradi
1754 1545 1788 1607 et

372 1659 562 1732 Eberhardi
581 1659 839 1754 Salzpurgensis
856 1660 999 1734 ecclesie
1015 1659 1181 1755 adquam
1200 1670 1399 1756 patronatus
1415 1661 1583 1756 pretaxati
1601 1660 1667 1731 loci
1685 1659 1787 1755 perti·

372 1791 429 1854 net
447 1783 654 1872 roboratam,
672 1793 711 1854 ut
728 1785 845 1856 nullus
858 1784 1015 1875 ejusdem
1030 1786 1096 1858 loci
1108 1786 1152 1858 sit
1166 1786 1357 1858 advocatus
1371 1785 1435 1856 nisi
1447 1783 1646 1880 principalis
1661 1793 1786 1857 metro-

372 1905 460 2000 polis
475 1907 735 2002 Salzpurgensis
752 1907 961 1998 advocatus,
982 1910 1043 2004 qui
1061 1909 1106 1982 de
1122 1909 1290 1983 beneficio
1307 1909 1507 2006 principalis
1522 1909 1703 1982 advocatie
1720 1909 1785 1980 sibi

371 2031 494 2103 collato
510 2031 704 2125 predictum
720 2013 902 2104 cenobium
918 2034 993 2106 sine
1009 2035 1103 2106 omni
1120 2035 1320 2128 gravamine
1338 2033 1501 2107 defendat
1516 2044 1551 2107 et
1568 2035 1664 2105 nullo
1683 2033 1786 2106 modo

371 2155 648 2229 subadvocatum
662 2160 742 2249 jure
763 2157 957 2230 beneficiali
979 2158 1028 2230 ibi
1053 2160 1262 2233 constituere
1285 2154 1486 2256 potestatem
1511 2159 1648 2231 habeat.
1666 2159 1786 2230 Nullus

370 2299 511 2372 quoque
526 2279 611 2350 alter
628 2279 756 2352 audeat
772 2301 969 2375 presumere
985 2281 1185 2356 exactiones
1198 2283 1253 2355 vel
1272 2283 1473 2377 gravamina
1494 2283 1656 2354 iratribus
1675 2283 1786 2354 nomi-

370 2402 442 2474 nati
459 2401 525 2475 looi
543 2404 598 2475 vel
617 2404 906 2477 ministratoribus
923 2413 984 2477 aut
999 2407 1131 2479 colonis
1144 2427 1264 2480 eorum
1283 2409 1578 2504 superimponere.
1595 2405 1787 2500 Adjioimns

370 2525 416 2598 ad
432 2525 497 2599 lucc
512 2535 547 2598 et
561 2525 715 2600 districte
736 2529 947 2625 precipimus
962 2540 1002 2600 ut
1020 2532 1115 2605 nulla
1131 2533 1271 2605 omnino
1286 2554 1448 2628 persona,
1465 2533 1534 2605 alta
1554 2533 1610 2604 vel
1624 2532 1784 2621 humilis,

370 2648 667 2722 ecclesiasticavel
678 2653 859 2744 secularis,
877 2653 960 2724 huic
971 2663 1086 2726 nostre
1099 2655 1304 2730 institutioni
1322 2657 1465 2730 obviare
1478 2665 1671 2752 presumat3
1691 2657 1787 2750 quod

372 2771 433 2864 qui
449 2771 562 2846 lacere
576 2776 831 2870 attemptaverit
857 2778 1038 2872 sexaginta
1055 2779 1159 2851 libras
1178 2781 1252 2852 auri
1271 2781 1305 2850 in
1324 2781 1490 2852 ultionem
1509 2781 1708 2853 temeritatis
1726 2802 1789 2852 sue

373 2905 573 2988 componat,
593 2919 742 2991 quarum
765 2899 932 2973 medietas
951 2909 1086 2976 camere
1099 2913 1233 2988 nostre,
1252 2905 1385 2999 reliqua
1402 2905 1612 3000 patientibus
1627 2905 1788 2996 injuriam

374 3019 600 3111 persolvatur.
614 3024 774 3116 -llojus
790 3025 840 3096 rei
854 3033 956 3098 testes
971 3037 1053 3099 suut
1067 3027 1541 3124 AdalbertusSalzpurgensis
1555 3029 1788 3124 archiepisco-

373 3165 450 3234 pos,
468 3143 685 3218 Hermannus
699 3148 976 3223 Monasteriensis
994 3151 1188 3248 episcopus,
1207 3153 1389 3226 Heinricus
1402 3153 1679 3248 wirzburgensis
1694 3153 1786 3250 epis·

373 3285 494 3361 copus,
522 3267 600 3340 Otto
622 3270 850 3364 Frisingensis
868 3274 1066 3370 episcopus,
1086 3277 1265 3374 Philippus
1288 3279 1364 3351 dux
1384 3280 1507 3352 Tuscia
1528 3281 1632 3352 irater
1654 3287 1781 3370 noster,

372 3386 578 3460 Bertboldus
595 3411 710 3464 comes
730 3393 775 3466 de
794 3395 1036 3489 Henneberch,
1055 3399 1173 3496 Boppo
1190 3423 1305 3474 comes
1322 3402 1367 3475 de
1384 3402 1592 3493 Werthaim,
1615 3404 1785 3497 Rupertus

372 3509 416 3582 do
439 3509 574 3604 Darne,
603 3515 774 3609 liupertus
797 3518 842 3590 de
865 3519 997 3594 Castulo
1024 3533 1059 3594 et
1082 3524 1140 3596 alii
1165 3547 1271 3619 quam
1296 3527 1423 3622 plnres.
1444 3569 1494 3580 —-·
1510 3526 1595 3599 Acta
1616 3535 1697 3598 sunt
1722 3525 1784 3597 bec

372 3653 464 3703 anno
485 3634 657 3708 dominice
682 3639 927 3714 incarnationis
943 3645 1103 3738 lllCXCV,
1121 3647 1310 3722 indictione
1325 3651 1435 3741 Xllll,
1453 3661 1618 3744 regnante
1644 3649 1784 3722 domino

372 3755 532 3830 llaiurioo
548 3769 648 3832 sexto
661 3761 892 3836 Romanorum
904 3767 1108 3863 imperatore
1121 3772 1386 3864 gloriosissimo,
1403 3796 1496 3848 anno
1507 3775 1604 3868 regni
1620 3773 1785 3845 vicesimo

370 3891 506 3970 quarto,
526 3879 661 3976 imperii
676 3908 759 3958 vero
778 3899 914 3981 quarto.
929 3893 1117 3966 -Datum
1130 3893 1361 3988 Wirtzburch,
1379 3897 1479 3970 nonis
1495 3899 1655 3971 octobris.

420 4003 488 4074 Nos
505 4014 619 4077 autem
635 4010 904 4104 supplicationes
921 4017 1043 4112 prelati
1058 4017 1158 4092 ducis
1172 4020 1311 4094 Austrie
1323 4031 1357 4094 et
1371 4023 1471 4094 Stirie
1489 4023 1603 4095 dilecti
1620 4025 1785 4120 principis

372 4126 478 4197 nostri
493 4127 725 4204 favorabiliter
736 4126 974 4230 admittentes,
991 4142 1037 4213 ob
1054 4143 1146 4216 illius
1164 4143 1328 4222 intuitum
1344 4165 1522 4242 perquem
1539 4144 1682 4220 feliciter
1697 4149 1785 4220 vivi-

371 4269 449 4319 mus
465 4257 500 4321 et
513 4272 699 4344 regnamus
712 4269 747 4327 et
760 4259 806 4330 ob
824 4261 1017 4334 remedium
1033 4266 1226 4340 animarum
1241 4269 1403 4342 divorum
1423 4279 1648 4364 augustorum
1664 4293 1785 4366 paren·

371 4381 444 4442 tum
458 4382 676 4468 nostrorum,
691 4379 913 4478 privilegium
927 4387 1165 4482 supradictum
1180 4401 1215 4464 et
1228 4393 1398 4487 quioquid
1412 4395 1605 4468 continetur
1623 4395 1658 4468 in
1673 4417 1715 4468 eo
1728 4419 1786 4467 sn·

371 4493 524 4588 pradicto
551 4504 758 4576 monasterio
782 4507 951 4582 duximus
976 4511 1268 4608 confirmandum,
1295 4518 1409 4591 eidem
1438 4519 1483 4590 de
1507 4520 1647 4614 speciali
1675 4521 1784 4614 gratia

345 4698 349 4708 Ι
371 4617 591 4713 indulgentes
612 4633 650 4696 ut
668 4626 698 4698 si
721 4629 880 4721 ejusdem
902 4633 969 4706 1οοί
990 4637 1182 4732 prepositus
1199 4661 1220 4714 a
1240 4642 1421 4738 principali
1440 4644 1609 4718 advocato
1628 4646 1694 4716 sibi
1717 4647 1784 4718 ali-

368 4761 474 4834 quem
488 4743 697 4821 advocatum
714 4751 878 4828 destinari
902 4759 1048 4853 petierit,
1075 4765 1306 4839 committatur
1321 4767 1387 4864 ipsi
1403 4761 1536 4864 absque
1552 4771 1631 4863 jure
1645 4769 1784 4843 benoli-
