4658 6132
544 659 588 722 aa
1042 655 1256 720 rnrnnnrcr
1282 655 1455 718 sncuvnr
1767 652 1847 734 [arv.
1866 652 1951 715 rme.

544 791 757 868 tractandam
773 789 993 864 concordiam
1012 812 1091 864 cum
1108 793 1262 867 Ecclesia
1276 794 1447 888 prelatum
1464 787 1682 886 Raynaldnm
1699 797 1954 885 procuratorem

545 919 731 1013 reliquerat
758 924 793 988 et
826 916 942 989 adhuc
967 917 1107 989 volebat
1127 939 1189 1014 per
1217 939 1298 989 eum
1323 915 1444 988 baberi
1469 921 1663 987 tractatum.
1690 913 1734 984 Et
1764 913 1844 984 licet
1879 934 1953 985 cer-

546 1041 677 1115 tissime
706 1039 903 1113 crederetur
929 1039 1025 1134 quod
1054 1040 1101 1113 ad
1127 1041 1363 1115 deludendam
1392 1039 1544 1113 Ecclesia
1567 1038 1720 1110 Romane
1754 1036 1953 1132 patientiam

546 1176 726 1258 venerant,
748 1164 973 1238 nibilominus
992 1174 1107 1238 tamen
1126 1167 1277 1260 benigne
1298 1163 1499 1238 audivimus
1520 1181 1740 1258 quecumque
1763 1181 1954 1256 proponere

545 1293 744 1364 voluerunt.
765 1289 808 1360 Et
829 1287 913 1382 quia
937 1289 1139 1362 mandatnm
1161 1289 1259 1364 aliud
1282 1309 1351 1360 non
1374 1287 1571 1377 habebant,
1592 1284 1834 1380 respondimus
1858 1283 1953 1377 quod

545 1413 661 1506 dictus
676 1413 875 1508 Raynaldus
891 1432 959 1484 non
975 1419 1136 1486 tractator
1150 1413 1259 1509 pacis,
1279 1411 1342 1486 sed
1360 1413 1470 1484 iactos
1489 1418 1564 1483 erat
1578 1407 1730 1481 Ecclesia
1741 1415 1950 1502 persecutor.

543 1538 644 1612 Unde
658 1545 822 1610 tractatus
832 1537 1119 1610 reconciliationis
1134 1559 1215 1610 cum
1231 1557 1273 1610 eo
1289 1537 1410 1610 haberi
1427 1557 1493 1608 nec
1508 1543 1641 1630 poterat
1657 1555 1721 1606 nec
1736 1532 1900 1624 debebat,
1919 1541 1954 1604 et

544 1662 600 1734 his
618 1661 665 1734 ita
683 1660 785 1734 dictis
797 1661 953 1756 protinus
969 1661 1148 1752 abierunt,
1169 1659 1276 1734 variis
1289 1659 1437 1732 nocendi
1448 1659 1563 1732 modis
1581 1658 1626 1730 ab
1644 1657 1767 1730 eodem
1776 1655 1954 1750 Raynaldo

545 1786 682 1858 interim
701 1785 926 1858 concinnatis.
944 1786 1015 1856 Hac
1028 1793 1144 1858 autem
1161 1784 1262 1858 vobis
1276 1783 1460 1856 scribimus
1474 1805 1519 1855 ne
1534 1784 1617 1855 ialsn
1634 1803 1697 1878 pro
1713 1780 1806 1853 veris
1818 1779 1954 1852 vobisa

545 1909 740 2002 maliloquis
758 1917 999 2002 suggerantur.
1017 1909 1061 1980 Ut
1082 1908 1189 2003 igitur
1204 1918 1369 2002 tanquam
1387 1907 1462 1980 veri
1478 1905 1539 1978 filii
1561 1905 1662 1978 matri
1677 1912 1792 1977 vestre
1810 1901 1956 1975 fideliter

548 2033 780 2126 obsequentes
799 2031 1066 2126 incomparabile
1084 2031 1185 2105 vobis
1205 2033 1366 2104 meritum
1383 2032 1478 2127 apud
1496 2033 1607 2104 Deum
1628 2037 1663 2102 et
1690 2028 1847 2102 homines
1860 2047 1954 2099 ccm-

546 2157 687 2254 paretis,
704 2155 964 2228 universitatem
978 2166 1128 2230 vestram
1143 2157 1328 2230 affectuose
1343 2177 1506 2250 rogamus
1518 2162 1552 2227 et
1564 2173 1745 2226 monemus
1753 2157 1880 2224 attente
1893 2171 1955 2245 per

545 2281 732 2377 apostolica
749 2280 850 2352 vobis
865 2279 993 2374 scripta
1009 2279 1213 2352 mandantes
1226 2289 1398 2374 qnatenus
1414 2278 1519 2350 nullis
1540 2275 1821 2372 suggestionibus
1844 2274 1955 2370 patia-

546 2404 632 2478 mini
652 2425 716 2476 vos
733 2403 853 2476 seduci
875 2403 1060 2498 quominus
1079 2403 1115 2476 in
1130 2403 1281 2476 Ecclesia
1297 2403 1448 2476 Romane
1467 2401 1653 2476 devotione
1666 2401 1703 2470 in
1717 2421 1789 2494 qua
1808 2397 1952 2470 radicati

543 2539 579 2601 et
595 2527 730 2600 fundati
745 2527 826 2600 estis
843 2527 1052 2599 inllexibiles
1073 2527 1282 2623 persistatis,
1299 2536 1339 2598 ut
1354 2527 1416 2621 qui
1431 2527 1578 2598 libenter
1593 2526 1630 2596 in
1646 2523 1770 2595 vestris
1791 2521 1954 2594 laudibus

543 2653 755 2726 delectamur
780 2651 816 2722 in
848 2659 962 2722 vestre
985 2650 1279 2745 magnanimitatis
1303 2650 1493 2722 constantia
1520 2648 1704 2743 gloriantes
1724 2645 1953 2719 sinceritatem

541 2785 691 2849 vestram
709 2774 825 2868 dignis
842 2774 1031 2847 debeamus
1047 2775 1208 2869 prosequi
1222 2773 1418 2848 actionibus
1432 2773 1632 2867 gratiarnm.

590 2900 715 2972 Datum
732 2897 883 2987 Perusii,
905 2898 934 2968 ll
951 2895 1117 2970 kalendas
1136 2897 1341 2989 decembris,
1363 2895 1584 2994 pontificatus
1600 2892 1706 2967 nostri
1729 2913 1821 2966 anno
1836 2892 1865 2962 ll
1884 2887 1948 2986 (t).

579 3245 613 3318 (t)
631 3243 670 3302 et.
690 3260 724 3302 ex
744 3243 846 3302 archiv.
865 3245 983 3302 Ravenn.
1002 3243 1105 3302 litteras
1127 3245 1192 3302 alias
1212 3244 1413 3320 archiepiscopo
1437 3243 1632 3304 Ravennatensi
1655 3245 1762 3317 atejus
1781 3244 1953 3319 suffraganeis

542 3343 638 3400 missas
655 3341 755 3415 quibus
777 3357 825 3398 eos
845 3343 934 3416 arguit
952 3343 1023 3415 quod
1041 3344 1160 3400 nondum
1182 3343 1482 3401 excommunicationem
1507 3347 1598 3400 conca
1617 3341 1782 3400 Fridericum
1800 3341 1952 3416 publicave·

542 3439 607 3510 rint,
620 3439 785 3512 firmiterque
798 3443 892 3496 monet
911 3444 944 3496 ut
959 3440 993 3496 ad
1014 3439 1041 3496 id
1061 3440 1121 3497 sinc
1141 3455 1216 3497 mora
1229 3441 1382 3514 procedant.
1397 3441 1456 3497 Dat.
1475 3439 1585 3510 Parrasii,
1598 3439 1647 3498 vn
1663 3439 1788 3497 kalendas
1802 3438 1952 3498 decembris

544 3535 587 3608 (25
603 3535 750 3608 novemb),
766 3551 829 3592 ann.
845 3535 884 3606 11,
900 3541 1040 3594 memorat.
1055 3551 1099 3610 ap.
1112 3537 1313 3594 ltonrrnncort.
1323 3535 1397 3594 Br‘bl.
1408 3537 1588 3610 monmcript.
1598 3536 1622 3607 l,
1639 3537 1701 3606 t³7;
1711 3542 1779 3593 -et
1790 3536 1818 3593 in
1829 3535 1950 3610 liegesto,

540 3647 573 3690 n⁰
583 3634 628 3704 ct,
641 3631 745 3690 litteras
756 3631 791 3689 ad
803 3631 941 3690 universos
950 3631 1089 3706 episcopos
1107 3649 1157 3706 per
1166 3633 1290 3690 Tusciam
1300 3632 1460 3690 constitutos
1473 3631 1607 3705 quemme
1619 3631 1887 3690 excommunicaverit
1896 3632 1951 3688 Fri·

541 3730 662 3788 dericnm
675 3729 778 3787 dictum
798 3729 998 3802 imperatorem,
1012 3729 1177 3804 llaynaldum
1189 3737 1218 3787 et
1231 3729 1402 3788 Bartholdnm
1417 3727 1485 3786 filios
1497 3729 1631 3802 quondam
1644 3729 1721 3787 ducis
1732 3729 1845 3787 Conradi
1856 3735 1884 3786 ct
1896 3727 1952 3786 tan·

542 3833 616 3884 tores
625 3841 727 3884 eorum.
741 3827 802 3883 Dat.
817 3825 931 3897 Perusii,
949 3827 985 3884 lll
997 3841 1082 3884 nonas
1100 3826 1252 3884 decembris
1265 3827 1289 3900 (3
1301 3825 1444 3898 decemb),
1460 3841 1531 3884 anno
1545 3826 1577 3896 ll,
1593 3823 1622 3882 in
1635 3842 1749 3900 quarum
1767 3825 1820 3882 line
1836 3824 1950 3898 legitur:

544 3923 721 3982 «Verendum
733 3928 775 3980 est
791 3923 917 3981 omnibus
930 3923 978 3997 qui
990 3923 1093 3980 eisdem
1110 3923 1258 3992 consilium,
1275 3923 1402 3980 auxilium
1415 3922 1458 3980 vel
1475 3922 1592 3981 favorem
1605 3923 1786 3997 impenderint
1803 3939 1838 3980 ne
1859 3929 1952 3980 contrn

544 4025 753 4093 »metauqnam
769 4025 863 4077 contra
880 4019 1002 4078 inimicos
1017 4019 1117 4094 negotii
1130 4025 1201 4078 terre
1219 4027 1320 4092 sancte,
1337 4035 1456 4095 paganos
1474 4019 1596 4078 videlicet
1613 4027 1641 4078 et
1654 4019 1752 4079 Christi
1772 4019 1949 4095 blasphemos,

543 4115 716 4190 »procedere
731 4117 957 4190 compellamur.»
