4710 6076
380 673 477 735 lanam.
495 667 540 744 i.]
828 659 1026 724 HISTORIA
1052 659 1345 724 uirioiis'iicii.
1736 655 1796 718 titi

381 803 562 882 temerario
579 801 672 876 bona
688 797 917 896 prenominati
937 797 1077 871 claustri
1098 798 1231 872 ratione
1249 795 1406 895 pignoris
1426 804 1488 870 aut
1506 793 1609 892 spolii
1632 793 1798 891 impetere

380 931 510 1006 audeat
520 926 579 1002 rel
592 924 783 1002 distrahere
792 931 854 997 aut
863 923 1011 996 aniene.
1023 921 1126 1008 Quod
1138 923 1201 1019 qui
1212 923 1326 997 iacere
1338 917 1599 1019 presumpserit,
1611 918 1698 993 iram
1710 938 1796 992 nos·

381 1063 470 1128 tram
487 1071 631 1146 gravem
646 1048 771 1124 sentiet
787 1056 823 1121 et
837 1045 1023 1140 offensam,
1045 1055 1081 1120 et
1097 1045 1315 1143 precepimus
1332 1043 1427 1119 fideli
1444 1051 1561 1118 nostm
1578 1043 1616 1117 C.
1633 1041 1796 1116 butilario

383 1177 430 1254 de
445 1175 646 1254 Narenhero
660 1182 701 1248 ut
718 1194 740 1246 a
760 1171 820 1247 tali
842 1171 1024 1245 invasione
1044 1171 1236 1268 sepefatum
1255 1171 1443 1244 claustrum
1465 1167 1592 1244 debeat
1613 1166 1798 1242 effioaoiter

382 1301 563 1378 defensare
582 1308 618 1374 et
633 1299 748 1373 ablata
761 1297 909 1394 pignora
921 1295 1098 1392 requirere
1112 1295 1265 1369 districta
1278 1295 1472 1370 maritate.

429 1427 557 1502 Datum
577 1423 674 1522 apud
694 1421 972 1519 Onoldspaoum‚
993 1419 1071 1494 Xlll
1090 1417 1257 1494 kalendas
1275 1419 1443 1513 octobris,
1464 1415 1653 1494 indictione
1667 1416 1790 1514 prima.

436 2074 620 2161 Henrious
642 2073 904 2160 Romanorum
931 2100 996 2158 rex
1018 2071 1165 2158 ciuibus
1191 2070 1530 2182 Ratisponensibus
1552 2069 1709 2156 nunciat
1730 2095 1799 2155 so-
1839 2081 1987 2190 ὦ,

382 2211 528 2296 lemnes
545 2209 738 2294 nundinas
755 2209 856 2292 eirea
875 2208 1013 2292 lestum
1031 2206 1205 2292 omnium
1223 2205 1450 2290 Sanctorum
1467 2203 1675 2288 incivitate
1693 2203 1798 2288 ller-

384 2342 571 2454 bipolensi
600 2343 800 2426 annuatim
828 2342 910 2426 lore
941 2341 1204 2453 peragendae,
1228 2365 1371 2452 eosque
1398 2339 1532 2422 invitat
1562 2350 1606 2424 ut
1628 2338 1702 2424 sub
1729 2364 1800 2424 suo

383 2477 574 2562 oonduotu
587 2486 624 2560 et
638 2475 790 2588 speciali
808 2475 1039 2586 protectione
1052 2475 1103 2558 ad
1120 2474 1273 2558 easdem
1289 2473 1462 2580 veniant,
1476 2499 1522 2558 eo
1535 2471 1623 2582 jure
1635 2482 1674 2556 et
1685 2471 1801 2558 liher-

1822 2189 1849 2234 aa
1865 2188 2003 2246 spamam.

384 2621 461 2696 tate
474 2610 627 2694 lruituri
640 2609 783 2720 quibus
796 2609 846 2694 de
859 2635 930 2692 saa
943 2608 1067 2720 gratia
1079 2607 1250 2720 gaudent
1261 2606 1456 2692 nundinae
1465 2631 1557 2690 suae
1570 2607 1674 2716 apud
1682 2605 1801 2690 Fran-

382 2743 560 2829 ohenlurt
576 2753 615 2828 et
628 2742 770 2828 Werde
787 2739 1094 2854 (llonauwerth).

463 2987 560 3063 (adia
581 2989 614 3050 in
626 2985 756 3049 idoneae
771 2986 862 3064 Boia,
876 2991 951 3048 mm.
966 2985 1069 3061 XXX,
1082 3000 1152 3066 pers
1168 2993 1208 3061 1⁸,
1228 3001 1260 3066 p.
1278 2991 1331 3048 iti
1344 3029 1353 3060 ,
1367 2993 1402 3047 n⁶
1416 2991 1491 3062 ost,
1507 2999 1546 3046 en
1562 2983 1700 3065 originali
1716 2986 1802 3066 emus

501 3093 591 3174 sigilii
607 3111 676 3172 pars
693 3099 828 3173 superest
840 3109 880 3156 ex
896 3099 1048 3174 supraema
1064 3093 1289 3156 mambranaoeo
1307 3091 1489 3172 appendam.
1503 3090 1609 3156 Vareia
1627 3091 1802 3156 domantes

502 3201 648 3280 imprema
660 3198 787 3264 babetm
799 3203 832 3264 in
844 3201 963 3276 Lumo,
978 3196 1112 3284 Sptcilep.
1129 3197 1233 3274 meu..
1248 3215 1305 3266 arr.
1319 3199 1422 3278 l'hail,
1435 3215 1468 3278 p.
1483 3195 1567 3277 aii.)

433 3413 476 3485 Η.
495 3411 560 3486 liei
579 3413 690 3507 gnatia
707 3413 940 3487 Romanorum
959 3434 1023 3488 rex
1043 3421 1080 3488 et
1099 3433 1237 3510 semper
1250 3421 1438 3508 angustus,
1461 3411 1624 3489 fidelibus
1644 3413 1719 3488 suis
1733 3411 1803 3490 ad·

384 3535 534 3624 voeatis,
559 3537 713 3613 somtetis
738 3545 774 3610 et
795 3537 968 3612 universis
991 3537 1129 3611 civibus
1149 3537 1457 3634 llatisponensibns
1477 3537 1623 3634 gratiam
1646 3558 1747 3612 snam
1767 3545 1804 3613 et

384 3657 648 3734 omnebonum.
664 3660 836 3736 Fidelitati
856 3670 971 3736 vestre
986 3661 1156 3736 duximus
1169 3661 1402 3736 intimandum
1422 3661 1587 3736 dilectum
1608 3662 1801 3760 prinoipem

384 3789 541 3856 nostram
565 3785 801 3859 Hermannum
825 3787 1061 3860 venerabil·
1084 3785 1364 3883 Herbipolensem
1385 3786 1606 3882 episoopnm,
1624 3786 1670 3862 de
1684 3797 1801 3864 nostm

384 3904 611 4001 permissione
624 3916 659 3982 et
674 3907 767 3982 bona
780 3909 973 4000 voluntate,
991 3911 1199 4007 sollempnes
1211 3910 1388 3985 nundinas
1401 3911 1493 3985 oiroa
1505 3911 1631 3985 festum
1643 3911 1800 3987 omnium

385 4030 589 4104 Sanctorum
609 4031 647 4104 in
671 4032 812 4107 civitate
831 4033 1073 4131 Herbipolensi
1093 4034 1233 4131 publioe
1254 4033 1425 4110 indixisse
1442 4034 1623 4110 annuatim
1637 4035 1801 4111 omnibus

385 4151 671 4247 frequentandam
690 4156 838 4252 pminde
854 4167 908 4231 est
929 4159 1026 4255 quod
1040 4158 1248 4234 mandamus
1262 4157 1421 4235 fidelitati
1436 4169 1551 4235 vestre
1565 4157 1709 4235 firmiter
1721 4181 1801 4235 oer-

384 4272 549 4351 tilioando
562 4279 729 4374 quatinus
747 4279 792 4355 ad
807 4291 1014 4358 memoratas
1029 4283 1206 4360 nundinas
1220 4284 1287 4358 snb
1304 4293 1421 4359 nostro
1441 4305 1565 4362 securo
1575 4286 1750 4361 oondnotu
1765 4297 1803 4360 et

384 4401 596 4496 pmteatione
608 4403 751 4501 speeieii
765 4406 913 4481 veniatis
921 4415 956 4481 et
969 4407 1151 4502 raoedatis,
1167 4431 1210 4484 eo
1217 4411 1297 4504 jure
1308 4417 1345 4483 et
1359 4409 1518 4484 libertate
1531 4407 1629 4484 reiut
1638 4409 1803 4485 omnibns

384 4524 560 4602 nundinas
581 4538 715 4604 nosuas
736 4530 832 4626 apud
851 4531 1101 4608 Franohenlnrt
1119 4543 1155 4610 et
1174 4532 1303 4608 Werde
1323 4533 1567 4608 eneroentibns
1590 4532 1804 4610 dinoscimur

386 4646 432 4724 de
445 4659 563 4727 nosue
582 4653 693 4751 gretia
706 4655 904 4732 eontulisse.
920 4655 1078 4733 Pratema
1101 4659 1266 4734 noveritis
1285 4657 1382 4756 quod
1401 4679 1505 4734 omne
1518 4653 1693 4752 iudiciuin
1705 4665 1741 4734 et
1753 4658 1802 4732 ii·

386 4772 568 4872 bortatem,
579 4779 876 4876 quemadmodum
888 4781 924 4856 in
938 4783 1016 4860 aliis
1027 4783 1196 4862 nundinis
1208 4784 1335 4862 nostris
1347 4783 1477 4860 habere
1487 4781 1722 4880 dinoscimini,
1732 4805 1802 4860 vo-
