4652 6092
954 623 1264 690 abnrrattbrtrtt
1750 629 1809 694 Μ

400 769 473 842 lum
491 765 670 859 dicebaut,
690 762 910 838 ostendentes
923 783 1004 836 cum
1021 761 1070 834 illi
1091 788 1101 834 r
1122 787 1139 830 a
1158 762 1304 836 Domine
1316 783 1397 854 rex,
1414 763 1503 858 patri
1520 762 1717 861 imperatori
1734 775 1810 840 ter-

404 919 421 962 a
448 915 522 968 rum
540 913 612 966 non
627 893 784 982 auferas,
803 889 866 966 sed
881 888 964 962 huic
982 888 1098 984 nepoti
1116 896 1177 962 tuo
1189 909 1269 962 cum
1283 888 1328 962 sit
1345 887 1439 962 filius
1450 888 1605 964 Caesaris
1619 891 1812 968 innocentis

404 1043 422 1088 n
450 1017 597 1092 dimitte.
627 1041 645 1088 n
676 1016 723 1090 At
742 1015 801 1090 ille
829 1014 1002 1088 submisso
1021 1013 1134 1112 capite
1155 1015 1444 1111 lacrymabatur:
1473 1013 1703 1091 «Mandanta
1726 1038 1816 1112 pon·

404 1165 423 1211 n
451 1139 542 1214 tiliec
553 1140 603 1214 sic
615 1147 750 1236 oportet
761 1137 850 1214 fieri.
866 1163 885 1208 a

410 1359 413 1366 .
450 1265 629 1340 Praeterea
648 1264 791 1336 inventa
812 1261 914 1336 lictae
927 1269 963 1334 et
983 1259 1157 1334 horribilis
1173 1259 1363 1357 punitionis
1381 1261 1540 1352 materia,
1563 1263 1702 1360 scripsit
1720 1287 1816 1362 pon-

402 1390 486 1462 tifex
494 1388 660 1484 magistro
669 1386 796 1461 domus
802 1385 981 1482 hospitalis
990 1384 1105 1458 Sancti
1116 1384 1281 1459 Iohannis
1290 1385 1590 1483 hierosolymitani
1605 1397 1640 1462 et
1651 1390 1816 1484 magistra

403 1515 586 1590 domorum
602 1513 744 1588 militiae
757 1512 889 1609 Templi
905 1511 1046 1588 dicansr
1068 1536 1086 1582 u
1100 1510 1294 1586 Fridcricus
1310 1510 1508 1608 imperator,
1520 1535 1584 1608 pro
1596 1535 1638 1588 eo
1651 1514 1749 1610 quud
1758 1515 1818 1590 itte

404 1640 504 1714 toties
518 1663 539 1716 a
551 1638 799 1713 monitionibus
811 1647 846 1711 et
858 1637 1031 1712 mandatis
1044 1636 1218 1710 Ecclesiae
1233 1635 1366 1710 resiluit
1377 1657 1482 1730 quam
1495 1634 1541 1712 da
1553 1637 1661 1712 nihilo
1675 1639 1814 1730 laceat,

405 1783 501 1838 arnna
523 1773 642 1838 contra
657 1771 801 1836 matram
817 1783 999 1836 assumens
1013 1761 1168 1851 hostiha,
1184 1760 1332 1836 christos
1348 1760 1486 1834 Domini
1506 1763 1734 1858 praecipitare
1746 1784 1818 1838 non

406 1887 520 1960 timuit
532 1895 663 1962 etsuae
676 1887 1028 1962 seumitatiscaadam
1041 1886 1179 1979 erigens
1196 1886 1233 1958 in
1246 1887 1426 1961 alumnum
1437 1908 1533 1961 mora
1543 1887 1683 1985 vipereo
1696 1889 1821 1964 mcviit

405 2031 576 2106 quaerens
601 2020 732 2107 patrem
757 2032 895 2086 veneno
921 2009 1061 2086 inlicere
1085 2032 1191 2106 mem
1218 2010 1420 2104 momordit,
1446 2021 1482 2086 ct
1506 2020 1625 2086 oontm
1649 2011 1755 2088 iidem
1778 2034 1821 2088 ac

406 2156 532 2210 nomen
552 2133 716 2210 Altissimi
740 2137 973 2233 oppositiones
996 2146 1032 2210 et
1053 2134 1217 2210 seandala
1241 2133 1443 2208 machinans
1464 2158 1565 2210 suam
1596 2137 1677 2210 lecit
1702 2145 1821 2212 eontra

407 2259 532 2334 &dam
544 2259 766 2356 apostolicam
779 2281 992 2357 synagogam
1005 2281 1086 2332 cum
1102 2281 1172 2354 qua
1185 2259 1297 2334 credit
1308 2259 1339 2332 si
1352 2259 1402 2334 sic
1415 2261 1473 2334 ille
1487 2259 1671 2336 dimittitur
1682 2283 1819 2336 sacrum

408 2383 585 2458 destruere
597 2385 764 2482 templum
773 2385 848 2460 Dei.
863 2385 906 2458 Et
917 2405 999 2460 cccc
1006 2383 1104 2479 quod
1114 2405 1172 2459 mc
1183 2384 1378 2458 inconsulto
1393 2385 1439 2458 ab
1453 2385 1549 2460 ltalia
1561 2386 1699 2481 lugiens
1708 2395 1822 2482 partas

408 2509 649 2584 ultramarinas
661 2508 804 2584 visitare
812 2509 997 2606 disposuit,
1013 2509 1130 2584 nonin
1146 2509 1310 2584 offensam
1322 2509 1412 2584 dont
1424 2509 1822 2607 ostenditllippptiurnm

408 2655 497 2728 quos
514 2633 642 2730 diligit,
667 2633 731 2709 sed
755 2634 871 2730 potius
896 2641 935 2706 nt
951 2633 1299 2730 hierosolymitanum
1321 2655 1468 2730 regnum
1489 2657 1512 2708 a
1531 2634 1603 2708 lida
1621 2643 1731 2708 exuat
1742 2636 1825 2710 Jesn

409 2756 551 2849 Christi,
567 2757 735 2832 simulans
748 2779 805 2832 mc
819 2757 930 2832 invito
946 2767 1065 2832 cornua
1079 2758 1264 2834 soldanum
1273 2759 1486 2856 Babyloniae
1498 2760 1536 2832 in
1549 2759 1626 2853 ejus
1643 2760 1826 2834 mulnsio-

409 2901 488 2954 nem
498 2903 580 2955 cum
591 2880 714 2956 Christi
728 2881 891 2958 fidelibus
913 2885 1160 2958 transfretasse.
1176 2885 1242 2958 Pro
1257 2891 1307 2958 tot
1319 2885 1437 2980 itaqua
1451 2884 1625 2980 masque
1638 2885 1828 2960 sceleribus

409 3027 490 3078 cnm
517 3006 577 3080 ille
603 3006 640 3080 in
664 3007 731 3082 hac
757 3008 830 3082 vita
852 3009 1083 3107 imparibilcm
1104 3008 1250 3106 proinde
1273 3030 1398 3106 penam
1422 3019 1458 3084 et
1480 3019 1625 3084 mortem
1651 3018 1827 3084 actarnam

408 3130 528 3204 subire
546 3131 728 3224 meruerit,
744 3132 860 3229 ipsum
873 3133 922 3207 ita
935 3133 1082 3207 minuite
1096 3134 1209 3230 capite
1220 3133 1316 3229 quod
1331 3133 1516 3230 perdatur,
1537 3135 1594 3208 rel
1608 3135 1698 3210 lanu
1712 3134 1828 3230 ipsum

409 3253 620 3350 precipitatis
635 3256 683 3330 ita
702 3258 799 3352 quod
812 3257 952 3354 penitus
966 3258 1134 3332 moriatur
1151 3259 1182 3356 (l
1191 3258 1217 3354 l.
1237 3257 1375 3334 Credidi
1395 3259 1489 3334 enim
1504 3259 1542 3332 in
1560 3258 1693 3353 munnio
1710 3257 1848 3332 matris·

410 3376 584 3452 Ecclesiae
601 3378 712 3452 lilium
736 3380 920 3471 educasse,
939 3382 1003 3476 qui
1023 3403 1213 3456 conversus
1226 3382 1264 3454 in
1286 3383 1405 3456 matris
1426 3391 1548 3479 pcotus
1564 3391 1600 3458 et
1616 3383 1831 3478 uberaquae

414 3500 554 3576 tonavit
566 3503 707 3599 publice
719 3505 949 3602 participabat
965 3527 1045 3580 cum
1061 3507 1180 3602 impiis
1195 3507 1232 3578 in
1251 3506 1370 3582 matris
1381 3505 1542 3600 injuriam
1553 3515 1589 3582 et
1604 3506 1783 3580 offensam.
1807 3531 1826 3576 c

461 3625 598 3701 Deinde
614 3627 733 3701 scribit
749 3637 785 3702 et
801 3627 947 3704 soldano
960 3631 1169 3726 Babyloniae
1187 3629 1307 3705 dicens
1326 3657 1335 3704 a
1358 3631 1636 3706 «Exoumbilcn
1651 3632 1738 3706 scito
1753 3651 1831 3706 ma-

417 3761 503 3825 trem
512 3751 777 3826 christianornm
790 3754 981 3828 Ecclesiam
996 3755 1094 3850 qnod
1104 3776 1161 3830 mc
1175 3755 1285 3830 invito
1300 3763 1336 3830 at
1345 3756 1483 3830 nolente
1492 3757 1688 3831 Fridcricus
1702 3756 1831 3853 impias

415 3873 490 3972 (ric)
508 3874 687 3948 hominnm
703 3877 765 3972 qni
787 3899 826 3952 sa
846 3877 1088 3975 imperatorem
1111 3881 1343 3956 homanorum
1364 3890 1467 3956 vocat
1491 3892 1609 3956 eontra
1632 3891 1667 3954 te
1683 3899 1831 3974 surgens

415 4019 510 4072 mma
522 3999 615 4096 cepit
626 4009 662 4074 et
674 4001 840 4096 colligens
848 4001 1052 4078 christianus
1062 4026 1231 4101 sequaces
1243 4027 1326 4080 suus
1339 4006 1475 4102 quaerit
1488 4015 1523 4082 le
1536 4016 1686 4103 tuosque
1698 4007 1832 4104 AEgyp-

451 4360 488 4434 (t)
508 4360 582 4420 Licet
596 4361 665 4422 istae
678 4360 787 4423 littam
799 4369 855 4422 tam
867 4363 953 4425 forma
966 4382 1048 4441 pram
1061 4382 1144 4428 muer
1156 4367 1266 4426 fictitias
1277 4367 1429 4438 rideantur,
1444 4385 1499 4428 non
1512 4367 1625 4429 dubium
1636 4372 1678 4426 ast
1689 4365 1757 4441 quin
1768 4364 1831 4424 Fri-

414 4456 521 4518 dcricus
534 4459 597 4517 huic
612 4459 640 4518 in
653 4476 749 4520 accam
763 4477 841 4522 susm
855 4463 1046 4538 conspirationi
1061 4465 1142 4524 fidem
1154 4465 1316 4524 adbibuerit.
1334 4465 1404 4524 «An
1418 4466 1517 4524 obhurs
1528 4481 1558 4524 es
1571 4465 1644 4542 quod
1663 4463 1743 4523 nobis
1759 4461 1830 4520 axis·

415 4576 430 4607 a
446 4555 566 4615 tentibus
587 4557 616 4615 in
636 4558 747 4618 servitio
766 4561 830 4618 lesu
852 4559 964 4632 Christi,
980 4561 1044 4620 durn
1063 4563 1163 4621 ibidem
1176 4563 1327 4637 (Romanus
1347 4563 1483 4638 pontifex)
1501 4563 1557 4622 vita
1574 4569 1666 4622 nocua
1681 4560 1830 4638 periurium

418 4672 432 4706 a
443 4653 555 4713 subdola
568 4655 707 4715 moliretur
718 4663 747 4717 at
756 4657 889 4717 nicatur
901 4659 1011 4719 omnino
1024 4666 1147 4720 ambram
1158 4660 1275 4719 raditum
1286 4660 1427 4736 impedire,
1438 4667 1492 4720 etc.
1504 4679 1518 4716 s
1531 4659 1647 4737 Epistol.
1662 4657 1699 4718 nd
1709 4657 1829 4734 archiep.

415 4752 546 4822 aaran,
559 4753 706 4814 ilabruar.
720 4771 783 4814 ann.
795 4759 875 4817 tito.
887 4757 927 4819 (Ἰ.
942 4773 1024 4834 supra
1037 4775 1066 4834 p.
1082 4763 1145 4833 llll,
1160 4765 1218 4818 not.
1232 4763 1262 4819 2.
