4710 6076
358 1307 460 1359 Helm

359 1367 461 1417 namo.

1026 659 1241 723 talantum
1266 657 1442 722 sltcttttbt
1754 657 1834 740 [batt.
1853 656 1939 724 1231.

581 1312 1087 1420 Friderious,llomancrnm
1100 1312 1321 1421 imperator,
1337 1311 1514 1423 Sergium
1528 1310 1706 1396 abbatem
1719 1321 1939 1398 etoouven-
2055 1364 2056 1368 κ

526 1457 610 1532 tum
635 1445 796 1530 Sanctae
822 1445 963 1530 Mariae
986 1453 1281 1554 sanctorumque
1302 1453 1516 1557 martyrum
1534 1443 1749 1558 Tryphonis
1768 1453 1806 1530 et
1823 1445 1939 1528 Blasii

525 1581 574 1664 de
592 1577 879 1664 llavellensibus
893 1577 966 1662 sub
981 1577 1134 1688 speciali
1152 1603 1223 1662 sua
1244 1577 1475 1688 protectione
1493 1577 1670 1688 suscipit,
1681 1579 1791 1690 eique
1809 1579 1940 1663 omnia

524 1711 627 1796 bona
648 1711 731 1824 ejus
753 1721 792 1795 et
806 1711 897 1822 jura
912 1737 1013 1824 quae
1027 1709 1169 1794 ibidem
1187 1711 1414 1796 nominatim
1435 1711 1701 1821 exprimuntur
1721 1711 1935 1798 confirmat.

605 1955 730 2030 (lusdlt.
753 1971 793 2017 ex
810 1953 944 2034 originall
965 1955 1026 2016 sttu
1043 1953 1167 2033 paulum
1183 1961 1360 2034 censampto
1381 1957 1415 2018 tu
1437 1955 1551 2020 arohlv.
1569 1971 1632 2036 reg.
1655 1955 1688 2018 S.
1704 1955 1837 2019 Savarlrd
1857 1957 1938 2037 apud

641 2059 826 2141 Neapolim.)

569 2273 955 2372 Fridericuslleigratia
962 2277 1194 2350 Romanorum
1202 2275 1399 2372 imperator,
1413 2287 1737 2373 semporaugustuq
1747 2279 1936 2356 tausdsm

520 2413 557 2476 et
571 2401 685 2476 Sicilie
700 2423 778 2476 rex.
797 2401 888 2476 luter
901 2410 1013 2476 cetera
1026 2400 1162 2496 pietatis
1178 2401 1384 2476 commercia
1401 2409 1437 2474 et
1448 2402 1598 2497 insignia
1611 2403 1798 2496 maJ‘eetatis
1812 2426 1883 2499 que
1899 2403 1934 2476 in

521 2526 672 2601 auctoris
686 2526 743 2600 sui
758 2522 875 2600 titulos
889 2526 1097 2612 retemntur,
1111 2523 1200 2598 illnd
1213 2524 1364 2598 uberiori
1378 2527 1493 2600 fructu
1506 2527 1700 2623 colligimus
1709 2537 1745 2602 et
1751 2551 1858 2626 prope
1871 2551 1935 2605 au·

520 2651 655 2726 moliole
670 2650 715 2748 (ll
731 2651 844 2726 erario
860 2671 1106 2725 conservamus
1129 2651 1225 2746 quod
1245 2651 1505 2726 venerabilibus
1520 2653 1605 2726 locis
1623 2662 1659 2727 et
1676 2706 1931 2726 .......

519 2775 746 2850 militantibus
767 2775 915 2872 provida
938 2775 1213 2850 consideratione
1237 2776 1414 2870 largimur.
1438 2776 1524 2851 lude
1544 2786 1598 2852 est
1619 2777 1717 2872 quod
1735 2799 1800 2852 nos
1822 2780 1935 2852 fratris

518 2901 627 2995 Sergii
642 2901 850 2974 venerabilis
862 2901 997 2975 abbatis
1013 2901 1210 2974 monasterii
1224 2901 1348 2974 &ncta
1360 2901 1468 2974 blarie
1480 2910 1516 2974 et
1530 2911 1728 2976 sanctorum
1743 2911 1933 3000 martyrum

519 3025 713 3122 Tryphonis
727 3033 762 3098 et
779 3025 882 3098 blasii
899 3025 944 3099 de
962 3026 1224 3100 llavellensibus
1242 3026 1454 3122 fratrumque
1469 3027 1626 3119 ejusdcm
1639 3028 1837 3102 monasterii
1854 3049 1934 3102 nos-

518 3163 650 3224 trnrum
668 3149 843 3238 fidelium,
862 3149 924 3244 qui
942 3158 982 3221 ut
997 3147 1044 3222 ad
1061 3149 1211 3223 melioris
1229 3149 1300 3222 vite
1321 3149 1399 3222 vias
1416 3149 1605 3246 dirigerent
1619 3173 1759 3246 messus
1775 3175 1858 3228 snos
1877 3153 1932 3229 di·

518 3275 600 3348 vina
627 3275 765 3349 favente
791 3273 972 3348 clementia
998 3273 1155 3347 instituta
1177 3274 1292 3346 Sancti
1321 3273 1498 3349 Benedicti
1527 3275 1659 3348 ordinis
1686 3288 1930 3374 suscepemnt,

519 3399 615 3496 pium
635 3399 748 3474 nalum
766 3408 802 3471 et
816 3397 992 3472 laudabile
1006 3400 1219 3495 propositum
1237 3399 1472 3494 attendentes,
1494 3399 1615 3474 divino
1631 3401 1775 3496 intuitu,
1796 3425 1860 3499 pro
1877 3426 1931 3480 m·

518 3523 634 3598 medlo
664 3523 859 3598 animarum
891 3523 1052 3598 divorum
1084 3533 1312 3619 augustorum
1340 3533 1521 3620 pmeutum
1547 3536 1742 3600 nostrorum
1768 3529 1932 3602 memorie

516 3648 699 3724 recolende
715 3657 750 3722 et
766 3650 878 3722 salute
893 3657 1030 3741 nostra,
1051 3649 1297 3723 monasterium
1320 3650 1436 3746 ipsum
1454 3671 1535 3722 cum
1556 3651 1718 3724 omnibus
1740 3651 1841 3726 bouis
1858 3654 1932 3728 suis

517 3793 587 3870 que
610 3773 656 3848 ad
674 3795 816 3872 presens
835 3774 929 3868 juste
949 3781 983 3846 et
1000 3774 1246 3848 rationabiliter
1265 3783 1358 3847 tenet
1379 3785 1414 3848 et
1433 3773 1588 3871 possidet
1606 3783 1642 3848 et
1663 3775 1700 3847 in
1719 3785 1821 3851 autea
1836 3779 1931 3872 justo

517 3899 617 3972 titulo
636 3899 760 3995 poterit
779 3897 926 3996 adipisci
943 3899 1010 3971 sub
1027 3899 1168 3994 speciali
1186 3898 1397 3994 protectione
1411 3907 1447 3972 et
1464 3898 1664 3974 defensioue
1677 3911 1794 3974 nostra
1813 3923 1929 3976 susee-

516 4023 635 4118 pimus
648 4031 684 4096 et
698 4022 853 4120 predicto
875 4021 991 4097 ordini
1012 4045 1054 4096 ac
1075 4022 1240 4096 institutis
1261 4022 1372 4119 ipsius
1387 4023 1424 4095 in
1440 4031 1645 4120 perpetuum
1664 4023 1925 4116 confirmamus,

516 4147 743 4222 concedentes
768 4158 803 4222 et
821 4156 988 4244 perpetuo
1010 4146 1251 4221 confirmantes
1271 4147 1336 4243 ipsi
1357 4148 1452 4220 lratri
1470 4147 1590 4243 Sergio
1610 4157 1645 4221 et
1662 4148 1824 4222 fratribus
1844 4147 1928 4222 dicti

515 4273 713 4346 monasterii
732 4281 803 4347 tam
825 4272 1044 4370 presentibus
1064 4293 1171 4368 quam
1192 4271 1317 4344 lutaris
1334 4292 1455 4346 omnes
1477 4271 1711 4368 possessiones
1732 4294 1803 4368 que
1824 4273 1928 4370 largi·

513 4397 606 4470 tione
624 4397 841 4495 principum,
861 4397 1083 4471 concessione
1105 4395 1308 4494 pontificum
1326 4417 1388 4470 seu
1411 4397 1558 4471 aliorum
1579 4397 1752 4472 oblatione
1772 4395 1928 4470 fidelium

512 4521 558 4596 ab
575 4521 728 4617 antiquis
755 4522 967 4618 temporibus
986 4521 1162 4594 retroactis
1180 4542 1293 4617 usque
1307 4519 1355 4594 ad
1370 4519 1435 4594 bec
1454 4521 1567 4594 ielicia
1590 4531 1707 4596 nostra
1724 4529 1878 4618 tempora
1893 4531 1928 4595 et

512 4671 650 4743 queque
666 4649 757 4721 bona
771 4647 839 4720 alia
854 4645 947 4719 idem
963 4645 1210 4720 monasterium
1221 4647 1301 4738 jure
1319 4645 1428 4718 tenuit
1443 4653 1478 4718 et
1496 4645 1649 4742 possedit
1664 4667 1705 4719 ac
1718 4645 1755 4719 iu
1770 4645 1926 4718 futurum

507 4773 610 4866 justis
626 4771 753 4862 modis,
770 4771 876 4845 dante
886 4771 1053 4862 murino,
1069 4769 1136 4866 piis
1148 4769 1286 4843 actibus
1302 4769 1338 4841 iu
1356 4771 1606 4844 incrementum
1621 4769 1747 4865 poterit
1762 4768 1923 4866 adipisci,
