4642 6106
332 593 489 719 recrea]
768 629 965 692 arsvonra
990 623 1282 689 nrncouarrca.
1680 621 1735 684 aar

351 795 353 802 ·
380 770 576 846 Fridericus
596 769 660 842 llei
679 767 790 864 gratia
809 768 1041 841 Romanorum
1059 766 1256 861 imperator,
1275 781 1412 858 semper
1428 753 1615 856 augustus,
1636 762 1743 834 leru-

333 899 441 972 salem
454 905 489 969 et
504 893 620 968 Sicilie
633 912 714 984 rex,
736 891 908 965 universis
927 899 1102 986 presentes
1118 889 1247 961 litteras
1265 885 1471 982 inspecturis
1488 883 1650 958 fidelibus
1671 885 1744 960 suis

334 1021 482 1116 gratiam
500 1039 600 1092 suam
618 1017 793 1090 albanam
807 1015 1032 1087 voluntatem.
1053 1013 1118 1086 Per·
1130 1033 1272 1108 presens
1285 1009 1450 1108 scriptum
1463 1018 1584 1082 notum
1598 1008 1743 1082 iacimus

335 1144 509 1220 universis
539 1142 637 1239 quod
654 1162 718 1215 nos
736 1139 933 1213 remisimus
953 1137 1143 1214 venerabili
1166 1138 1329 1234 episcopo
1347 1133 1590 1232 argentinensi
1618 1133 1744 1207 dilecto

335 1267 482 1363 principi
494 1274 625 1358 nostro,
636 1263 918 1338 ministerialibus
926 1258 1593 1353 omnibuscteivibusArgentinensibus
1606 1279 1743 1332 omnem

335 1392 474 1488 culpam
490 1399 526 1464 et
541 1389 706 1464 offensam
720 1409 827 1484 quam
845 1386 953 1462 iidem
971 1407 1092 1462 omues
1105 1385 1286 1459 occasione
1302 1383 1475 1458 discordie
1488 1391 1562 1456 orte
1580 1381 1669 1454 inter
1682 1402 1744 1456 noe

336 1526 370 1590 ct
392 1517 582 1589 Romanam
604 1513 792 1586 Ecclesiam
815 1521 933 1586 contra
960 1519 1111 1586 nostram
1135 1509 1374 1584 celsitudinem
1401 1507 1648 1582 commiserunt
1669 1503 1741 1601 (t);

336 1637 492 1714 fidelitati
517 1635 624 1730 igitur
649 1646 764 1711 vestre
787 1635 928 1710 firmiter
957 1634 1181 1732 precipiendo
1205 1633 1412 1708 mandamus
1434 1642 1605 1728 quatenus
1629 1631 1747 1704 nullus

336 1771 490 1836 vestrum
506 1761 551 1835 sit
564 1761 627 1856 qui
641 1761 774 1835 eisdem
787 1760 961 1857 episcopo,
979 1759 1261 1834 ministerialibus
1275 1768 1310 1832 et
1324 1758 1461 1832 civibus
1475 1755 1656 1830 occasione
1668 1777 1747 1850 pre·

336 1885 430 1961 dictu
443 1885 479 1958 in
495 1885 651 1982 personis
665 1885 722 1961 vel
735 1884 835 1958 bonis
848 1884 922 1958 suis
937 1883 1128 1958 molestiam
1144 1884 1269 1956 inlcrre
1283 1890 1458 1978 presumat
1470 1889 1609 1954 temere.

385 2012 510 2084 Datum
522 2011 559 2084 iu
577 2009 697 2084 castris
710 2029 818 2106 prope
835 2008 1062 2105 ceperanum
1080 2007 1219 2080 Xlllllll
1239 2006 1391 2102 augusti,
1411 2005 1455 2080 lll
1469 2004 1669 2080 indictione.

391 2661 623 2769 Ffideiifflflr
648 2664 909 2748 Romanorum
933 2663 1156 2773 imperator,
1188 2662 1366 2748 ccclesiae
1389 2661 1618 2744 Arelatensis
1640 2684 1746 2770 pau·
1815 2683 1893 2779 ”533⁸

338 2795 474 2903 lentati
487 2797 736 2906 compatiens,
747 2795 899 2906 Hugoni
914 2796 1194 2906 archiepiscopo
1208 2796 1379 2880 concedit
1392 2794 1597 2905 pedagium
1611 2819 1634 2876 a
1647 2819 1748 2876 mer-
1784 2778 1918 2875 “idm

338 2927 530 3012 moribus
547 2931 649 3039 apud
666 2939 835 3014 castrum
852 2929 1001 3014 Salonis
1019 2931 1269 3043 exigendum,
1290 2929 1528 3040 alterumque
1542 2927 1746 3040 pedagium

339 3059 554 3143 influmine
570 3061 757 3145 Rhodano
771 3060 881 3171 juxta
899 3061 1090 3145 civitatem
1106 3061 1364 3146 arelatensem
1382 3070 1420 3144 et
1436 3062 1475 3142 in
1496 3059 1652 3144 brachio
1667 3059 1747 3144 llu-

340 3191 474 3299 minis‚
493 3201 573 3275 tam
590 3195 828 3278 ascendendo
844 3221 962 3305 quam
978 3195 1254 3279 descendendo.

375 3577 411 3650 (4)
430 3575 507 3635 Oddo
520 3576 662 3636 cardinalis
672 3576 763 3637 Sancti
773 3579 875 3636 Nicolai
884 3579 912 3636 in
921 3578 1189 3638 carcereTulliauoiu
1200 3579 1383 3638 alemanniam
1392 3579 1491 3638 missus
1500 3578 1748 3636 utexcommunica·

340 3673 440 3732 bouem
451 3679 545 3732 contra
557 3673 723 3732 Fridericam
736 3675 885 3750 publicaret
897 3681 925 3734 et
937 3675 1009 3734 illius
1022 3675 1102 3734 etiam
1114 3675 1308 3749 depositionem
1319 3674 1467 3746 moliretur,
1477 3675 1549 3732 siem
1562 3689 1642 3748 supra
1655 3673 1747 3731 retuli·

340 3777 410 3840 mus,
426 3785 456 3844 p.
470 3772 531 3842 tto,
546 3769 721 3845 medeam
734 3771 787 3830 sibi
800 3772 992 3846 promptiorem
1005 3773 1144 3832 invenerat
1157 3789 1165 3826 ε
1178 3771 1387 3846 Argentinemes
1399 3771 1473 3828 anim
1485 3785 1609 3829 unacum
1622 3771 1748 3845 episeopo

339 3881 390 3924 auo
398 3866 555 3940 jamdudum
567 3873 644 3926 extra
658 3867 729 3942 ragis
742 3869 849 3926 llanmci
863 3869 975 3942 gratiam
988 3875 1078 3940 cram,
1093 3870 1140 3944 qui
1154 3869 1222 3942 ipsis
1237 3873 1293 3926 um
1307 3867 1376 3954 bello
1386 3883 1468 3942 quam
1480 3867 1570 3926 danea
1581 3865 1749 3941 navigatione

340 3963 425 4021 Rbeni
435 3965 519 4022 multa
529 3964 774 4024 darnnainlerebat.
788 3965 922 4039 Dencgata
933 3972 1024 4024 auum
1035 3982 1116 4040 quam
1128 3965 1326 4041 postulaverant
1338 3980 1414 4039 paca,
1428 3965 1590 4024 omnnem
1602 3965 1748 4022 incivitate

339 4065 499 4134 receperunt
509 4061 589 4135 eique
600 4062 690 4120 omnia
701 4061 781 4135 hujus
789 4067 875 4120 terrae
887 4063 995 4135 negotia
1006 4061 1173 4120 discutienda
1185 4061 1346 4119 detulerunt.
1362 4061 1418 4119 llex
1430 4063 1531 4120 interea
1544 4061 1615 4119 eirea
1627 4075 1747 4119 mensem

339 4155 523 4230 septembrem
537 4159 602 4216 anni
620 4161 700 4230 tlte,
713 4159 826 4218 collecto
844 4161 962 4218 excreta
977 4161 1012 4218 ad
1030 4159 1208 4219 obsidendum
1226 4159 1296 4235 apud
1309 4160 1482 4234 argentinam
1495 4157 1656 4216 cardinalem
1670 4173 1747 4232 praa·

340 4253 452 4326 domm,
461 4271 556 4330 parum
567 4261 597 4314 ut
608 4256 717 4314 videtur
727 4257 855 4331 prelecit,
870 4272 932 4316 cum
941 4258 1085 4332 episcopua
1096 4263 1224 4316 etecmes
1233 4257 1449 4330 babeburgensis
1459 4255 1560 4314 desuis
1571 4253 1747 4329 copiisvicto

339 4353 407 4410 riam
419 4355 623 4429 reportaverint.
638 4357 691 4414 lles
706 4356 743 4414 ita
754 4371 841 4430 usque
853 4355 887 4413 ad
898 4369 999 4413 annum
1012 4362 1169 4430 seqmntem
1186 4355 1315 4430 preducta
1330 4361 1389 4427 est,
1404 4371 1458 4429 quo
1468 4353 1553 4412 abbas
1563 4352 1654 4412 Sancti
1665 4351 1745 4420 Galli,

341 4451 464 4509 ducentis
474 4451 572 4510 marcis
585 4453 620 4510 ab
637 4452 876 4528 Argentinensibus
888 4453 997 4524 solutis,
1018 4453 1127 4512 landem
1140 4454 1212 4512 iuter
1225 4453 1298 4527 ipsos
1311 4459 1338 4509 et
1351 4469 1442 4528 regem
1457 4452 1626 4510 concordiam
1643 4455 1746 4509 restau-

342 4547 427 4619 ravit,
443 4565 525 4623 qunm
542 4565 592 4624 per
604 4549 677 4609 istud
693 4549 901 4610 instrumentum
914 4549 1064 4608 Fridaricus
1080 4551 1230 4608 conlirmat.
1248 4550 1288 4608 cl.
1305 4549 1407 4608 Amrol.
1421 4551 1531 4623 Aruerat.
1543 4565 1586 4624 ap.
1597 4549 1743 4616 Romu,

342 4645 449 4712 Fontes,
461 4647 495 4704 ad
507 4663 571 4704 ann.
585 4650 703 4708 lm-
712 4647 787 4707 Hiat.
797 4649 929 4709 Noaimt.
940 4654 1057 4706 monost.
1069 4663 1114 4722 ap.
1126 4649 1276 4720 Murena,
1291 4649 1407 4706 macor.
1420 4649 1470 4720 lll,
1484 4651 1601 4706 tata·
1609 4645 1695 4704 Cosa.
1710 4661 1747 4704 ns

342 4742 443 4802 nom.
458 4759 504 4820 ap.
520 4745 626 4817 Pura,
640 4744 763 4804 Monam.
778 4745 851 4805 lltat.
863 4747 965 4820 Gula..
979 4747 1017 4819 ll,
1032 4749 1095 4806 484.
1107 4745 1340 4818 -ocumms,
1358 4745 1391 4803 ds
1408 4749 1490 4821 eptae
1503 4747 1627 4820 lapaut„
1641 4761 1670 4820 p.
1682 4745 1746 4804 275.
