4602 6084
569 655 608 718 12
1064 655 1276 718 lalobltlcl
1302 657 1473 718 sucuro!
1784 657 1865 737 [burt.
1885 659 1968 722 1227.

569 789 688 863 habito
709 812 814 886 snper
837 792 904 864 boo
929 791 1085 886 diligenti
1108 792 1249 864 consilio
1272 814 1353 864 cum
1375 791 1565 865 venerabili
1590 788 1860 886 Babinbergensi
1882 793 1972 887 epis·

566 935 666 1009 copo,
679 915 965 1010 dilectoprincipe
976 925 1104 1008 nostro,
1116 915 1238 988 etaliis
1257 914 1418 988 fidelibus
1434 916 1559 988 nostris
1573 915 1707 1011 imperii
1726 925 1807 988 tunc
1824 916 1860 986 in
1877 917 1971 988 curia

567 1045 682 1110 nostra
706 1039 924 1134 presentibus
948 1050 983 1112 et
1009 1039 1189 1112 nobiscnm
1214 1039 1446 1112 assidentibus
1466 1039 1502 1110 in
1525 1040 1662 1133 negotio
1685 1039 1899 1135 supradicto,
1926 1039 1970 1113 de

565 1162 707 1234 consilio
724 1173 759 1235 el
776 1163 972 1259 provisione
990 1163 1162 1259 ipsorum,
1186 1162 1355 1257 quicquid
1376 1143 1438 1258 per
1454 1162 1690 1259 supradictum
1712 1163 1883 1236 intrusum
1901 1165 1970 1236 lac·

565 1293 639 1357 tum
661 1307 737 1359 esse
758 1286 984 1381 dignoscitur,
1007 1287 1172 1362 duximus
1189 1286 1434 1359 sententialiter
1453 1285 1657 1358 irritandum
1680 1295 1880 1359 revocantes
1895 1308 1970 1358 om·

564 1407 646 1480 nino
669 1409 939 1502 infeudationes,
962 1411 1201 1504 obligationes,
1225 1409 1484 1483 distributiones
1500 1419 1535 1482 et
1548 1409 1784 1482 distractiones
1800 1395 1973 1504 quaslibet

564 1531 671 1604 iactas
681 1554 747 1628 per
764 1533 935 1605 intrusum
955 1531 1001 1606 de
1017 1534 1118 1608 bonis
1133 1533 1277 1606 ecclesie
1294 1541 1481 1606 memorate
1495 1542 1534 1604 ut
1546 1533 1661 1606 omnia
1674 1533 1783 1606 libere
1797 1533 1920 1606 oedere
1935 1541 1969 1606 et

564 1656 677 1729 redire
700 1657 849 1730 debeant
872 1658 908 1728 in
931 1679 1017 1730 usus
1034 1667 1069 1731 et
1091 1665 1293 1753 potestatem
1314 1657 1570 1752 Ratisponensis
1595 1657 1739 1730 ecclesie
1763 1665 1798 1730 et
1818 1659 1968 1752 episcopi

562 1781 750 1875 supradicti
767 1802 847 1854 cum
867 1781 1035 1852 lructibus
1053 1780 1168 1854 medio
1186 1790 1339 1876 tempore
1364 1781 1535 1876 perceptis
1554 1789 1589 1852 et
1610 1780 1851 1876 percipiendis,
1872 1791 1907 1853 et
1932 1789 1969 1852 nt

562 1904 665 1976 etiam
681 1905 834 1999 prelatus
852 1905 1004 1975 intrusus
1020 1913 1206 1978 memorato
1221 1905 1385 2000 episcopo
1398 1905 1552 1976 restituat
1569 1903 1739 1998 quicquid
1756 1903 1801 1976 dc
1818 1925 1970 1999 proven-

563 2027 657 2098 tibus
681 2027 935 2122 llatisponensis
955 2027 1097 2099 ecclesie
1122 2027 1158 2098 in
1184 2049 1271 2099 usus
1290 2029 1445 2124 proprios
1469 2029 1621 2100 noscitur
1643 2029 1863 2124 expendisse.
1894 2029 1967 2100 Non

563 2149 720 2222 obstante
735 2151 954 2224 concessione
972 2151 1088 2244 aliqua
1105 2173 1168 2246 per
1183 2172 1300 2244 regem
1314 2152 1511 2240 chricum,
1530 2151 1749 2225 karissimum
1764 2151 1873 2224 lilium
1892 2174 1969 2226 nos·

563 2284 668 2366 trum,
689 2272 843 2369 predicto
857 2275 988 2347 intruso
1001 2275 1130 2348 exinde
1149 2276 1256 2365 iacta,
1274 2275 1460 2348 cumidem
1476 2277 1650 2349 Romanus
1668 2297 1731 2348 rex
1751 2274 1842 2347 lilius
1857 2287 1969 2349 noster

564 2396 683 2470 dolose
701 2399 737 2470 in
761 2399 827 2470 hoc
851 2399 1105 2472 circumventus
1133 2399 1238 2472 luisse
1263 2409 1423 2472 noscatur
1441 2409 1476 2472 et
1493 2401 1675 2496 appellatio
1690 2399 1736 2474 ad
1758 2399 1967 2473 audientiam

564 2531 679 2595 nostre
692 2523 878 2616 majestatis
894 2524 1094 2619 precesserit
1109 2546 1179 2618 qua
1192 2523 1363 2618 pendente
1381 2525 1486 2596 nicb'rl
1503 2525 1637 2617 dejure
1650 2535 1782 2620 poterat
1796 2525 1965 2598 innovari.

563 2647 769 2719 Mandamns
790 2647 895 2742 igitur
920 2655 955 2720 et
979 2647 1120 2720 firmiter
1146 2647 1342 2722 inhibemus
1365 2658 1537 2742 quatenus
1560 2650 1677 2720 nullus
1697 2649 1742 2722 sit
1763 2649 1825 2745 qui
1853 2659 1968 2722 contra

563 2769 653 2843 hanc
682 2770 880 2843 irritationis
901 2779 935 2844 et
956 2773 1184 2845 revocationis
1205 2781 1320 2846 nostre
1343 2773 1546 2845 sententiam
1567 2783 1742 2868 presumat
1762 2783 1888 2847 temere
1907 2773 1968 2846 ob·
2104 2847 2105 2850 ,

563 2893 677 2986 viare3
700 2894 796 2988 quod
814 2893 876 2988 qui
899 2895 1145 2990 presumpserit
1165 2895 1439 2989 indignationem
1458 2896 1564 2968 nostri
1591 2897 1750 2968 culminis
1777 2917 1815 2968 se
1837 2895 1970 2969 noverit

564 3019 796 3092 incursurum.
816 3018 871 3090 Ad
893 3020 993 3111 cnjus
1010 3019 1060 3090 rei
1079 3020 1277 3091 memoriam
1297 3040 1437 3114 presens
1458 3020 1620 3114 scriptum
1642 3017 1716 3092 fieri
1734 3019 1896 3110 lecimus,
1921 3018 1969 3090 si·

564 3135 650 3234 gillo'
662 3143 847 3234 majestatis
865 3151 980 3214 nostre
999 3143 1183 3217 munitum.

610 3267 735 3338 Datum
765 3265 889 3340 Mollia.
921 3266 1023 3338 Anno
1052 3267 1224 3340 dominice
1256 3267 1499 3340 incarnationis
1528 3267 1708 3340 millesimo
1736 3265 1969 3339 ducentesimo

561 3389 727 3462 vicesimo
746 3391 904 3486 septimo.
924 3391 1041 3463 Mense
1056 3391 1147 3482 julii.
1171 3391 1298 3476 Quinte
1316 3390 1450 3463 decime
1469 3391 1678 3463 indictionis.

460 3986 503 4021 .0,
618 3923 845 4029 Fridericus,
866 3922 1125 4006 Romanorum
1149 3918 1368 4026 imperator,
1394 3927 1558 4026 quatuor
1581 3919 1809 4000 monasteria
1831 3919 1969 4001 cister-

566 4061 702 4142 ciensis
728 4057 873 4141 ordinis
896 4055 935 4135 in
955 4051 1108 4135 Austris
1127 4049 1217 4156 sita,
1239 4050 1380 4132 scilicet
1398 4051 1576 4131 Sanctum
1597 4051 1756 4133 Crucem
1781 4049 1971 4161 (Heilige-

566 4189 971 4301 krautz),·Lilienfcld,
992 4187 1108 4271 chlt
1126 4194 1164 4267 ct
1181 4183 1534 4294 baumgartenberg
1555 4184 1595 4263 in
1619 4210 1690 4267 sua
1709 4184 1861 4292 speciali
1875 4211 1970 4294 pro-

566 4326 726 4406 tectione
743 4323 893 4430 recipit,
914 4321 968 4404 eis
986 4319 1244 4428 possessiones
1262 4327 1300 4399 et
1317 4317 1419 4400 bonu
1438 4316 1638 4398 confirmat
1660 4343 1780 4426 eaque
1799 4316 1848 4399 ab
1866 4317 1969 4399 omni

564 4458 762 4540 advocatia
778 4455 899 4537 libera
916 4464 953 4536 et
970 4463 1143 4559 exempta
1160 4452 1371 4533 denuntiat.

653 4647 769 4728 (lldldit
786 4646 991 4716 nasaniam,
1015 4643 1098 4702 Fasti
1115 4636 1353 4720 campililbtuet,
1377 4634 1459 4698 decor
1478 4639 1541 4715 ΙΙΙ,
1562 4645 1577 4710 s
1595 4639 1654 4710 ΙΙΙ,
1674 4655 1702 4716 p.
1724 4647 1781 4700 '168
1804 4645 1834 4700 el
1855 4639 1972 4716 seque

704 4758 888 4830 transumpto
900 4751 1069 4812 sutbcutlco
1083 4751 1153 4812 sunl
1172 4757 1263 4820 tuot,
1279 4747 1358 4826 apud
1369 4745 1523 4808 Llllenlcld
1537 4744 1713 4823 asservato.)
