4702 6110
558 571 619 634 390
1083 569 1255 636 llElllllGl
1278 571 1449 636 stertui
1785 572 1867 657 [Aur.
1885 573 1972 639 lm.

564 706 715 804 polensis
744 705 916 802 episcopi,
938 703 1078 782 Austrie
1107 717 1141 780 et
1166 709 1311 784 annrm
1333 709 1386 808 (l)
1409 709 1540 784 ducum
1560 709 1729 802 jussimus
1754 709 1972 784 communiri.

609 835 735 904 Datum
752 830 848 926 apud
865 829 1112 927 Nordelingen,
1133 854 1225 906 anno
1243 833 1417 909 dominice
1431 833 1674 908 incarnationis
1686 835 1735 910 Μ·
1748 833 1811 908 CC’
1824 835 1902 908 XX·
1915 855 1976 908 oc·

562 967 654 1048 lavo,
675 953 822 1052 septimo
836 953 916 1028 idus
932 957 1153 1051 septembris,
1175 957 1363 1033 indictione
1378 960 1490 1058 prima
1508 957 1575 1056 (2).

614 1599 801 1684 Henrieus
823 1599 1087 1685 Romanorum
1118 1629 1209 1708 rex,
1237 1603 1287 1685 ad
1316 1601 1537 1712 petitionem
1565 1603 1729 1687 Comadi
1760 1601 1908 1686 abbatis
1934 1602 1975 1686 in

563 1733 776 1840 lleisbeim,
801 1733 890 1846 iure
917 1735 1088 1819 advocati
1116 1735 1304 1846 adprobat
1325 1747 1364 1820 et
1385 1735 1585 1821 confirmat
1606 1733 1873 1820 concambium
1898 1761 1977 1847 quo

562 1867 798 1984 Wnlcuonus
811 1867 999 1978 plebanus
1012 1871 1061 1953 de
1074 1869 1249 1954 Horburo
1264 1869 1445 1981 praedicto
1460 1870 1589 1955 abbati
1602 1881 1640 1954 et
1651 1869 1734 1982 ejus
1747 1869 1978 1954 monasterio

563 2000 721 2108 silvam,
738 2003 812 2086 Ger
824 2001 988 2108 dictam,
1003 2027 1074 2112 pro
1092 2004 1180 2088 dote
1195 2005 1366 2116 quadam
1387 2005 1437 2088 ad
1458 2004 1656 2088 ecelesiam
1672 2003 1847 2090 llorburo
1859 2027 1977 2113 speo-

561 2144 665 2218 tante
677 2135 847 2221 tradidit.

574 2445 577 2453 ¹
644 2349 739 2430 (Edit.
759 2351 791 2411 ln
804 2351 932 2412 Monam.
950 2351 1050 2432 Boia,
1065 2359 1139 2414 tom.
1152 2352 1255 2427 XXX,
1272 2369 1342 2432 pars
1355 2355 1392 2428 1·,
1408 2371 1439 2433 p.
1460 2363 1528 2433 157,
1544 2363 1579 2415 n⁰
1593 2363 1668 2430 689,
1685 2371 1723 2416 ex
1740 2355 1877 2434 originali
1893 2358 1979 2434 cnjus

681 2457 812 2537 slglllmn
834 2461 931 2536 perllt.
956 2459 1154 2521 Memoratum
1180 2465 1279 2522 anoem
1301 2463 1334 2522 ln
1356 2479 1396 2522 nn
1418 2461 1575 2536 muca,
1597 2459 1693 2524 Guel-
1717 2457 1770 2522 der
1796 2459 1904 2544 tirason
1923 2477 1979 2522 oon

681 2562 925 2646 Laicpemilnde,
939 2583 970 2644 p.
989 2564 1052 2646 ³⁹.)

612 2754 779 2828 tlenrious
805 2753 869 2828 Dei
894 2755 1006 2849 gratia
1031 2755 1265 2828 Romanorum
1287 2775 1352 2828 rex
1376 2764 1412 2828 et
1433 2775 1569 2852 semper
1589 2763 1780 2848 augustus,
1807 2754 1980 2830 universis

566 2879 688 2952 Christi
715 2877 877 2951 fidelibus
902 2887 973 2952 um
996 2878 1213 2974 presentibus
1235 2901 1342 2974 quam
1370 2880 1496 2952 suturis
1522 2880 1790 2976 imperpetuum.
1818 2879 1978 2976 Religioni

564 3025 735 3102 pauperes
749 3003 873 3076 Christi
895 3003 958 3098 qui
979 3023 1049 3075 non
1067 3003 1172 3076 armis
1194 3005 1388 3078 actualibus
1412 3013 1530 3078 eontra
1558 3005 1674 3078 hostes
1698 3005 1852 3080 visibiles
1868 3004 1979 3079 dimi-

565 3139 664 3222 cant,
683 3150 806 3201 verum
829 3127 998 3201 adversus
1021 3127 1130 3200 aerias
1153 3135 1339 3224 potestates
1359 3127 1418 3201 die
1439 3137 1615 3224 noctuque
1639 3129 1785 3202 viriliter
1802 3128 1980 3204 decertant

566 3266 602 3330 et
622 3276 686 3352 pro
702 3262 794 3327 statu
814 3253 919 3326 totius
939 3253 1091 3326 Ecclesie
1110 3254 1271 3348 precibus
1292 3253 1474 3327 indefessis
1496 3254 1706 3328 incessanter
1725 3263 1889 3346 exorant,
1910 3275 1980 3326 ne-

566 3403 660 3456 oesse
685 3379 816 3452 babent
836 3387 874 3450 ut
891 3377 939 3450 ad
956 3399 1011 3451 res
1027 3379 1232 3474 temporales
1254 3379 1291 3450 in
1308 3378 1382 3452 suis
1407 3379 1641 3451 eontractibns
1662 3377 1864 3451 muniantur
1879 3387 1915 3452 et
1933 3377 1981 3452 ad

566 3503 804 3582 excludendas
831 3503 939 3576 lutnri
967 3503 1130 3599 temporis
1155 3502 1300 3576 insidias
1324 3503 1542 3576 autoritatem
1572 3503 1666 3598 regie
1691 3503 1879 3598 majestatis
1904 3503 1982 3578 effi-

567 3633 691 3706 caciter
713 3631 911 3704 sortiantur.
942 3628 1032 3715 Quia
1055 3628 1162 3723 igitur
1185 3629 1364 3704 eeclesiam
1387 3629 1423 3701 in
1449 3628 1624 3702 Keisbeim
1649 3649 1712 3724 pm
1736 3627 1903 3722 religione
1925 3627 1981 3701 sui

513 3817 517 3824 .
567 3757 750 3854 specialius
766 3754 957 3850 diligimus,
976 3753 1092 3827 eidem
1114 3755 1150 3826 in
1172 3754 1245 3826 anis
1268 3753 1416 3848 negotiis
1434 3762 1469 3826 et
1488 3753 1722 3826 contractibus
1747 3751 1981 3831 omnimodam

567 3881 785 3954 securitatem
818 3887 852 3951 et
879 3899 999 3974 paoem
1028 3876 1257 3952 desideratam
1283 3899 1521 3972 procuramus.
1551 3879 1744 3952 Innotescat
1771 3877 1890 3972 itaque
1910 3886 1981 3952 um

567 4002 784 4099 presentibus
797 4023 903 4097 quam
919 3999 1045 4072 futuris
1057 3998 1154 4096 quod
1166 4001 1366 4098 petitionem
1380 4000 1589 4075 venerabilis
1606 4001 1778 4075 Cuonradi
1790 4001 1927 4076 abbatis
1942 4001 1979 4074 in

605 4311 639 4382 (tl
658 4308 818 4368 ludowicus
830 4307 885 4366 dux
899 4306 1025 4366 &variae
1036 4305 1082 4364 bio
1092 4305 1126 4364 ad
1137 4305 1258 4364 ultimam
1270 4306 1357 4364 vicem
1374 4305 1403 4362 in
1420 4304 1589 4365 dooumontls
1604 4307 1685 4382 regiis
1700 4314 1822 4383 apparet.
1839 4307 1893 4365 llex
1909 4299 1982 4365 'enim

570 4407 702 4466 llsnricus
719 4405 912 4480 septemdecim
936 4419 1021 4462 annos
1045 4409 1138 4475 natus,
1159 4403 1249 4462 audita
1268 4403 1352 4478 patris
1371 4403 1413 4462 sni
1435 4403 1463 4460 in
1484 4409 1584 4462 terram
1607 4411 1728 4464 modam
1753 4403 1982 4478 mamaeam,

569 4513 634 4562 tnnc
652 4504 782 4578 temporis
792 4517 822 4560 se
832 4502 921 4576 ipsum
932 4501 1101 4576 emancipare
1116 4501 1218 4575 coepit,
1231 4501 1395 4576 tutelamque
1406 4490 1483 4560 ducis
1493 4502 1597 4576 respuit
1614 4501 1658 4560 cui
1671 4503 1752 4560 edam
1766 4518 1837 4561 anno
1854 4507 1985 4578 sequente

568 4601 667 4662 bellum
683 4601 789 4660 indixit.

605 4701 641 4776 (t)
656 4699 717 4764 vid.
731 4713 813 4773 supra
823 4714 852 4773 p.
864 4701 927 4770 ³08,
940 4703 997 4756 not.
1011 4699 1039 4756 2.
