4710 6076
510 587 570 651 310
1040 585 1211 648 ttttttmct
1236 585 1403 649 seruitii
1740 588 1821 674 [tra.
1841 593 1927 654 1227.

514 735 628 798 torum
657 722 811 796 fidelium
838 732 1031 796 nostrorum
1056 723 1308 798 uenerabilium
1330 727 1472 798 fratrum
1493 724 1620 798 domus
1640 726 1930 802 Tlrentonioornm

514 852 637 922 Sancto
654 848 761 920 llario
780 847 816 920 in
834 849 1047 922 iherusalem
1068 871 1137 944 que
1160 849 1289 946 pluries
1308 850 1409 924 nobis
1427 859 1462 924 et
1482 850 1627 946 imperio
1644 833 1882 926 exhibuerunt
1897 859 1932 928 et

513 972 680 1046 exhibent
696 971 920 1056 incessanter,
939 973 1128 1046 deliberato
1142 974 1286 1048 consilio
1302 975 1497 1071 principum
1517 976 1744 1070 consultaque
1761 977 1931 1052 delibera·

514 1098 607 1170 tione
623 1096 825 1170 eorumdem
844 1097 936 1170 dicte
954 1097 1074 1170 domui
1089 1107 1124 1170 et
1140 1097 1303 1172 tratribus
1323 1097 1481 1191 ejusdem
1503 1097 1594 1170 hanc
1619 1100 1764 1174 fecimus
1781 1101 1928 1196 gratiam

512 1232 547 1296 et
567 1221 730 1295 dedimus
747 1221 939 1294 libertatern
956 1232 995 1294 nt
1009 1243 1230 1318 quecumque
1243 1222 1424 1318 privilegia
1442 1221 1711 1296 confirmationis
1723 1245 1786 1296 seu
1801 1225 1930 1298 litteras

513 1346 558 1420 dc
577 1346 684 1440 regali
705 1347 762 1418 vel
781 1345 951 1442 imperiali
974 1357 1135 1444 poterunt
1156 1347 1372 1440 indulgentia
1390 1345 1546 1420 obtinere
1564 1347 1640 1420 sine
1661 1347 1755 1420 omni
1780 1349 1925 1440 solario,
2050 1365 2051 1368 ’

512 1471 624 1566 pretio
637 1471 694 1542 vel
710 1470 780 1543 ulla
794 1492 937 1566 prorsus
953 1473 1137 1544 exactione
1152 1471 1359 1562 cancellarii,
1378 1469 1625 1567 prothonotarii
1644 1473 1700 1544 vel
1717 1473 1927 1547 notariorum

377 1600 386 1626 '
511 1615 573 1690 pro
588 1604 742 1690 tempore
763 1595 1025 1668 constitutorum
1045 1594 1131 1690 ipsis
1148 1594 1335 1668 ministrari
1352 1593 1502 1668 debeant
1517 1604 1553 1666 et
1570 1594 1705 1668 donari.
1723 1594 1779 1668 Ad
1799 1597 1863 1672 hec
1881 1598 1928 1670 ad

511 1719 735 1792 imitationem
757 1719 964 1792 serenissimi
989 1719 1122 1793 domini
1141 1719 1178 1791 F.
1196 1721 1427 1793 Romanorum
1445 1719 1660 1816 imperatoris
1682 1719 1789 1815 patris
1803 1724 1924 1810 nostri,

511 1844 689 1939 antiquam
714 1865 833 1916 eorum
853 1843 1022 1936 justitiam
1053 1853 1088 1916 et
1113 1843 1377 1918 familiaritatem
1405 1865 1512 1938 quarn
1539 1839 1607 1942 [in]
1634 1843 1801 1940 imperiali
1830 1847 1926 1918 curia

510 1971 613 2063 longa
628 1991 689 2064 per
705 1979 857 2064 tempora
873 1967 967 2042 fideli
986 1989 1106 2042 eorum
1123 1967 1288 2040 famulatu
1308 1967 1558 2042 interveniente
1571 1967 1812 2062 obtinuerunt,
1829 1970 1927 2044 vide·

511 2093 590 2166 licet
610 2101 651 2165 nt
671 2093 880 2187 cuicumque
902 2115 950 2166 ex
976 2093 1139 2166 tratribus
1155 2092 1337 2166 antedictis
1355 2103 1535 2188 preceptor
1560 2101 1596 2166 et
1612 2091 1871 2166 commendator
1889 2093 1924 2165 in

511 2217 690 2292 alemania
718 2217 869 2290 extiterit
900 2227 1059 2312 sumptus
1084 2227 1120 2290 et
1147 2237 1300 2311 expense
1331 2227 1461 2311 septem
1482 2237 1705 2312 personarum
1726 2227 1762 2289 et
1784 2215 1925 2290 totidem

508 2364 691 2439 equorum,
703 2351 738 2416 et
750 2342 853 2414 trium
866 2364 1034 2437 equorum
1049 2341 1288 2416 elemosinario
1303 2341 1410 2432 tratri,
1421 2341 1552 2414 scilicet
1563 2342 1779 2437 elemosynas
1797 2363 1925 2438 paupe·

509 2467 607 2540 ribus
619 2467 787 2561 eroganti,
802 2467 838 2538 in
853 2467 950 2539 nuria
966 2467 1135 2563 imperiali
1155 2477 1318 2560 tanquam
1333 2464 1462 2536 familie
1476 2475 1591 2538 nostre
1606 2465 1754 2562 ascripta
1766 2466 1849 2561 ipsis
1864 2465 1925 2537 mi·

509 2591 644 2664 nistrari
666 2591 834 2680 debeant,
850 2592 1052 2664 auctoritate
1070 2591 1166 2685 regia
1188 2589 1448 2679 confirmamus;
1469 2597 1658 2662 statuentes
1672 2599 1708 2662 et
1727 2589 1794 2662 snb
1813 2589 1925 2662 inter-

507 2715 696 2788 minatione
722 2715 831 2809 gratie
857 2725 971 2788 nostre
996 2713 1137 2787 firmiter
1164 2713 1392 2809 precipientes
1414 2721 1452 2784 nt
1478 2713 1573 2784 nulla
1598 2735 1753 2806 unquam
1779 2733 1924 2808 persona

507 2837 648 2909 humilis
662 2838 717 2910 vel
734 2839 816 2928 alta,
828 2838 1059 2910 ecclesiastica
1073 2837 1131 2910 vel
1144 2835 1540 2931 secularis,prescriptas
1548 2836 1721 2908 libertates
1734 2857 1796 2908 seu
1807 2835 1925 2910 indul-

507 2963 641 3056 gentias
654 2973 723 3034 tam
735 2983 756 3034 a
769 2961 1016 3056 nobisquama
1032 2961 1125 3034 divis
1138 2960 1414 3056 progenitoribus
1428 2961 1552 3033 nostris
1563 2961 1748 3057 sepedictis
1762 2960 1924 3034 iratribus

507 3083 661 3158 indultas
681 3085 868 3180 intringere
886 3085 1014 3158 audeat
1035 3085 1092 3158 uel
1110 3085 1361 3178 cujuscumque
1379 3084 1509 3180 ingenii
1529 3085 1693 3181 scrupulo
1712 3093 1919 3182 permutare.

506 3209 608 3294 Quod
629 3210 691 3304 qui
714 3211 827 3282 lacere
850 3210 1104 3305 attemptaverit
1125 3209 1397 3304 indignationem
1415 3209 1582 3282 tremendi
1594 3209 1726 3302 judicis
1740 3219 1923 3304 nostreque

505 3333 722 3406 celsitudinis
742 3355 883 3426 gravem
905 3333 1072 3406 offensam
1089 3355 1127 3407 se
1145 3333 1280 3407 novarit
1301 3333 1497 3406 incurrisse.
1520 3331 1575 3406 Ad
1592 3331 1696 3426 hujus
1712 3332 1828 3428 itaque
1842 3332 1923 3405 lacti

506 3459 611 3532 nostri
628 3460 734 3532 robnr
752 3468 918 3555 perpetuo
937 3447 1126 3531 ualiturum
1143 3465 1336 3554 presentem
1354 3455 1406 3529 eis
1422 3457 1568 3530 litteram
1590 3455 1800 3528 indulsimus
1815 3455 1922 3528 nostri

504 3582 608 3678 sigilli
634 3583 825 3656 munimine
851 3582 1065 3678 insignitam.

552 3709 668 3781 Testes
681 3706 730 3780 hii
740 3716 822 3779 sunt
833 3706 983 3780 Sitridus
998 3707 1236 3801 lllaguntinns,
1248 3703 1481 3780 Theodericus
1495 3701 1728 3790 Trauerensis,
1742 3701 1922 3790 Heinricus

503 3833 731 3918 Coloniensis,
751 3831 975 3906 Eberhardua
988 3831 1262 3924 saltzburgensis
1275 3827 1546 3924 archiepiscopi,
1566 3829 1783 3900 dermannus
1799 3825 1921 3898 Herbi·

504 3957 672 4052 polensis,
697 3956 878 4028 Heinricus
906 3955 1123 4046 Eistetensis,
1147 3953 1330 4027 Heinrions
1353 3951 1570 4043 Basiliensis,
1602 4004 1610 4022 .
1643 4003 1651 4020 .
1684 4001 1693 4020 .
1725 4003 1734 4020 .
1761 3949 1813 4044 (l)
1838 3949 1921 4021 leo-

504 4081 654 4174 diensis,
673 4082 823 4154 lacobus
845 4081 1074 4172 senonensis,
1097 4081 1180 4152 lllilo
1196 4077 1415 4152 Belvacensis
1429 4075 1483 4174 (2)
1499 4075 1670 4172 episcopi,
1693 4074 1783 4170 layci
1807 4073 1921 4148 Ludo·

505 4205 611 4278 uirus
621 4205 697 4279 dux
712 4207 873 4278 Bawarie
887 4204 1060 4300 palatinus
1074 4225 1190 4276 nomes
1204 4201 1308 4294 Rani,
1323 4199 1498 4298 Lupoldus
1514 4199 1590 4273 dnn
1600 4198 1738 4270 Austris
1751 4205 1786 4269 et
1798 4197 1917 4282 Stiric,

1772 4386 1911 4400 ..ψ

536 4513 574 4684 ((3
591 4512 883 4684 Socrdlffildaurioinense
891 4607 969 4680 iunio
987 4607 1050 4666 anni
1068 4607 1255 4683 praecedentis
1271 4605 1432 4665 Francorum
1445 4605 1516 4680 regis
1532 4604 1559 4660 in
1581 4601 1695 4677 imperio
1714 4599 1831 4675 legatus,
1848 4613 1919 4656 nunc

502 4709 591 4768 denuo
602 4723 653 4783 pro
664 4706 777 4782 negotiis
788 4705 912 4779 ejusdem
924 4705 995 4780 regis
1006 4721 1131 4764 reversis
1143 4705 1258 4762 videtur.
