4710 6076
543 647 605 710 332
1074 655 1244 720 llENlllCl
1269 661 1437 728 solunt!
1772 665 1852 752 [An.
1871 669 1957 734 1227.

548 785 658 860 electo
679 795 714 860 et
739 787 850 885 ipsius
870 791 1128 866 sumessoribos
1150 805 1185 869 cl
1205 799 1359 874 ecclesiis
1387 803 1544 896 ejusdem
1567 801 1716 876 civitmis
1736 803 1817 897 jura
1840 829 1905 880 saa
1926 815 1961 880 et

547 911 817 986 consuetudines
841 915 1001 1010 antiquas
1025 927 1060 990 et
1083 919 1279 1015 libertates,
1302 926 1393 1001 sicut
1416 949 1476 1002 eas
1498 928 1535 1000 in
1559 927 1653 1002 dicta
1671 927 1809 1002 civitate
1829 939 1961 1028 tempo·

546 1035 645 1110 ribos
664 1038 789 1114 nostris
801 1048 837 1112 ot
846 1040 1129 1135 predecessorum
1146 1057 1340 1124 nostrornm
1355 1053 1595 1149 possedemnt,
1613 1053 1866 1128 innovamnset
1881 1077 1960 1151 pre·

547 1159 654 1233 sentis
677 1161 796 1258 scripti
821 1165 1011 1259 patrocinio
1034 1167 1276 1246 confirmamus
1296 1184 1332 1248 et
1355 1177 1391 1248 in
1417 1186 1623 1274 perpetuum
1646 1177 1809 1250 volumus
1828 1179 1959 1254 illibata

544 1303 755 1358 conservam.

593 1407 718 1480 Actum
745 1411 840 1506 apud
860 1411 1103 1507 wormatiam,
1124 1439 1217 1492 anno
1241 1421 1414 1498 dominice
1431 1425 1677 1500 incarnationis
1695 1425 1877 1500 millesimo
1893 1428 1958 1503 du·

545 1533 733 1606 centesimo
755 1535 925 1628 vigesimo
946 1539 1107 1633 septimo,
1124 1552 1224 1616 sexto
1245 1545 1412 1622 kalendas
1432 1549 1531 1634 maii,
1554 1547 1741 1623 indictione
1761 1549 1883 1644 quinta
1898 1549 1959 1624 de-

544 1678 646 1730 orma.

485 2267 503 2336 ς
594 2235 779 2320 Henrious
800 2235 1061 2320 Romanorum
1088 2263 1155 2320 rex
1178 2235 1340 2320 Henrico
1361 2235 1538 2346 episeopo
1565 2237 1861 2346 Wormstiensi,
1885 2266 1955 2350 pro

538 2397 585 2456 eo
600 2371 706 2482 quod
719 2370 821 2454 idem
838 2369 1038 2480 episcopus
1051 2370 1288 2482 Wimpinam
1303 2382 1341 2454 et
1357 2381 1527 2456 castrum
1543 2371 1743 2458 Eberbach
1763 2373 1835 2458 sibi
1848 2373 1953 2458 libe-

537 2505 668 2588 raliter
684 2503 917 2614 recognovit,
933 2503 984 2588 od
1001 2503 1229 2588 solutionem
1246 2505 1352 2588 millo
1369 2515 1624 2590 trecemarum
1645 2531 1863 2590 mmmmm
1881 2533 1953 2590 ar-

537 2638 641 2750 genti
655 2636 980 2748 seobligat,datis
992 2635 1281 2749 fidejussoribus
1293 2639 1441 2724 idoneis
1453 2640 1615 2724 etcertis
1627 2639 1799 2723 terminis
1811 2639 1954 2724 ibidem

537 2795 738 2882 expressis.

622 2985 757 3067 (Edlder.
778 2987 900 3066 Lumo,
913 2984 1123 3068 llcicbaarclu‘o,
1137 2995 1162 3050 t.
1184 2989 1273 3070 xxl,
1293 3005 1324 3067 p.
1341 2997 1430 3050 1298.
1443 2989 1676 3070 -Scmnmr,
1697 2989 1775 3050 ilict.
1796 2987 1950 3064 worout..

657 3111 688 3172 p.
708 3090 790 3176 tot.)
1461 3097 1465 3104 '

584 3281 754 3355 ilenricns
770 3281 832 3354 Dei
848 3281 958 3376 gaba
970 3281 1202 3354 Romanorum
1215 3303 1279 3356 rex
1293 3294 1328 3358 et
1341 3305 1478 3380 semper
1489 3291 1670 3374 augustus.
1689 3279 1866 3356 Universis
1879 3279 1950 3352 im·

536 3407 625 3505 perii
639 3405 802 3481 fidelibus
815 3405 945 3500 quibus
960 3427 1102 3502 presens
1119 3407 1285 3503 scriptum
1299 3409 1488 3482 innotuerit
1501 3416 1658 3482 constare
1673 3407 1836 3480 volumus
1852 3405 1950 3500 qood

535 3531 745 3608 venerabilis
759 3551 802 3604 ac
816 3529 964 3604 dilectos
984 3530 1144 3628 princeps
1164 3541 1280 3606 noster
1300 3533 1344 3604 Η.
1368 3531 1628 3606 wormatiensis
1643 3529 1828 3627 episcopus
1840 3528 1950 3600 Wim·

535 3655 654 3753 pinam
678 3663 714 3728 et
736 3663 887 3728 castrum
906 3653 1085 3727 Eberbaoh
1109 3677 1188 3727 cum
1207 3676 1329 3729 eornm
1348 3655 1536 3729 attinentiis
1554 3654 1720 3728 absolutis
1738 3665 1854 3727 nostre
1876 3674 1949 3726 ma·

532 3780 649 3876 jestati
674 3779 813 3854 nomine
827 3779 924 3854 leudi
946 3779 992 3853 do
1007 3801 1178 3853 consensu
1201 3779 1256 3852 sui
1280 3779 1422 3878 capitoli
1442 3779 1628 3854 liberaliter
1651 3775 1868 3874 recognovit,
1892 3799 1948 3849 ro-

534 3905 680 3980 servatis
695 3905 763 3978 sibi
779 3906 936 3980 vassallis
950 3903 1111 3980 debonis
1129 3904 1262 3979 eisdem
1281 3905 1327 3978 ab
1339 3905 1416 4002 ipso
1433 3914 1468 3979 et
1484 3903 1628 3978 ecclesia
1642 3901 1886 3976 Wormationsi
1900 3901 1946 3974 ad

533 4049 677 4126 presens
698 4028 898 4103 infeodatis.
927 4029 997 4102 Nos
1019 4029 1137 4124 itaque
1162 4031 1199 4102 in
1223 4029 1507 4103 resmnrationem
1529 4028 1636 4120 hujus
1662 4023 1875 4100 liberalitatis
1899 4023 1946 4098 ad

533 4153 799 4252 persolutionem
822 4153 916 4225 mille
942 4161 1171 4226 trecentarum
1194 4173 1388 4226 mmmmm
1414 4151 1528 4226 eidem
1552 4149 1717 4248 episcopo
1742 4157 1777 4221 et
1802 4145 1946 4219 ecclesio

531 4277 776 4354 Wormaliensi
804 4277 859 4350 vel
894 4299 957 4350 suo
982 4278 1191 4370 successori,
1216 4277 1246 4351 si
1269 4277 1456 4372 jamdictus
1479 4275 1685 4373 episcopus,
1711 4270 1808 4368 quod
1833 4269 1942 4362 absit,

532 4405 656 4480 obierit
678 4403 848 4478 solutione
867 4401 1086 4498 imperfecta,
1110 4403 1261 4498 regalem
1288 4412 1440 4476 nostram
1468 4401 1664 4496 obligamus
1688 4416 1887 4493 personam,
1909 4404 1946 4466 et

531 4529 622 4602 hano
637 4527 882 4622 obligationem
898 4525 1045 4601 dilectus
1060 4535 1096 4599 ot
1110 4525 1319 4600 venerabilis
1334 4525 1495 4622 princeps
1509 4531 1627 4598 noster
1641 4520 1705 4594 Tb.
1724 4515 1944 4592 Treveransis

531 4651 810 4748 archiepiscopus
824 4661 860 4724 et
872 4653 915 4723 ll.
936 4649 1170 4724 Einstedensis
1185 4654 1368 4748 episcopus
1381 4671 1461 4722 com
1478 4647 1554 4746 ipso
1566 4645 1729 4744 episcopo
1747 4664 1789 4716 ac
1803 4641 1944 4716 nomino

530 4775 792 4852 wormatiensis
810 4776 954 4850 ecclesie
977 4785 1194 4874 receperunt.
1210 4775 1368 4850 Prodicte
1384 4773 1489 4850 mam
1510 4773 1605 4845 mide
1622 4778 1658 4844 et
1670 4767 1746 4842 CCC
1765 4786 1880 4840 maroe
1897 4763 1943 4838 de
