4658 6132
542 607 600 668 108
1040 609 1251 670 Fulusltlcl
1276 609 1449 673 SECUNDl
1762 615 1841 698 [dnn.
1860 617 1946 680 lasa.

539 742 735 814 tentiarium
758 753 930 836 nostrum,
951 743 1050 818 nobis
1073 744 1165 816 misit
1183 745 1420 841 supradictum
1441 749 1694 845 transcriptum.
1716 751 1794 838 Quo
1817 761 1950 828 retento

538 888 580 938 ac
593 867 776 960 diligenter
789 877 905 942 notato
917 867 1069 942 vidimus
1085 868 1120 940 in
1134 889 1177 942 eo
1194 869 1283 942 inter
1297 878 1409 944 cetera
1425 869 1577 965 quedam
1594 871 1766 947 mirabilia
1781 877 1951 951 contineri

537 1011 607 1084 que
629 991 800 1064 sanctitati
815 1003 928 1066 vestre
951 991 996 1064 de
1019 991 1127 1065 verbo
1149 993 1196 1067 ad
1222 993 1367 1066 verbum
1390 994 1558 1067 duximus
1581 997 1842 1072 transmittenda
1872 999 1886 1096 (
1911 1001 1944 1097 ),

536 1115 636 1188 beate
648 1115 962 1212 circumspectionis
972 1124 1085 1188 vestre
1101 1116 1333 1210 relinquentes
1337 1117 1471 1210 judicio
1481 1118 1648 1215 principis
1661 1120 1767 1213 hujus
1781 1122 1948 1196 malitiam

536 1237 746 1312 evidentem.
769 1239 839 1312 Nos
859 1238 965 1332 igitur
982 1260 1029 1312 ex
1046 1240 1156 1312 forma
1172 1249 1371 1334 treguarom
1396 1241 1629 1334 instrumenti,
1651 1253 1768 1340 utpote
1784 1246 1846 1340 qui
1863 1247 1947 1319 nihil

535 1360 633 1435 aliud
652 1363 899 1458 querebamus,
922 1385 969 1436 ex
987 1371 1071 1435 tunc
1088 1363 1281 1459 incepimus
1301 1373 1455 1437 nostrum
1473 1365 1655 1439 consilium
1679 1369 1841 1443 ordinare
1860 1393 1947 1464 qna·

536 1483 613 1556 liter
638 1483 674 1556 in
699 1493 768 1558 toto
797 1485 935 1581 negotio
961 1483 1148 1582 procedere
1176 1485 1392 1560 deberemus.
1424 1487 1510 1560 Cum
1534 1489 1640 1585 igitur
1664 1491 1822 1588 inprimis
1847 1495 1947 1569 nobis

536 1615 706 1680 constaret
723 1607 819 1701 quod
834 1607 1006 1680 Soldanus
1027 1605 1201 1680 civitatem
1219 1617 1373 1680 sanctam
1393 1607 1644 1704 imperatoriae
1663 1612 1737 1684 suis
1758 1613 1884 1706 bajulis
1899 1616 1947 1690 ad

536 1730 761 1804 muniendam
778 1740 812 1804 et
826 1729 1023 1804 habendam
1041 1729 1207 1820 dedisset,
1223 1732 1318 1804 nulla
1330 1731 1376 1806 de
1383 1731 1536 1804 Ecclesia
1549 1732 1603 1804 vel
1620 1735 1814 1810 christianis
1829 1738 1947 1813 babila

537 1854 723 1944 mentione,
739 1875 809 1926 non
823 1854 889 1926 luit
903 1863 1057 1926 nostrum
1072 1853 1253 1925 consilium
1269 1851 1364 1947 quod
1382 1853 1428 1926 de
1447 1855 1638 1928 monitione
1652 1857 1710 1930 illa
1724 1858 1948 1934 intromittere

538 1998 601 2048 nos
617 1978 805 2067 vellemus,
828 1976 912 2070 quia
929 1985 1007 2072 post
1034 1997 1207 2050 recessum
1230 1976 1444 2071 imperatoris
1469 1977 1585 2052 dicere
1606 1990 1722 2076 posset
1744 1982 1945 2057 Soldanus:

542 2099 694 2190 «Exite,
719 2101 848 2172 nullam
874 2100 986 2172 babeo
1012 2099 1275 2172 conventionem
1292 2099 1490 2192 vobiscum,
1511 2125 1529 2170 o
1546 2111 1581 2175 et
1598 2103 1770 2178 Soldanos
1788 2106 1947 2178 Damasci

540 2246 620 2298 cum
648 2246 718 2318 qno
740 2233 895 2318 treguam
918 2244 989 2296 non
1014 2223 1183 2296 babemus
1205 2232 1318 2318 posset
1339 2245 1402 2296 nos
1428 2225 1580 2318 graviter
1593 2225 1775 2320 infestare,
1807 2237 1842 2300 et
1864 2229 1948 2322 quia

539 2358 659 2442 tregue
677 2349 785 2420 lorma
802 2347 997 2420 continebat
1016 2367 1179 2442 expresse
1197 2345 1292 2440 quod
1311 2347 1488 2421 Sarraceni
1506 2347 1543 2420 in
1565 2371 1671 2422 manu
1693 2371 1758 2422 sua
1780 2352 1946 2446 templum

538 2472 676 2546 Domini
694 2471 783 2544 sicut
802 2482 904 2545 antea
918 2470 1110 2545 detinerent
1127 2481 1161 2544 et
1174 2471 1271 2566 quod
1289 2470 1337 2544 ibi
1354 2471 1414 2544 lex
1431 2493 1552 2544 eorum
1571 2471 1712 2546 deberet
1729 2475 1834 2548 modo
1848 2475 1947 2549 solito

538 2595 753 2693 proclamari,
762 2617 841 2668 cum
856 2595 978 2668 civitas
993 2595 1133 2668 omnino
1147 2595 1255 2668 cultui
1271 2595 1457 2668 christiano
1471 2596 1627 2670 restituta
1641 2618 1711 2669 non
1725 2607 1827 2686 esset,
1836 2599 1948 2694 preci·

538 2741 609 2815 pue
631 2741 711 2792 cum
727 2717 898 2792 Soldanus
915 2719 1071 2792 Damasci
1090 2719 1146 2790 cui
1171 2739 1275 2814 super
1294 2716 1385 2792 dida
1409 2719 1622 2793 restitutione
1644 2721 1854 2794 inferebatur
1873 2723 1948 2796 vio-

538 2843 644 2917 lentia
662 2851 816 2938 treguam
830 2864 899 2916 non
910 2845 1071 2936 jurasset,
1089 2841 1331 2937 propterquod
1344 2842 1529 2917 videbatur
1544 2843 1686 2916 minime
1704 2845 1887 2938 duratura,
1902 2847 1948 2921 de

540 2967 684 3041 consilio
708 2966 895 3062 peritorum
917 2964 1131 3038 inhibuimus
1154 2965 1366 3038 reconciliari
1389 2965 1473 3039 inibi
1498 2968 1573 3040 loca
1593 2989 1691 3042 sacra
1714 2989 1756 3040 ac
1779 2969 1946 3042 celebrari

541 3092 661 3168 divina
685 3113 868 3186 quousque
886 3112 991 3186 super
1009 3090 1075 3163 boc
1100 3090 1288 3164 sanctitatis
1314 3099 1428 3163 vestre
1451 3091 1682 3186 requireretur
1706 3091 1887 3164 consilium
1914 3103 1948 3165 et

541 3237 715 3290 assensus.
745 3216 899 3308 Cumque
922 3213 1121 3286 videremus
1144 3211 1240 3306 quod
1258 3212 1295 3284 in
1314 3211 1474 3286 omnibus
1493 3213 1547 3284 bis
1564 3213 1732 3286 malitiose
1748 3235 1790 3286 ac
1804 3213 1957 3288 fraudu·-

540 3342 649 3413 lenter
656 3338 855 3435 procederet
866 3338 1061 3434 imperator,
1070 3336 1258 3432 peregrinis
1272 3335 1505 3410 indifferenter
1513 3337 1764 3431 denegavimus
1774 3338 1948 3412 licentiam

541 3462 693 3537 intrandi
710 3463 924 3535 Hierusalem
944 3471 980 3534 ct
998 3460 1161 3534 visitandi
1182 3460 1427 3555 Sepulchrum,
1448 3460 1600 3535 dicentes
1616 3460 1712 3554 quod
1729 3484 1750 3534 a
1771 3462 1949 3536 sanctitate

540 3597 655 3661 vestra
669 3597 736 3661 eta
752 3586 875 3660 vestris
886 3584 1186 3682 predecessoribus
1202 3585 1313 3656 fuerat
1323 3604 1428 3678 super
1449 3582 1515 3656 boc
1533 3583 1601 3656 lata
1618 3584 1804 3673 sententia,
1821 3593 1856 3656 et
1868 3605 1948 3656 cum

539 3733 586 3785 ex
603 3711 663 3784 tali
680 3711 837 3805 ingressu
851 3718 885 3782 ct
901 3709 1097 3782 visitatione
1107 3709 1180 3802 jam
1193 3706 1284 3780 diota
1301 3706 1466 3780 damnum
1481 3716 1679 3801 sequeretur
1690 3729 1761 3780 non
1774 3707 1949 3780 modicum

541 3856 583 3907 ac
610 3833 802 3930 periculum
825 3853 1072 3928 personarum,
1100 3851 1171 3902 non
1198 3829 1423 3903 credebamus
1439 3830 1535 3924 quod
1558 3853 1579 3904 a
1602 3831 1817 3904 beatitudine
1839 3840 1950 3904 restra

541 3959 670 4031 lactum
689 3955 777 4030 illud
790 3957 961 4053 acceptari
976 3955 1116 4028 deberet
1135 3975 1199 4028 nec
1215 3963 1401 4027 memorata
1424 3954 1591 4028 sententia
1607 3963 1746 4050 propter
1764 3955 1830 4028 boc
1850 3975 1949 4027 revo-

541 4082 626 4172 cari,
645 4090 680 4154 et
696 4103 776 4154 cum
792 4080 838 4155 ad
856 4102 920 4153 nos
938 4079 1030 4152 illius
1044 4078 1211 4152 sententie
1223 4078 1394 4151 absolutio
1410 4099 1479 4152 non
1494 4086 1678 4174 spectaret,
1698 4077 1750 4150 eis
1763 4076 1800 4151 id
1815 4077 1950 4152 denun-

541 4205 619 4278 tiari
639 4227 701 4300 per
720 4205 952 4300 predicatores
976 4204 1121 4277 fecimus
1142 4200 1322 4276 evidenter
1339 4201 1434 4296 quod
1451 4223 1472 4274 a
1487 4201 1666 4274 sanctitate
1686 4211 1801 4274 vestra
1818 4201 1948 4296 requiri

542 4507 615 4582 qnod
631 4505 711 4577 infra,
725 4505 891 4564 Fridaricum
899 4505 1045 4564 Jerusalem
1056 4503 1249 4579 ingressumnb
1261 4503 1356 4584 codam
1365 4503 1446 4564 nane
1453 4503 1575 4564 Waltem
1587 4503 1667 4562 buseo
1678 4502 1947 4564 excommunicatum:

543 4620 612 4680 quse
625 4619 720 4678 parum
731 4603 801 4660 inter
811 4618 841 4662 se
855 4603 1025 4661 concordant.

578 4701 612 4776 (l)
630 4701 691 4760 vid.
704 4715 781 4774 supr.
790 4716 819 4774 p.
828 4703 861 4758 86
875 4706 904 4758 et
917 4708 972 4758 not.
989 4705 1014 4756 l.
