4602 6084
1075 643 1286 704 l'llllllllllCl
1311 643 1482 704 secunus
1795 645 1874 726 [nn.
1893 646 1979 710 lm.

971 901 1090 966 ΑΝΝΟ
1115 903 1201 966 1228.
1225 939 1265 952 -
1285 905 1526 968 subteriores
1550 906 1574 968 l.

1050 1203 1494 1238 -—-*·-·

625 1478 829 1589 Gregorius
846 1507 946 1590 papa
962 1482 1148 1566 universis
1165 1481 1343 1592 praelatis
1361 1507 1429 1590 per
1445 1481 1623 1590 Apuliam
1647 1481 1860 1565 constitutis
1875 1480 1976 1562 seri-

569 1607 625 1692 bit
654 1637 694 1694 se
718 1613 758 1694 in
778 1613 1007 1697 Fridericum
1034 1615 1294 1698 Romanorum
1314 1615 1579 1723 imperatorem
1601 1614 1669 1724 qui
1693 1613 1884 1696 mandatis
1908 1612 1978 1694 Eo-

568 1743 704 1827 olesise
737 1771 815 1829 non
846 1747 1119 1856 obtemperavit
1151 1757 1189 1830 et
1213 1748 1300 1830 licet
1325 1747 1673 1830 excommunicatus
1703 1747 1776 1829 sibi
1805 1747 1893 1830 fecit
1920 1745 1978 1828 di·

568 1877 657 1958 vina
672 1877 873 1985 celebrari,
895 1883 1120 1962 sententiam
1135 1881 1175 1960 iu
1198 1879 1294 1962 festo
1316 1879 1454 1962 Coenae
1479 1879 1691 1962 dominicae
1716 1904 1918 1962 renovasse
1941 1888 1978 1960 et

567 2008 652 2090 loca
670 2009 862 2117 quaelibet
886 2012 935 2094 ad
955 2039 1055 2121 quae
1082 2013 1162 2120 ipse
1182 2012 1392 2120 pervenerit
1410 2011 1660 2094 ecclesiastico
1680 2010 1900 2094 submisisse
1920 2011 1978 2090 in-

567 2140 746 2245 terdicto,
765 2152 894 2224 monet
906 2151 949 2224 ut
962 2143 1062 2224 hanc
1078 2143 1303 2225 sententiam
1320 2143 1544 2226 denuntiare
1565 2153 1718 2250 curent,
1736 2144 1809 2226 hoc
1831 2141 1976 2252 adjecto

568 2272 672 2380 quod
700 2273 731 2352 si
754 2273 794 2352 in
819 2274 960 2356 duritia
981 2285 1210 2382 perseveret,
1232 2275 1369 2382 poterit
1393 2273 1599 2356 formidare
1619 2301 1659 2357 se
1672 2273 1760 2384 jure
1778 2273 1882 2356 feudi
1900 2272 1977 2381 pri-

567 2405 751 2486 rarrdum.

647 2641 743 2722 (Edld.
759 2645 935 2718 Rarumnr,
949 2640 1058 2704 Ausul
1072 2639 1178 2718 acta,
1197 2643 1237 2706 ud
1250 2659 1323 2706 sun.
1338 2651 1427 2722 1²28,
1440 2650 1454 2714 s
1471 2644 1500 2704 11
1515 2659 1555 2704 cx
1574 2645 1691 2723 agat.
1711 2643 1846 2723 dragus,
1860 2659 1931 2704 unu.
1947 2651 1974 2715 1,

686 2758 720 2808 u⁰
736 2748 816 2824 18⁰.)

617 2967 818 3063 Gregorius,
840 2977 922 3059 eto,
939 2967 1112 3040 universis
1128 2965 1407 3063 archiepiscopis,
1425 2968 1612 3063 episcopis,
1633 2977 1722 3058 eto,
1744 2989 1806 3063 per
1816 2965 1976 3063 Apuliam

568 3091 774 3166 constitutis.
802 3091 936 3176 Quanto
951 3091 1101 3164 nobilius
1121 3091 1315 3164 membrum
1334 3091 1370 3163 in
1391 3091 1535 3164 ecclesie
1553 3112 1696 3186 corpore
1714 3090 1854 3181 leditur,
1885 3101 1975 3164 nuto

567 3215 757 3289 acrioribus
781 3212 958 3286 doloribus
983 3213 1178 3286 cruciamur
1203 3215 1264 3308 qui
1284 3213 1397 3309 Cepha
1423 3215 1554 3304 locum,
1585 3213 1664 3285 licet
1690 3211 1976 3285 insufficientibus

567 3338 710 3428 meritis,
728 3336 936 3409 obtinemus.
948 3336 1075 3408 Verum
1086 3336 1169 3430 quia
1183 3345 1311 3408 tectum
1322 3337 1449 3409 vulnus
1463 3338 1491 3408 si
1508 3337 1700 3410 dimittatur
1717 3336 1883 3406 intactum
1892 3337 1976 3406 solet

567 3464 603 3534 in
628 3461 830 3533 scandalum
857 3460 1009 3554 corporis
1030 3459 1132 3531 latius
1147 3461 1305 3554 evagari,
1326 3481 1390 3532 nos
1403 3461 1483 3532 olim
1500 3461 1576 3534 viso
1589 3460 1686 3557 quod
1698 3459 1893 3532 Fridericus
1907 3459 1976 3530 Ro-

566 3602 747 3656 mauorum
772 3581 954 3676 imperator
982 3581 1126 3653 salutem
1155 3581 1328 3676 propriam
1353 3581 1569 3676 negligebat,
1593 3581 1678 3654 dum
1694 3581 1833 3654 salubre
1856 3591 1974 3654 votum

564 3703 661 3800 quod
674 3706 746 3776 Deo
759 3712 901 3776 voverat
912 3701 1040 3776 additis
1051 3703 1256 3794 juramentis
1269 3703 1480 3776 detrectabat
1492 3705 1686 3797 exsolvere,
1699 3725 1767 3776 nou
1782 3703 1857 3776 sine
1872 3703 1975 3776 detri-

565 3837 680 3901 mento
700 3825 781 3899 fidei
800 3835 833 3897 et
844 3825 943 3920 gravi
958 3823 1122 3898 scandalo
1137 3825 1242 3898 totius
1253 3826 1372 3920 populi
1390 3825 1579 3916 christiani,
1596 3827 1680 3920 quia
1694 3829 1797 3920 juxta
1812 3825 1975 3922 sapientis

564 3951 717 4024 edictum
742 3977 751 4020 ε
772 3949 924 4022 Vulnera
948 3949 1033 4020 dum
1053 3969 1156 4020 sanas
1175 3946 1273 4020 dolor
1298 3957 1350 4018 est
1372 3949 1541 4020 medicina
1568 3949 1711 4041 doloris,
1736 3948 1975 4021 medicinalem

563 4075 653 4145 Petri
678 4075 834 4168 gladium
849 4073 885 4142 in
900 4093 980 4144 eum
1000 4073 1202 4144 exeruimus
1223 4071 1258 4142 iu
1279 4071 1400 4166 spiritu
1418 4072 1582 4164 leuitatis,
1608 4069 1974 4146 excommnuicationis

564 4197 768 4269 senteutiam
781 4195 993 4290 publicando
1006 4217 1111 4288 quam
1122 4195 1197 4290 ipse
1210 4195 1246 4268 in
1262 4216 1300 4268 se
1311 4194 1527 4266 voluntarius
1542 4197 1668 4269 fecerat
1681 4194 1893 4292 promulgari
1908 4193 1973 4264 nisi

564 4327 690 4390 statuto
714 4317 858 4389 termino
880 4318 1111 4390 transfretaret
1132 4317 1169 4387 iu
1196 4325 1283 4388 terre
1305 4324 1422 4388 sancte
1443 4317 1639 4390 subsidium
1658 4327 1694 4390 et
1719 4317 1787 4391 ulia
1807 4315 1974 4411 promissa

564 4439 710 4510 fideliter
724 4438 944 4532 adimpleret,
967 4447 1141 4533 sperantes
1152 4448 1192 4510 ut
1205 4461 1388 4533 percussus
1411 4439 1532 4512 dolens
1551 4440 1597 4514 ad
1615 4439 1866 4535 percutientem
1884 4461 1921 4510 se
1938 4437 1974 4508 iu

563 4561 757 4633 humilitate
779 4559 908 4632 rediret
928 4561 1112 4631 Dominum
1133 4562 1349 4633 exercituum
1373 4562 1593 4655 requirendo.
1615 4563 1684 4637 Sed
1702 4561 1799 4657 quod
1818 4561 1973 4636 dolentes

565 4683 762 4770 referimus,
783 4680 946 4752 inclinato
960 4681 1062 4754 corde
1077 4683 1283 4756 medicinam
1295 4685 1484 4758 exhorrens
1501 4695 1536 4756 et
1551 4685 1819 4782 increpationem
1836 4681 1974 4758 abomi-
