4702 6110
359 674 455 735 lunum.
471 667 513 747 3.]
812 661 1006 724 HISTORIA
1032 658 1322 722 nlnnoltnntctl.
1711 654 1772 716 tlt

359 808 458 880 ritate
486 801 710 901 precipiendo
740 797 945 872 mandantes
967 805 1140 891 quatenus
1166 796 1330 892 predictis
1355 793 1591 868 visitatoribus
1616 795 1769 867 levorem

360 939 533 1017 vestrum,
552 925 734 1000 consilium
752 933 787 996 ct
801 921 973 995 auxilium
988 920 1172 994 efficaciter
1188 919 1410 1016 impendatis,
1434 919 1482 992 ita
1495 919 1593 1013 quod
1611 917 1711 992 vobis
1726 917 1772 990 sit

361 1053 575 1130 meritorium
592 1047 689 1146 apud
708 1050 818 1121 ileum
832 1055 867 1119 et
884 1055 993 1118 status
1007 1045 1229 1118 ecclesiastici
1242 1043 1376 1118 ordinis
1393 1042 1664 1140 comprobemini
1681 1043 1771 1116 zela·

362 1190 465 1268 toras,
482 1198 545 1250 nos
562 1195 702 1271 qnoque
720 1169 986 1246 sollicitudinem
1004 1177 1155 1240 vestram
1179 1167 1370 1242 debeamus
1386 1188 1433 1240 ex
1451 1166 1518 1240 boc
1538 1166 1660 1239 merito
1678 1186 1771 1238 com·

363 1301 528 1378 mandare
545 1310 581 1373 ot
595 1297 840 1394 negligentiam
857 1293 1067 1386 redarguere
1082 1293 1206 1366 dumus
1221 1314 1290 1366 non
1306 1313 1482 1387 cogamur.

359 1459 362 1466 v
412 1429 538 1500 Datum
550 1424 707 1515 lernaei,
727 1423 770 1494 ΠΙ
785 1419 865 1494 idus
878 1415 989 1512 maii(
1015 1415 1042 1514 ).

422 2077 544 2162 Series
562 2077 900 2160 instrumentorum
918 2073 1059 2185 quibus
1080 2073 1264 2157 Henricus
1286 2073 1546 2156 Romanorum
1568 2095 1635 2153 rex
1654 2069 1780 2155 Odam
1826 2079 1977 2188 nugam,

369 2211 409 2292 in
437 2209 670 2293 abbatissam
695 2207 947 2294 Nivellensem
974 2207 1120 2290 noviter
1145 2207 1303 2289 electam
1331 2204 1524 2317 regalibus
1547 2202 1721 2309 investit,
1748 2202 1781 2285 si
1808 2186 1990 2245 somnum

371 2343 465 2454 quid
494 2343 542 2426 de
574 2341 685 2426 bonis
711 2341 884 2452 ejusdem
915 2339 1093 2423 ecclesiae
1126 2337 1333 2422 alienatum
1365 2337 1478 2421 luerit
1503 2335 1781 2446 perjudicium

370 2474 572 2559 Ekkeberti
595 2473 887 2586 bambergensis
909 2471 1094 2584 episcopi,
1119 2471 1270 2555 Henrici
1294 2472 1342 2554 de
1367 2469 1508 2578 Niffen‚
1533 2468 1712 2554 Fn‘derici
1734 2471 1784 2552 de

372 2608 668 2719 Trubeudingen
689 2617 728 2690 ct
746 2606 917 2690 Ansalmi
935 2593 983 2690 de
1000 2605 1196 2716 lustingen
1217 2605 1267 2688 ad
1288 2604 1473 2688 unitatem
1494 2612 1663 2710 revocat,
1679 2595 1785 2686 eam·

372 2741 537 2852 demque
553 2750 591 2824 et
608 2740 737 2824 omnia
755 2740 857 2826 bona
879 2739 962 2850 ejus
981 2739 1054 2823 sub
1072 2765 1142 2823 sua
1162 2749 1200 2823 et
1217 2738 1365 2848 imperii
1384 2737 1536 2848 speciali
1554 2737 1786 2847 protectione

374 2875 517 2985 recipit.

1065 3035 1093 3106 1.

430 3264 431 3268 ¹
454 3237 577 3317 (Incdlt
590 3239 622 3299 ln
632 3237 753 3300 arcblvo
765 3238 949 3301 bruxellensi
961 3253 1001 3300 cx
1013 3237 1077 3302 cod.
1094 3241 1143 3300 cul
1160 3239 1267 3301 titulus
1290 3235 1476 3300 Clcrtuluira
1492 3235 1528 3299 dc
1547 3233 1666 3313 neat,
1679 3238 1731 3300 iol.
1749 3245 1786 3299 le

496 3343 605 3424 verno.)

376 3747 380 3754 .
415 3688 450 3763 (l)
468 3691 529 3748 Non
541 3689 716 3750 dubitandum
727 3692 793 3767 quin
805 3692 840 3750 ud
853 3708 917 3750 ann.
929 3695 998 3752 llll
1012 3706 1063 3750 nos
1074 3697 1148 3750 recte
1160 3690 1317 3761 ratarum,
1331 3705 1395 3748 cum
1408 3691 1521 3749 altarum
1533 3691 1656 3766 ejusdem
1669 3691 1789 3750 cardina·

380 3789 413 3848 lis
432 3789 640 3848 iustnrmentum
660 3805 710 3864 pru
733 3791 894 3849 monastario
916 3791 951 3848 da
970 3789 1143 3861 Burtscbeid,
1164 3805 1208 3864 ap.
1228 3789 1316 3860 Qum,
1331 3789 1425 3848 Gcaolu
1440 3805 1495 3846 coc
1507 3789 1681 3862 llortacltac'd,
1692 3807 1721 3864 p.
1736 3790 1791 3848 227

381 3886 548 3954 exhibeatur,
563 3903 597 3944 ex
609 3887 730 3960 originali
739 3888 777 3945 ita
790 3887 854 3946 dato
871 3904 878 3942 :
894 3886 1022 3956 Tomaci,
1037 3886 1074 3945 vl
1092 3887 1153 3944 idus
1174 3887 1251 3958 maii,
1268 3903 1338 3944 anno
1352 3887 1429 3942 Dom.
1444 3887 1469 3943 ll
1488 3885 1634 3944 CCXXX.
1649 3886 1791 3946 Nescimus

380 3999 415 4041 an
435 3983 499 4040 huic
516 3983 576 4041 loco
597 3984 738 4042 conveniat
759 3983 833 4058 quod
851 3985 952 4044 ctron.
969 3983 1103 4043 Andreae.
1118 3991 1247 4056 nuncet,
1260 3999 1305 4058 ap.
1317 3985 1458 4054 Dacnanv,
1477 3983 1621 4058 Spicilap„
1636 3983 1671 4057 11,
1687 3988 1739 4042 sol
1753 3983 1792 4043 ita

381 4087 472 4139 narrat
486 4097 493 4136 ι
510 4101 524 4135 r
540 4082 596 4138 ltax
609 4079 781 4138 Alamanniae
791 4089 899 4140 moetas
912 4082 1048 4140 Romanae
1059 4083 1188 4142 amleaiaa
1202 4083 1318 4157 laganam
1331 4081 1359 4138 in
1373 4081 1482 4140 Dauum
1495 4083 1680 4142 tammum
1690 4099 1725 4142 na
1741 4099 1792 4158 par

384 4193 523 4252 »ragnum
536 4191 616 4236 suum
630 4178 771 4251 transitum
784 4179 885 4237 lacerat
896 4178 1013 4237 inhibuit
1025 4186 1055 4238 et
1068 4179 1231 4238 valentianis
1242 4179 1289 4236 diu
1304 4193 1407 4236 moram
1419 4177 1507 4236 iacere
1523 4179 1618 4253 coegit
1631 4199 1645 4233 ι
1657 4179 1710 4238 Sed
1724 4180 1793 4256 lep-

383 4277 484 4335 ticnam
497 4283 526 4334 et
536 4277 587 4333 iter
598 4275 718 4350 ejusdem
729 4276 873 4334 cardinalis
883 4293 933 4352 per
943 4277 1052 4334 Daciam
1064 4292 1119 4334 non
1131 4275 1182 4334 nisi
1201 4275 1227 4332 in
1248 4276 1366 4334 secunda
1379 4275 1460 4351 hujus
1470 4277 1532 4334 anni
1545 4281 1614 4335 ⁴2³⁰
1625 4285 1703 4352 parta
1713 4294 1793 4353 rapo·

383 4375 471 4432 nenda
484 4391 519 4432 ex
530 4389 621 4432 rerum
632 4373 726 4432 ardna
736 4389 878 4432 censemus
891 4392 898 4430 :
913 4395 927 4428 a
940 4372 1087 4432 Cardinalis
1100 4373 1270 4432 Alamanniae
1287 4373 1412 4432 domium
1425 4373 1490 4432 Otto
1501 4373 1552 4432 luit
1563 4375 1593 4432 in
1605 4376 1686 4434 maia
1699 4383 1728 4434 at
1737 4377 1793 4435 dis·

385 4490 398 4524 r
415 4471 565 4530 sensionem
575 4487 645 4546 quaa
658 4471 686 4528 in
700 4470 830 4529 electione
845 4471 967 4546 lligenais
980 4470 1101 4544 episcopi
1120 4478 1267 4529 emerserat
1287 4471 1315 4528 in
1333 4471 1442 4530 livonia
1459 4473 1578 4546 perlecta
1592 4474 1790 4547 determinavit,

386 4589 399 4622 ι
414 4569 451 4626 ita
462 4569 535 4644 qnod
548 4569 623 4627 illum
633 4569 680 4644 qni
688 4569 837 4644 eligebatur
849 4587 884 4628 ax
896 4576 971 4645 parta
981 4569 1134 4628 Bramansis
1145 4569 1255 4644 capituli
1266 4569 1384 4629 cessant
1394 4575 1423 4628 et
1433 4570 1570 4628 Nicolaum
1584 4571 1618 4628 da
1631 4572 1791 4630 lledaborcb

386 4687 400 4720 ι
415 4667 544 4726 canonica
556 4667 673 4726 electum
688 4668 865 4726 consecravit.
881 4687 894 4721 s
908 4671 1047 4739 lumem,
1065 4666 1204 4739 comta..
1218 4684 1246 4742 p.
1263 4670 1325 4738 5³6,
1340 4668 1375 4726 ad
1393 4684 1456 4725 ann.
1470 4672 1550 4726 lael.
1564 4668 1605 4728 Gi.
1618 4668 1683 4728 lna.
1697 4669 1791 4744 Sran.²

385 4764 419 4821 ad
430 4779 494 4822 ann.
510 4767 590 4838 ⁴229,
604 4771 632 4824 et
645 4765 770 4838 (lamen,
781 4765 893 4841 capro.
906 4765 1019 4837 Licca,
1031 4781 1059 4840 p.
1075 4767 1138 4824 267.
1564 4753 1566 4758 ’

484 4865 538 4926 lll.
1598 4877 1636 4929 58
