4642 6106
336 709 434 770 tvnrn.
451 707 495 787 4]
788 703 985 766 fltsloltta
1011 703 1302 767 bastonarius.
1691 707 1753 772 240

335 842 440 916 alicui
455 840 609 914 maxime
623 839 684 936 qui
700 859 817 913 rerum
831 839 1111 914 circumstancias
1125 861 1194 913 non
1208 841 1355 914 attendit
1368 839 1464 936 quod
1479 861 1575 916 nunc
1590 839 1753 916 ducimus

333 962 629 1059 respondendnm,
645 961 916 1056 intelligentibus
928 971 1044 1036 tanum
1057 962 1164 1036 nostri
1178 962 1288 1035 animi
1300 964 1484 1060 puritatem
1498 973 1534 1038 et
1549 965 1749 1060 qualitatem

333 1089 498 1184 temporis
516 1085 774 1160 attendentibus
794 1085 974 1182 responsio
994 1107 1064 1160 non
1080 1086 1205 1183 poterit
1222 1107 1291 1160 non
1314 1088 1467 1182 placere,
1489 1087 1547 1160 oui
1561 1087 1750 1162 evidentis-

333 1213 423 1286 sima
436 1211 524 1286 ratio
548 1210 766 1306 suffragatur.
786 1213 876 1284 Sane
892 1232 973 1283 cum
990 1219 1155 1284 statutum
1179 1210 1283 1283 luerit
1305 1210 1341 1282 in
1365 1211 1512 1285 concilio
1534 1211 1686 1304 generali
1710 1221 1751 1286 nt

334 1343 424 1407 terre
437 1333 563 1405 inlecta
578 1331 729 1404 heretica
744 1330 924 1427 pravitate,
942 1331 1008 1404 nisi
1024 1353 1087 1428 per
1102 1329 1263 1404 dominos
1275 1341 1518 1428 purgarentur,
1534 1341 1649 1406 esseut
1662 1355 1748 1405 crn-

334 1457 520 1553 cesignatis
533 1456 709 1552 exposite,
723 1455 821 1528 salvo
833 1455 914 1548 jure
927 1455 1170 1552 principalium
1186 1454 1423 1549 dominorum,
1438 1455 1629 1531 dnmmodo
1643 1477 1748 1554 super

336 1581 403 1654 boc
428 1580 495 1676 ipsi
519 1580 654 1652 nullum
674 1586 863 1675 prestarent
880 1577 1099 1652 obstaculum
1119 1600 1185 1652 uec
1206 1577 1349 1678 aliquod
1363 1579 1659 1678 impedimentum
1680 1602 1749 1676 op·

334 1713 522 1802 ponerent,
539 1703 620 1777 licet
641 1701 795 1776 Ecclesia
813 1702 966 1776 Romana
990 1715 1096 1776 terras
1118 1703 1156 1776 in
1178 1703 1360 1777 Provincia
1382 1703 1583 1778 constitutas
1604 1713 1640 1778 et
1662 1705 1749 1778 alias

333 1837 411 1924 post
426 1827 578 1900 infinitas
591 1825 769 1922 augustias
783 1833 818 1899 et
837 1847 1009 1921 expensas
1028 1825 1227 1899 innumeras
1243 1827 1279 1898 in
1298 1826 1561 1900 christianorum
1576 1829 1748 1922 sauguine

332 1951 523 2047 profligatis
534 1949 694 2025 hereticis
708 1949 1034 2046 acquisitasceperit
1045 1949 1205 2039 retinere,
1217 1971 1263 2024 ne
1274 1949 1413 2046 reprobi
1424 1952 1606 2047 reperevel
1616 1951 1747 2025 irruere

333 2076 472 2148 valeant
495 2075 532 2146 iu
556 2073 736 2168 eamdem,
760 2074 859 2148 novit
883 2081 998 2146 tamen
1023 2073 1080 2148 ille
1100 2074 1162 2168 qui
1181 2073 1315 2168 fingens
1339 2071 1444 2148 corda
1470 2073 1651 2148 homiuum
1674 2076 1746 2150 sin·

333 2200 477 2294 gillntmn
492 2198 716 2294 cogitationes
739 2198 900 2293 intelligit
917 2198 1154 2293 singulorum,
1170 2198 1266 2292 quod
1288 2219 1468 2292 nunquam
1485 2219 1533 2274 ex
1546 2198 1616 2272 ,boc
1635 2199 1747 2272 inten-

333 2324 449 2398 dimus
462 2323 601 2418 jou‘bus
618 2321 755 2419 imperii
784 2322 952 2413 derogare
974 2343 1044 2418 qne
1066 2321 1182 2417 potins
1208 2342 1412 2395 conservare
1436 2323 1661 2420 proponimus
1680 2322 1746 2396 illi·

332 2447 425 2520 bata.
452 2447 580 2520 Verum
603 2466 683 2518 cum
700 2445 879 2518 conversio
903 2455 993 2518 terre
1019 2445 1111 2517 illius
1132 2443 1249 2518 adhuc
1264 2445 1352 2520 adeo
1372 2447 1417 2518 sit
1433 2467 1553 2520 recens
1578 2455 1612 2520 et
1630 2457 1746 2519 tenera

331 2570 428 2666 quod
444 2592 491 2644 ex
505 2570 574 2642 levi
590 2569 782 2642 mutatione
796 2569 988 2642 aversionis
1001 2579 1117 2666 posset
1136 2569 1311 2643 incurrere
1328 2569 1428 2643 facile
1441 2569 1631 2644 recidivam
1645 2581 1680 2642 et
1696 2571 1746 2642 sic

331 2703 421 2768 esset
434 2715 529 2767 error
545 2694 643 2790 pejor
660 2692 791 2790 priore,
808 2692 911 2766 saluti
928 2701 963 2766 et
979 2692 1100 2766 honori
1119 2702 1180 2766 tuo
1200 2715 1269 2766 non
1289 2703 1342 2766 est
1360 2693 1508 2767 dubium
1526 2693 1693 2790 expedire
1707 2703 1748 2766 nt

331 2819 531 2912 petitionem
551 2827 646 2890 tuam
662 2817 699 2888 in
718 2827 853 2912 tempus
871 2817 1010 2892 differas
1027 2825 1234 2913 oportunum
1256 2839 1328 2913 quo
1344 2826 1379 2890 et
1397 2839 1460 2890 nos
1484 2839 1589 2912 super
1606 2839 1647 2890 ea
1664 2839 1744 2890 com

332 2941 483 3016 Ecclesia
498 2941 628 3016 bonore
646 2963 688 3014 ac
706 2951 765 3015 tuo
778 2941 959 3016 intendere
972 2944 1167 3034 valeamus,
1184 2944 1268 3038 quia
1286 2965 1366 3015 cum
1384 2965 1477 3016 nova
1492 2964 1587 3014 nunc
1605 2943 1641 3013 iu
1655 2950 1745 3016 terra

331 3067 389 3142 illa
405 3067 556 3140 turbatio
570 3067 616 3139 sit
630 3075 751 3141 exorta
767 3087 881 3162 nequo
895 3068 1038 3163 antiqua
1057 3068 1197 3140 omuino
1212 3067 1337 3164 sopita,
1354 3065 1485 3162 siquid
1502 3064 1585 3139 iude
1598 3065 1740 3158 sinistri,

329 3190 425 3284 quod
439 3191 542 3282 absit,
559 3189 730 3264 accideret
745 3191 845 3264 multi
861 3191 962 3264 uobis
979 3200 1014 3264 et
1027 3191 1090 3265 tibi
1101 3191 1336 3288 principaliter
1351 3191 1571 3286 imputarent.
1588 3189 1742 3286 ideoque

330 3314 546 3388 serenitatem
574 3323 669 3387 tuam
694 3336 857 3409 mamus
877 3323 912 3388 et
934 3337 1115 3390 monemus
1138 3316 1174 3388 in
1197 3315 1344 3388 Domino
1368 3325 1540 3409 qnatenus
1561 3336 1643 3410 egre
1671 3337 1741 3388 non

329 3441 419 3512 feras
431 3439 528 3534 quod
542 3438 590 3512 ad
603 3459 744 3534 presens
758 3461 863 3536 super
873 3439 1038 3535 petitione
1051 3449 1111 3512 tua
1122 3459 1193 3513 uon
1207 3438 1375 3512 duximus
1389 3438 1660 3533 procedendum,
1676 3460 1741 3511 nec

330 3564 526 3659 suspicione
540 3563 656 3658 aliqua
670 3564 843 3638 movearis
855 3565 952 3658 quod
969 3564 1006 3636 in
1019 3563 1085 3637 boc
1102 3563 1201 3636 aliud
1216 3585 1322 3658 quam
1337 3561 1433 3656 quod
1447 3563 1665 3658 premisimus
1681 3561 1742 3633 iu-

328 3687 523 3761 tendamus.
540 3685 595 3760 Ad
613 3685 680 3760 hoc
691 3687 776 3782 qnia
789 3687 930 3760 civitate
943 3686 1078 3760 Castelli
1093 3695 1127 3759 te
1139 3707 1296 3760 assereus
1310 3685 1492 3781 spoliatum
1507 3687 1570 3760 tibi
1584 3707 1741 3782 superea

326 3809 493 3900 justitiam
509 3810 662 3904 postules
673 3809 843 3902 exhiberi,
859 3811 949 3883 absit
960 3809 1056 3904 quod
1072 3832 1148 3883 eam
1160 3810 1223 3882 tibi
1233 3811 1290 3884 vel
1304 3811 1381 3883 aliis
1394 3809 1606 3903 denegemus
1620 3809 1656 3881 in
1669 3831 1740 3904 qua

327 3955 449 4005 sumus
469 3933 632 4006 omnibus
652 3933 838 4008 debitores.
863 3933 933 4007 Sed
950 3934 1037 4008 illud
1060 3943 1094 4007 16
1115 3935 1221 4008 latere
1237 3955 1307 4007 nou
1326 3934 1431 4008 debet
1447 3934 1544 4028 quod
1561 3935 1738 4007 castellum

327 4055 523 4148 Felicitatis,
534 4057 631 4151 quod
642 4079 736 4129 nuuc
751 4056 877 4130 dicitur
888 4057 1010 4130 civitas
1025 4057 1070 4132 de
1081 4057 1226 4132 Castello
1235 4057 1299 4155 (l),
1314 4065 1445 4154 spectat
1458 4056 1505 4129 ad
1520 4057 1644 4131 Sedem
1655 4079 1738 4153 apo-

327 4177 482 4252 stolicam
493 4180 595 4274 pleno
604 4181 700 4273 jure,
718 4180 809 4253 sicut
821 4189 964 4276 apparet
974 4203 1021 4256 ex
1032 4183 1150 4256 multis
1162 4182 1310 4277 publicis
1324 4183 1547 4255 munimentis
1563 4191 1598 4254 et
1612 4182 1737 4278 prede-

326 4323 501 4376 oessorum
515 4312 655 4376 tuorum
677 4305 860 4400 privilegia
880 4315 1110 4402 protestantur
1127 4327 1261 4379 necnon
1284 4307 1529 4401 imperatorum
1546 4329 1737 4400 recognos-

326 4435 410 4498 cunt
421 4427 555 4502 affatus.
573 4429 672 4504 Unde
685 4430 809 4506 audias
824 4451 929 4527 super
946 4431 1013 4504 boc
1023 4451 1094 4526 que
1106 4430 1220 4504 dictus
1238 4430 1518 4527 archiepiscopus
1534 4432 1597 4504 tibi
1610 4431 1738 4508 dixerit

362 4725 398 4798 (1)
416 4725 524 4785 86111661
542 4727 620 4788 (litto
635 4728 667 4786 rt·
686 4729 815 4797 cmtalb,
832 4729 967 4803 qnondam
987 4728 1143 4804 Tifernum,
1154 4728 1233 4801 iuxta
1247 4727 1314 4788 fines
1326 4729 1450 4788 Tusciae.
1465 4730 1569 4788 Nomen
1583 4731 1656 4804 quod
1670 4730 1739 4790 Gre-
1860 4797 1864 4808 ,

325 4821 414 4893 gorius
424 4823 470 4880 bic
480 4831 612 4884 memoret
623 4827 694 4902 apud
707 4827 913 4902 topograpbicos
925 4825 1008 4886 libros
1019 4841 1073 4886 non
1086 4825 1245 4901 reperimus.

423 4924 479 4986 lII.
1539 4935 1575 4987 82
