4658 6132
535 647 594 708 130
1030 651 1250 714 rnlbssalcl
1275 653 1452 716 saccant
1749 650 1834 730 [Anu.
1851 651 1939 715 me

533 780 713 854 acdomus
734 803 853 855 eornm
874 783 1044 858 dederunt
1058 795 1093 858 et
1115 799 1359 862 concesserunt
1387 787 1488 862 nobie
1518 795 1669 858 castrum
1698 785 1859 858 bleesenii
1888 785 1940 883 (l)

533 927 613 978 cum
637 905 798 978 omnibns
821 909 1015 982 tenimentis
1037 921 1074 983 et
1102 913 1316 1008 pertinentiis
1344 913 1434 1006 suis,
1462 911 1559 1007 quod
1583 919 1636 984 est
1656 910 1747 984 inter
1767 910 1941 984 ciuitatem

532 1038 683 1102 nostram
699 1031 886 1105 Brundusii
907 1043 941 1106 et
963 1044 1112 1108 castrum
1134 1037 1247 1132 Horye
1263 1037 1334 1135 (2),
1354 1047 1389 1111 ct
1412 1037 1554 1112 domum
1571 1033 1749 1130 quondam
1764 1033 1939 1127 blangerili

531 1153 633 1226 eitam
650 1177 755 1250 snpra
776 1167 913 1250 portum
936 1159 1087 1231 civitatis
1107 1161 1261 1254 predicte
1275 1183 1355 1234 cum
1377 1159 1544 1256 proprisio
1561 1167 1597 1231 et
1614 1158 1828 1254 pertinentiis
1845 1157 1937 1249 suis,

529 1299 594 1373 pru
615 1299 679 1350 sex
702 1279 855 1354 millibus
882 1291 916 1354 et
932 1281 1196 1377 quadringentis
1220 1285 1384 1358 besantiis
1409 1282 1615 1357 saracenatis
1637 1302 1726 1376 qnos
1759 1283 1808 1354 eis
1838 1280 1934 1376 apud

530 1399 646 1474 Accon
671 1403 707 1475 in
734 1405 955 1478 excambium
977 1429 1041 1502 pru
1059 1407 1163 1480 domo
1181 1417 1216 1481 et
1232 1417 1343 1481 castro
1363 1407 1526 1504 predictis
1546 1407 1768 1480 concedimus
1781 1413 1816 1476 et
1831 1403 1941 1478 dona·

529 1549 625 1618 mus,
656 1528 872 1623 recipiendos
895 1529 996 1602 annis
1018 1531 1165 1626 singulis
1184 1530 1220 1604 in
1237 1531 1432 1606 redditibus
1453 1531 1597 1604 cathena
1614 1539 1649 1603 et
1665 1527 1774 1602 lunde
1787 1527 1942 1624 predicte

529 1651 679 1724 civitatis
694 1663 808 1726 nostre
817 1653 975 1746 Acconis,
993 1655 1156 1728 videlicet
1170 1656 1206 1728 in
1218 1655 1410 1730 redditibus
1419 1653 1528 1726 lunde
1539 1653 1603 1726 tria
1619 1651 1714 1725 milia
1728 1660 1763 1724 et
1775 1652 1941 1724 ducentos

529 1773 704 1848 besantius
722 1778 961 1850 Sarracenatos
978 1789 1013 1850 et
1029 1779 1065 1850 in
1086 1779 1281 1852 redditibus
1297 1779 1442 1852 cathene
1461 1777 1547 1852 alios
1560 1777 1625 1850 tria
1640 1775 1736 1848 milia
1750 1783 1786 1846 et
1804 1773 1936 1846 duceu-

529 1901 774 1972 pensandus
796 1913 1011 1974 saracenatos
1038 1905 1094 1976 vel
1116 1925 1236 1976 omnes
1256 1905 1292 1975 in
1314 1903 1509 1977 redditibus
1526 1901 1690 1988 cathene,
1715 1899 1745 1972 ei
1762 1898 1807 1972 de
1823 1896 1939 1971 reddi·

530 2025 622 2094 tibus
639 2024 747 2096 lnnde
766 2025 918 2116 deesset,
944 2029 998 2099 vel
1027 2027 1064 2098 in
1088 2027 1284 2100 redditibus
1306 2027 1434 2118 lunde,
1456 2025 1486 2098 si
1507 2025 1553 2098 de
1574 2023 1770 2098 redditibus
1794 2021 1937 2094 cathena

531 2147 681 2237 deesset,
702 2149 758 2220 vel
775 2149 878 2220 etiarn
899 2149 935 2220 in
959 2150 1036 2222 aliis
1057 2151 1252 2223 redditibus
1274 2149 1400 2223 nostris
1423 2149 1546 2222 melius
1568 2144 1814 2244 apparentibus
1838 2145 1868 2216 si
1893 2142 1939 2218 de

529 2269 725 2343 redditibus
749 2271 893 2344 cathena
913 2283 948 2345 et
971 2273 1078 2347 lunde
1096 2273 1249 2365 deesset,
1267 2295 1329 2370 per
1353 2283 1503 2368 quatuor
1522 2271 1684 2345 terminos
1709 2269 1754 2342 de
1777 2269 1888 2342 tribus
1903 2267 1939 2340 in

529 2393 640 2466 tribus
662 2397 859 2484 mensibus,
889 2397 1051 2472 videlicet
1071 2422 1133 2494 per
1153 2399 1325 2494 quoslibet
1349 2408 1418 2470 tres
1440 2419 1576 2470 menses
1602 2395 1768 2468 bisantios
1787 2394 1882 2466 mille
1905 2401 1940 2464 et

529 2531 733 2612 sexcentos,
754 2521 810 2594 lali
828 2533 941 2594 tamen
961 2523 1079 2596 habita
1098 2523 1294 2596 conditione
1312 2533 1346 2594 et
1364 2531 1463 2617 pacto
1480 2521 1575 2616 quod
1593 2520 1622 2592 si
1643 2541 1705 2614 per
1722 2539 1786 2590 noe
1799 2527 1861 2590 aut
1877 2515 1938 2588 be·

528 2643 629 2714 redes
646 2653 680 2715 et
694 2667 908 2718 successores
923 2655 1056 2718 nostros
1068 2647 1165 2740 regni
1180 2645 1439 2720 ierosolimitani
1451 2653 1511 2718 aut
1524 2664 1745 2739 quocumque
1756 2641 1824 2714 alio
1835 2639 1939 2712 modo

529 2767 692 2838 acciderit
705 2769 799 2861 quod
816 2771 930 2842 dictus
948 2771 1108 2864 magister
1121 2783 1156 2843 et
1172 2773 1292 2843 iratres
1307 2793 1348 2843 ac
1362 2771 1486 2844 domus
1500 2777 1616 2841 sancte
1633 2766 1738 2838 blarie
1754 2764 1938 2837 Thautoni·

529 2911 647 2960 corum
669 2913 735 2962 non
756 2895 946 2988 receperint
967 2895 1140 2966 besantius
1158 2893 1369 2984 antedictos,
1393 2914 1457 2966 nos
1471 2893 1527 2964 vel
1544 2889 1689 2962 heredes
1708 2887 1816 2960 nostri
1839 2887 1936 2980 regni

529 3013 644 3085 Sicilie
663 3025 839 3088 teneamur
853 3018 984 3092 eisdem
997 3020 1159 3112 magistro
1173 3027 1208 3090 et
1224 3017 1386 3090 iratribus
1402 3017 1474 3088 suis
1490 3037 1531 3088 ac
1548 3035 1668 3088 eorum
1685 3011 1802 3085 domui
1822 3033 1940 3105 supra·

530 3137 621 3210 dicte
635 3139 811 3211 restituere
820 3151 971 3212 castrum
984 3153 1018 3213 et
1029 3143 1171 3214 domurn
1186 3142 1389 3236 predictam,
1404 3142 1459 3212 vel
1470 3141 1537 3214 tale
1549 3161 1610 3235 pro
1622 3138 1705 3234 ipsis
1718 3135 1937 3209 excambium

529 3260 565 3331 in
585 3261 707 3334 eodem
723 3286 829 3355 regno
844 3273 959 3336 nostro
975 3265 1089 3338 Sicilie
1106 3267 1237 3360 prelata
1253 3265 1372 3340 domui
1390 3273 1507 3337 sancte
1530 3261 1636 3335 blarie
1649 3260 1937 3333 'l'bentonicorum

530 3386 696 3458 exhibere
725 3390 820 3480 quod
846 3389 1007 3460 fratribus
1025 3389 1180 3483 ejusdem
1206 3390 1331 3461 domus
1356 3387 1481 3461 debeat
1503 3408 1578 3458 esse
1591 3396 1739 3480 gratum.
1762 3383 1818 3455 Ad
1837 3384 1938 3473 cujus

530 3511 579 3583 rei
594 3513 793 3584 memoriam
817 3523 852 3585 et
876 3514 981 3585 robur
997 3524 1162 3610 perpetuo
1187 3513 1375 3586 valiturum
1396 3533 1537 3609 presens
1560 3508 1779 3606 privilegium
1807 3505 1881 3577 lieri
1904 3513 1938 3576 et

527 3637 622 3710 bulla
641 3659 745 3709 aurea
760 3638 894 3732 typario
908 3647 1022 3711 nostre
1038 3639 1222 3731 mejestatis
1237 3639 1402 3733 impressa
1414 3635 1581 3730 jussimus
1592 3630 1811 3705 communiri.

577 3763 687 3855 Hujus
712 3773 828 3834 antem
855 3762 902 3834 rei
931 3771 1032 3834 testes
1054 3773 1136 3834 sunt
1157 3764 1330 3856 Balyanus
1360 3753 1553 3858 [dominns]
1575 3755 1745 3852 Sydonie,
1769 3751 1872 3825 Oddo
1892 3751 1938 3824 dc

528 3885 798 3960 biontebeliardo
816 3877 1072 3958 comestabulus
1093 3887 1190 3980 regni
1216 3883 1500 3978 lerosolomitani,
1523 3881 1695 3955 lohannes
1716 3879 1761 3951 de
1782 3876 1934 3961 lbelino,

527 4011 738 4083 Guarnerins
767 4011 997 4101 Alamannus,
1039 4009 1181 4106 [Aymo]
1211 4031 1318 4105 nepos
1349 4009 1441 4100 ejus,
1473 4004 1644 4102 Ay‘marus
1676 4021 1785 4097 nepos
1825 3997 1938 4070 fratris

528 4135 669 4230 Apmari
686 4135 792 4207 etalii
807 4157 912 4228 quam
931 4137 1059 4231 plures.

576 4259 661 4332 Aeta
679 4269 761 4331 sunt
778 4259 843 4332 hec
866 4279 958 4332 anno
973 4257 1146 4330 dominice
1160 4255 1403 4329 incarnationis
1425 4251 1605 4325 millesimo
1626 4245 1861 4323 ducentesimo
1882 4242 1937 4314 ui·

529 4383 657 4454 cesimo
686 4403 793 4472 nono,
825 4403 943 4453 mense
968 4381 1105 4476 aprilis,
1132 4379 1286 4452 secunde
1320 4377 1542 4468 indictionis,
1579 4375 1768 4468 imperante
1793 4365 1935 4440 domino

567 4687 603 4762 (tl
624 4685 708 4743 llcdie
728 4685 901 4760 blisagnasen
916 4687 1047 4758 llesagnc,
1061 4685 1089 4742 in
1104 4691 1173 4742 terra
1185 4683 1308 4741 Ydronti.

567 4789 603 4862 (2)
622 4785 690 4847 vide
701 4801 782 4861 supra
793 4785 971 4844 renovationis
982 4785 1158 4860 privilegium,
1171 4785 1262 4841 datum
1273 4779 1390 4853 Tarenti,
1406 4795 1469 4839 ann.
1482 4779 1560 4849 aaut,
1571 4790 1664 4835 meuse
1674 4771 1765 4848 aprili.
