4642 6106
574 591 634 652 232
1075 593 1288 656 rutuuurct
1312 595 1485 658 secuntur
1801 595 1882 676 [Anu.
1901 596 1988 662 12³⁰.

577 730 712 824 gensis,
731 728 879 802 Silridus
893 730 1077 827 episcopus
1102 732 1357 828 Ratisponensis
1371 733 1558 830 imperialis
1573 731 1654 804 nuic
1672 731 1897 806 cancellarius
1915 735 1987 830 (l),

578 857 680 927 frater
695 855 910 926 Hermaunus
929 863 1039 928 rector
1062 855 1189 929 domus
1206 857 1513 950 Theutonicorum,
1534 855 1754 930 llemhardus
1777 856 1855 931 dux
1867 857 1991 930 Karin-

576 979 665 1070 thie,
691 977 862 1052 liudolfus
885 999 1001 1052 comes
1029 979 1074 1054 de
1100 978 1355 1076 Awichspurclr
1381 980 1625 1076 (llabsburg),
1648 979 1686 1054 C.
1711 979 1922 1074 burgravius
1943 979 1991 1054 de

574 1103 795 1194 Nurnberch,
825 1101 1029 1177 Gebhardus
1059 1103 1104 1178 dc
1124 1105 1305 1194 Arnsteiu,
1324 1106 1363 1178 C.
1383 1107 1428 1180 de
1443 1104 1661 1196 lichenloch,
1680 1103 1922 1200 Engelhurdus
1945 1103 1991 1178 de

575 1227 790 1314 Adelbureh,
819 1226 1037 1301 lleinhardus
1058 1227 1103 1302 de
1129 1227 1422 1324 Hagenawo,1ll.
1450 1229 1671 1321 llindsmaul,
1698 1226 1736 1300 C.
1762 1227 1807 1302 de
1833 1227 1991 1302 Weizeu-

576 1351 704 1438 burch,
725 1351 904 1424 Reimarus
919 1351 965 1424 de
979 1352 1261 1444 Prenueuberch,
1280 1363 1316 1428 et
1328 1354 1387 1426 alii
1403 1377 1509 1448 quam
1527 1354 1656 1449 plures.
1958 1343 1959 1346 '

624 1475 708 1548 Acta
722 1483 805 1547 suut
830 1475 894 1548 heo
918 1497 1010 1550 auno
1034 1475 1208 1552 dominice
1229 1477 1474 1552 iucarnationis
1492 1477 1540 1550 ll.
1561 1477 1623 1550 CC.
1644 1475 1758 1560 XXX,
1775 1497 1893 1551 mense
1909 1498 1989 1574 sep-

574 1599 727 1688 tembris,
748 1609 870 1694 quarte
886 1600 1101 1692 indictionis,
1123 1601 1315 1698 imperante
1329 1601 1471 1676 domiuo
1484 1609 1600 1676 nostro
1614 1601 1652 1674 F.
1670 1601 1733 1674 llei
1747 1601 1860 1692 gratia
1876 1601 1989 1674 invic-

576 1724 709 1797 tissimo
722 1724 953 1797 Romanorum
969 1725 1186 1820 imperatore,
1198 1747 1334 1822 semper
1345 1735 1507 1822 augusto,
1518 1725 1706 1800 Jerusalem
1717 1735 1753 1800 ot
1766 1724 1881 1798 Sicilie
1892 1745 1985 1818 rege,

577 1869 669 1922 anuo
683 1849 819 1945 imperii
835 1848 911 1940 ejus
925 1849 971 1940 X,
987 1849 1083 1945 regui
1094 1851 1284 1924 Jerusalem
1296 1850 1431 1946 quintu,
1448 1850 1546 1946 regui
1561 1871 1644 1924 vero
1657 1849 1773 1922 Sicilie
1783 1848 1911 1922 XXXll
1925 1849 1986 1944 (o),

577 1972 733 2045 feliciter.
752 1971 877 2046 Amen.

626 2099 751 2170 Datum
764 2117 827 2193 per
843 2119 984 2170 mauum
998 2097 1115 2172 Siiridi
1130 2098 1387 2196 Ratispoucusis
1400 2097 1553 2194 episcopi
1568 2107 1604 2171 el
1615 2095 1803 2194 imperialis
1814 2095 1895 2170 aule
1907 2115 1991 2168 cun·

579 2219 722 2310 cellarii,
742 2220 778 2293 in
795 2220 916 2294 castris
929 2241 1036 2318 prope
1050 2220 1256 2316 Anagniam,
1268 2241 1373 2314 auno,
1392 2241 1511 2296 mense
1523 2229 1558 2294 et
1573 2221 1761 2296 indictione
1774 2219 1986 2318 prescriptis.

420 2811 507 2906 '‘g‘'
630 2807 866 2912 Friderieus,
909 2807 1170 2890 Romanorum
1206 2807 1435 2915 imperator,
1471 2801 1617 2887 civibus
1652 2798 1990 2910 itatispcncnsibus

400 2927 530 3014 »i'temmf
577 2964 786 3050 eorumque
807 2939 1035 3022 haeredibus
1057 2949 1094 3022 et
1121 2937 1401 3022 successoribus
1426 2937 1552 3018 vadus
1577 2934 1748 3018 rouoedit
1769 2931 1988 3040 securitates,

577 3073 710 3184 uiginti
732 3083 770 3156 et
791 3098 870 3177 uuo
891 3071 1066 3180 capitulis
1088 3071 1400 3180 comprehensas,
1416 3069 1522 3152 salvo
1536 3079 1665 3152 tamen
1679 3066 1767 3178 jure
1788 3091 1859 3150 suo
1876 3075 1915 3150 et
1928 3091 1992 3150 eo-

576 3205 792 3288 decianam.

658 3419 748 3498 (Edit.
768 3435 807 3496 up
826 3418 929 3492 llunu,
939 3413 1102 3498 Metropcl,
1113 3423 1136 3478 t.
1148 3417 1174 3492 1,
1189 3425 1259 3478 233.
1270 3449 1310 3462 -
1320 3415 1434 3489 Lunro,
1449 3411 1670 3490 lleiclrsnrcdin„
1685 3419 1758 3475 3333.
1770 3411 1851 3489 XIV,
1866 3431 1899 3492 p,
1916 3422 1987 3476 332.

695 3557 734 3571 -
743 3523 874 3588 Menum.
883 3525 974 3596 Boiu,
984 3529 1058 3584 tom.
1069 3523 1181 3597 XXXI,
1192 3540 1261 3601 pars
1272 3531 1352 3600 1¹,p.
1364 3530 1434 3595 342,
1449 3539 1467 3582 3
1480 3517 1986 3597 33333331331333133333Λ323.

696 3663 737 3678 -
750 3631 947 3692 Memorutum
960 3637 990 3692 et
1003 3633 1213 3692 commentario
1226 3631 1391 3709 germanice
1407 3629 1588 3689 illustratum
1605 3627 1637 3687 tu
1656 3625 1832 3702 omnm,
1847 3621 1986 3706 Reprnrl.

700 3735 842 3814 3333333,
857 3739 884 3812 1,
900 3735 1057 3815 aut-aar.)

627 3926 829 4001 Fredericus
850 3926 912 3998 Dei
937 3924 1047 4019 gralia
1069 3925 1299 3996 Romanorum
1315 3921 1513 4016 imperator,
1535 3940 1672 4015 semper
1692 3924 1876 4013 augustus,
1891 3917 1988 3991 Jeru-

578 4053 686 4125 salem
714 4060 749 4124 et
772 4051 888 4124 Sicilie
912 4071 989 4122 rex.
1016 4048 1101 4120 Cum
1127 4044 1175 4120 ad
1204 4043 1360 4118 fidelium
1386 4042 1607 4118 devotionem
1631 4042 1782 4138 benigue
1805 4040 1989 4136 dirigimus

620 4239 662 4317 ‹a›
681 4239 772 4301 ussa
784 4244 883 4299 aurem
895 4235 1033 4297 araur.

615 4529 651 4602 (3)
668 4527 746 4584 Nune
765 4525 815 4582 3333
832 4524 919 4598 prima
931 4521 992 4580 vico
1005 4537 1066 4580 cum
1085 4521 1138 4580 lroc
1156 4519 1232 4578 titulo
1245 4519 1273 4576 iu
1285 4516 1453 4576 documentis
1467 4523 1587 4590 apparet.
1604 4517 1697 4574 Auum
1711 4521 1829 4588 mutuor,
1842 4529 1898 4574 nou
1910 4527 1987 4570 uren·

576 4627 616 4684 sis
623 4624 695 4699 apud
708 4627 831 4688 auctores
842 4628 1017 4680 memoratur:
1026 4620 1197 4695 «Episcopus
1206 4616 1409 4692 ltatispousnsis
1420 4614 1594 4674 cancellarius
1604 4599 1749 4689 imperialis
1761 4612 1836 4672 aulae
1844 4611 1985 4670 efficium»

578 4720 846 4794 comicisque,
860 4719 893 4777 ad
905 4735 967 4777 auu.
978 4720 1056 4790 3230,
1069 4733 1113 4792 up.
1126 4717 1254 4787 Sruuvu,
1271 4721 1292 4772 t.
1308 4715 1329 4785 1,
1345 4730 1374 4788 p.
1389 4717 1451 4772 oar.
