4642 6106
359 667 456 728 unior.
471 659 514 746 3.]
814 651 1009 716 HISTORIA
1034 653 1326 719 uteuottAvtctt.
1716 654 1774 716 211

360 799 513 874 llomana
523 791 667 868 ecclesie
679 789 900 882 assisterunt,
916 789 979 864 sed
991 812 1113 886 pacem
1126 791 1178 864 cis
1188 815 1230 866 ac
1242 792 1396 866 Ecclesie
1404 791 1613 864 observabit.
1624 791 1776 865 llemittit

358 921 464 996 otiam
484 920 560 1015 ipse
575 914 738 991 dominus
753 913 937 1008 imperator
953 916 1158 1008 sententias,
1176 916 1436 990 constitutiones
1454 925 1490 989 et
1509 917 1642 1008 banna,
1660 915 1691 988 si
1706 937 1776 1011 qua

359 1067 421 1144 per
433 1067 514 1119 eum
528 1043 585 1116 vel
599 1063 663 1138 per
677 1039 764 1113 alios
783 1039 853 1112 lata
868 1038 924 1112 vol
944 1037 1038 1112 edita
1055 1049 1138 1112 sunt
1153 1041 1335 1114 occasione
1349 1039 1548 1132 hujusmodi
1567 1049 1685 1114 contra
1700 1061 1772 1114 eos.

359 1168 530 1244 Promittit
542 1167 647 1240 etiam
662 1163 759 1260 quod
777 1174 885 1237 terras
901 1163 1053 1237 Ecclesia
1071 1165 1107 1236 in
1123 1166 1258 1239 Ducatu
1276 1175 1312 1239 et
1328 1164 1480 1240 Marobia
1498 1186 1560 1238 seu
1578 1163 1647 1238 ulio
1670 1165 1778 1260 patri-

359 1294 476 1368 monio
492 1291 646 1365 Ecclosio
664 1312 734 1364 non
756 1287 899 1362 invadet
918 1309 984 1362 nec
1004 1287 1199 1362 devastabit
1218 1312 1281 1387 per
1298 1311 1336 1362 se
1353 1291 1411 1364 vel
1433 1289 1613 1386 paralius,
1634 1287 1724 1361 siout
1740 1289 1776 1360 in

359 1419 497 1514 scriptis
510 1417 557 1490 ab
571 1418 647 1512 ipso
661 1413 803 1488 domino
818 1413 1024 1509 imperatore
1038 1415 1137 1486 lactis
1152 1437 1258 1511 super
1271 1415 1437 1512 predictis
1450 1415 1612 1487 omnibns
1626 1421 1661 1487 et
1672 1413 1777 1485 bullis

361 1543 475 1618 aurcis
500 1539 737 1636 impressisse
761 1537 906 1634 typariis
927 1559 991 1610 sue
1014 1539 1202 1632 majestatis
1222 1539 1364 1613 munitis
1390 1539 1543 1634 plenarie
1568 1537 1773 1612 continetur.

362 1669 431 1742 Nos
446 1674 562 1739 autem
579 1661 806 1736 nibilominus
825 1662 925 1735 tactis
945 1663 1170 1735 sacrosanctis
1183 1661 1374 1758 evangeliis
1383 1663 1579 1757 juravimus
1594 1683 1778 1758 procurare

362 1791 455 1864 bona
474 1789 544 1862 lide
560 1787 657 1882 quod
674 1785 851 1884 predictus
868 1785 1031 1861 dominus
1046 1787 1231 1882 imperator
1252 1788 1407 1884 predicta
1430 1787 1581 1862 servabit
1602 1795 1636 1860 et
1658 1794 1777 1859 eontra

360 1937 402 1989 ea
424 1935 495 1987 non
521 1911 656 1995 veniet3
687 1910 784 2005 quod
811 1914 840 1983 si
864 1910 978 2003 lieret,
1003 1912 1071 1984 nisi
1094 1912 1182 1986 inira
1209 1923 1278 1986 tres
1299 1935 1435 1986 menses
1457 1913 1493 1984 in
1514 1933 1622 2006 regno
1642 1910 1774 2002 Sicilie,

360 2039 451 2111 inira
462 2045 612 2133 quatuor
627 2035 785 2119 initalia,
806 2033 895 2108 inira
910 2036 1067 2130 quinque
1083 2045 1183 2110 extra
1198 2037 1329 2112 ltaliam
1345 2036 1486 2111 duxerit
1502 2033 1774 2124 emendandum,

360 2169 518 2258 potenter
530 2181 571 2234 ao
585 2169 740 2257 patenter
751 2158 797 2234 ad
805 2159 1062 2255 requisitionem
1072 2161 1227 2234 Ecclesie
1236 2162 1435 2235 assistemus
1444 2160 1476 2234 ei
1488 2169 1606 2234 contra
1613 2159 1776 2234 eumdem

361 2285 543 2359 dominnm
568 2285 808 2380 imperatorem
836 2285 948 2359 donec
973 2285 1187 2358 satisfecerit.
1216 2285 1320 2371 Quod
1348 2286 1379 2358 si
1403 2308 1466 2382 per
1491 2284 1670 2360 dominum
1694 2305 1775 2358 nos·

361 2419 454 2484 unm
480 2409 721 2506 imperatorem
741 2408 872 2482 steterit
891 2407 988 2503 quod
1010 2409 1156 2482 arbitros
1178 2431 1247 2483 non
1268 2409 1411 2505 elegerit
1430 2410 1487 2484 vel
1503 2409 1649 2482 arbitros
1666 2408 1776 2506 impe·

361 2533 490 2608 diverit
507 2555 552 2606 ne
574 2533 775 2628 procedant,
801 2555 865 2606 nos
885 2533 1038 2607 Ecclesie
1056 2533 1251 2607 tenebimur
1272 2534 1501 2625 assisterent
1522 2539 1574 2605 est
1594 2533 1773 2628 scriptum.

362 2659 399 2732 Si
414 2667 530 2732 antem
550 2653 704 2730 Ecclesia
719 2657 865 2730 arbitros
881 2656 967 2731 dare
986 2657 1134 2730 noluerit
1151 2659 1208 2731 vel
1230 2657 1330 2732 datos
1350 2657 1572 2754 impediverit
1593 2678 1638 2730 ne
1656 2677 1777 2752 proce·

363 2781 466 2874 dant,
487 2801 609 2854 nosex
628 2789 729 2873 tuno,
748 2789 918 2875 qnantum
937 2779 984 2853 ad
1001 2781 1095 2854 hunc
1110 2781 1311 2874 articulum,
1326 2781 1482 2878 predicto
1496 2802 1566 2854 non
1585 2779 1779 2854 tenebimur

359 2907 568 2998 iuramento.
600 2901 657 2977 Ad
684 2905 784 2996 eujus
807 2903 857 2977 rei
882 2903 1082 2978 memoriam
1107 2927 1249 3001 presens
1274 2905 1441 3002 seriptum
1464 2903 1538 2979 lieri
1564 2903 1709 2978 lecimus
1731 2905 1779 2978 si-

363 3027 455 3123 gillis
472 3027 599 3102 nostris
616 3029 881 3101 communitum.

411 3155 537 3226 Datum
544 3152 812 3248 apndSanetum
820 3151 1042 3245 manum,
1053 3175 1146 3227 anno
1154 3152 1777 3238 dominicsincamationisttccxxx,

364 3297 483 3350 menso
493 3277 593 3371 julii,
612 3278 737 3350 XXlll·
753 3275 811 3350 die
826 3277 954 3350 mensis
970 3277 1146 3372 ejusdem,
1165 3279 1355 3354 indictione
1372 3280 1443 3351 lll·.

1038 3555 1103 3628 vl.

412 3771 452 3842 B.
473 3769 536 3842 Dei
555 3770 666 3864 gratia
684 3767 878 3865 patriarcha
898 3769 1205 3865 Aquilegensis,...
1229 3768 1508 3866 archiepiscopus
1529 3768 1779 3862 salceburgen-
1802 3785 1950 3881 ΔΕΜ
1835 3781 1982 3826 ursum

365 3893 457 3986 sis,..
465 3915 670 3990 episeopus
681 3893 950 3990 Ratrsponensrs,
964 3916 1136 3967 unrversra
1146 3902 1323 3990 presentes
1331 3893 1480 3966 litteras
1470 3893 1676 3988 inspecturis
1685 3893 1778 3966 salu
1842 3889 1939 3944 ΜΝ

364 4017 463 4090 tem
453 4039 490 4090 1n
512 4017 671 4090 Domino.
695 4016 894 4102 Quoniam
884 4040 921 4089 rn
939 4017 1044 4091 rebus
1068 4017 1185 4113 dignis
1203 4017 1368 4090 memoria
1384 4017 1563 4090 veritatem
1582 4037 1646 4089 nee
1665 4025 1778 4090 tacere

364 4161 550 4236 possumus
564 4163 629 4214 nec
643 4141 831 4234 debemus,
848 4163 929 4214 oum
948 4143 1131 4216 occultatio
1146 4141 1302 4217 veritatis
1316 4149 1352 4214 et
1366 4141 1521 4214 utsitatis
1543 4141 1685 4214 assertio
1707 4161 1777 4213 non

364 4263 512 4336 multum
537 4264 641 4338 distet
660 4265 697 4336 in
721 4266 840 4361 culpa,
867 4265 914 4337 ad
936 4287 1153 4340 communem
1177 4264 1385 4340 deducimus
1408 4263 1564 4338 notitiam
1584 4285 1625 4338 ea
1649 4285 1720 4358 que
1739 4263 1776 4336 in

364 4388 503 4482 negotio
518 4389 744 4462 absolutionis
758 4389 969 4463 serenissimi
988 4391 1201 4487 imperatoris
1226 4389 1458 4462 Romanorum
1480 4407 1617 4484 sempor
1636 4387 1775 4482 augusti

364 4511 551 4584 Jerusalem
577 4523 612 4586 et
642 4513 758 4586 Sicilie
783 4515 876 4608 regis
904 4523 980 4587 actu
1006 4523 1087 4588 sunt
1111 4523 1146 4588 et
1169 4513 1262 4587 dicta
1291 4536 1312 4587 a
1337 4511 1597 4586 venerabilibus
1621 4511 1777 4610 patribus

364 4633 521 4710 lobanna
546 4637 609 4710 Dei
635 4638 745 4734 gratia
772 4639 953 4712 Sobinensi
979 4638 1141 4736 episcopo
1169 4648 1204 4712 ot
1229 4637 1359 4712 Thomu
1387 4638 1477 4712 tituli
1504 4639 1627 4710 Sancte
1650 4637 1778 4709 Sabine

364 4761 566 4857 presbytero
579 4760 763 4854 cardinali,
781 4761 966 4860 apostolice
982 4761 1083 4836 Sedis
1097 4763 1239 4857 legatis,
1257 4762 1353 4858 apud
1368 4763 1531 4836 sanum
1547 4759 1774 4848 Germanum,
