4658 6132
435 672 533 734 lrnrcr.
549 669 594 753 2.]
883 661 1081 724 tsssuoltla
1105 661 1403 727 ulrtounulctt
1789 665 1846 727 105

435 806 498 900 qui
512 826 625 898 usque
642 813 725 874 tunc
742 797 932 882 admodum
945 798 1057 870 iuerat
1074 797 1277 889 occultatus,
1291 799 1432 874 vocavit
1444 797 1490 872 ad
1502 819 1540 872 sa
1553 798 1686 870 circiter
1698 809 1848 892 quatuor

435 930 481 1003 de
498 928 687 1021 majoribus
706 925 805 1021 Syrie
827 923 946 1018 eisque
964 921 1137 992 intimavit
1151 920 1247 1014 quod
1269 923 1358 998 aden
1381 945 1513 1018 pauper
1534 931 1608 996 erat
1631 931 1666 996 et
1687 923 1846 1016 quodibi

435 1073 506 1126 non
518 1060 791 1148 poteratmoram
804 1047 939 1120 trahere
952 1044 1142 1138 longiorem
1156 1043 1238 1136 quia
1248 1047 1321 1136 jam
1335 1047 1403 1118 sibi
1415 1046 1622 1120 deficiebant
1629 1067 1795 1141 expense,
1808 1056 1849 1119 ut

432 1175 579 1250 consilia
593 1195 714 1248 eornm
735 1193 777 1245 eo
795 1170 931 1242 facilius
948 1167 996 1242 ad
1015 1189 1119 1240 suum
1136 1169 1349 1264 pmpositum
1364 1191 1406 1242 ac
1423 1169 1636 1244 desiderium
1653 1171 1845 1244 inclinaret.

436 1298 521 1372 Cum
538 1305 655 1371 autem
682 1296 727 1369 de
750 1302 950 1391 paupertate
968 1293 1149 1387 pmlogum
1164 1291 1379 1386 perfecisset,
1399 1295 1535 1389 aperuit
1548 1293 1599 1366 eis
1617 1295 1713 1388 quod
1727 1295 1849 1368 Solda·

437 1443 503 1494 uus
524 1420 690 1494 ollerebut
714 1419 747 1492 ei
772 1417 946 1490 civitatem
964 1425 1141 1501 sanctam,
1172 1425 1305 1489 retento
1317 1417 1384 1488 sibi
1408 1419 1537 1513 templo
1556 1419 1693 1490 Domini
1709 1417 1805 1513 quod
1827 1441 1850 1492 a

438 1543 634 1618 sarracenis
655 1541 819 1615 custodiri
845 1540 995 1614 debehat
1015 1537 1154 1611 utillud
1177 1539 1253 1612 siue
1274 1540 1403 1612 tributo
1428 1541 1556 1615 intrare
1579 1551 1718 1637 possent
1743 1543 1851 1614 libere

440 1667 617 1740 Sarrareni
631 1666 692 1761 qui
707 1666 789 1738 illuc
803 1665 932 1738 vellent
945 1684 1050 1736 causa
1066 1663 1351 1757 peregrinationis
1366 1665 1498 1754 venire,
1517 1673 1553 1736 et
1566 1665 1661 1759 quod
1675 1665 1849 1738 civitatem

439 1798 570 1886 poterat
588 1788 724 1862 firmare
738 1787 931 1877 Bethleem,
949 1795 984 1858 et
998 1785 1070 1858 duo
1085 1785 1231 1860 minima
1248 1787 1376 1860 casalia
1393 1810 1463 1882 que
1479 1797 1560 1860 snut
1576 1789 1665 1860 inter
1674 1789 1849 1861 Bethleem

437 1933 543 2009 supra
561 1920 700 1986 stratam
713 1920 748 1984 et
763 1909 997 2000 Hierusalem,
1021 1909 1148 1982 casalia
1165 1929 1235 2002 que
1258 1919 1339 1982 sunt
1354 1912 1443 1983 inter
1455 1912 1668 1985 Hierusalem
1683 1921 1776 1986 racto
1793 1912 1849 1984 iti-

437 2057 520 2110 nere
535 2036 809 2130 usqueloppen,
827 2031 995 2106 Nazareth
1008 2041 1043 2105 et
1057 2031 1128 2104 duo
1146 2033 1272 2106 casalia
1292 2034 1430 2108 modica
1450 2056 1520 2128 que
1538 2045 1621 2108 sunt
1637 2037 1725 2108 inter
1741 2037 1849 2110 Naza-

438 2161 513 2234 reth
532 2168 569 2233 et
583 2157 700 2232 Aeoon
718 2167 812 2231 recto
829 2157 969 2248 itinere,
991 2157 1105 2228 Turon
1123 2153 1173 2253 (a)
1193 2178 1274 2230 cum
1306 2159 1516 2252 quibusdam
1542 2160 1756 2254 pertinentiis
1775 2160 1849 2234 suis

437 2283 534 2378 quod
560 2305 630 2356 nou
655 2282 804 2357 debehat
833 2279 979 2371 firmari,
1006 2278 1181 2376 Sydonem
1195 2301 1275 2352 eum
1299 2281 1402 2376 plano
1425 2291 1460 2356 et
1477 2282 1548 2355 duo
1567 2283 1693 2356 casalia
1712 2283 1849 2358 modica

438 2428 509 2503 qne
528 2415 608 2480 sunt
628 2406 664 2478 in
678 2407 794 2501 plano.
813 2405 859 2476 Et
873 2401 1054 2478 sciendum
1072 2403 1167 2498 quod
1183 2404 1375 2498 patriarche
1389 2415 1489 2478 extra
1503 2407 1676 2480 civitatem
1694 2429 1762 2480 nou
1776 2429 1849 2481 res·

439 2529 574 2602 tituitur
590 2552 684 2603 unus
695 2549 820 2625 passus
832 2537 920 2601 terre
932 2547 997 2600 neo
1008 2525 1128 2599 domui
1138 2527 1293 2622 Sepulcri
1307 2528 1478 2600 Dominiei
1489 2550 1554 2602 uec
1563 2529 1723 2626 hospitali
1738 2530 1848 2604 sancti

440 2654 580 2728 loannis
601 2674 665 2726 nec
679 2653 724 2728 de
738 2653 858 2726 latina
874 2673 940 2726 nec
957 2651 1002 2724 de
1020 2650 1183 2747 iosaphat
1200 2651 1320 2725 neoda
1332 2653 1460 2747 templo
1477 2653 1614 2726 Domini
1637 2675 1701 2726 uec
1723 2655 1849 2726 montis

440 2778 565 2852 Oliveti
583 2799 648 2850 nec
662 2776 790 2850 montis
802 2777 896 2872 Syon
917 2775 1114 2867 abbatibus,
1132 2783 1167 2848 et
1181 2783 1218 2846 ut
1234 2775 1377 2848 breuius
1390 2775 1547 2849 dicamus
1562 2775 1649 2848 nihil
1661 2777 1850 2850 restituitur

440 2909 539 2974 extra
553 2900 727 2974 civitatem
740 2909 853 2995 preter
865 2920 908 2972 ea
922 2919 992 2993 que
1006 2905 1087 2972 sunt
1100 2897 1260 2994 superius
1272 2899 1544 2994 nominataeque
1557 2909 1751 2974 tamennon
1768 2912 1851 2974 sunt

440 3023 486 3098 de
510 3023 681 3098 casalibus
699 3021 832 3118 quoad
849 3021 1000 3116 aliquem
1024 3021 1218 3116 pertineant
1243 3021 1288 3095 de
1308 3043 1450 3118 corpore
1471 3023 1621 3096 civitatis
1643 3023 1711 3096 uisi
1730 3023 1851 3097 domui

441 3147 573 3244 Templi
584 3147 631 3220 ad
649 3167 753 3240 quam
766 3145 883 3240 aliqua
898 3146 1071 3240 pertinent
1087 3165 1135 3216 ex
1151 3145 1283 3238 eisque
1295 3153 1378 3216 sunt
1391 3146 1479 3220 inter
1491 3145 1702 3220 Hierusalem
1717 3156 1753 3220 et
1772 3149 1852 3243 lop-

441 3293 524 3368 pen.
541 3270 674 3344 casalia
685 3290 770 3342 vero
783 3289 852 3363 que
862 3269 1020 3342 restituta
1031 3267 1195 3341 dicuntur
1205 3289 1316 3364 pauca
1328 3279 1411 3342 sunt
1424 3291 1568 3342 nnmem
1585 3293 1649 3344 nec
1664 3271 1853 3368 plurimum

441 3392 716 3468 commendanda
739 3393 868 3465 valore.
892 3390 950 3466 Ad
973 3391 1038 3465 hec
1059 3391 1249 3488 supradicti
1267 3393 1399 3466 nobiles
1418 3394 1671 3490 respondemnt
1693 3395 1789 3490 quod
1807 3417 1854 3468 ex

440 3539 512 3612 quo
533 3517 581 3590 ita
597 3537 729 3614 pauper
742 3525 816 3588 erat
830 3515 928 3610 quod
949 3515 1092 3588 ulterius
1115 3535 1293 3588 mmanere
1314 3537 1385 3590 non
1407 3527 1541 3613 posset,
1571 3519 1604 3591 ei
1619 3519 1747 3591 lactum
1765 3519 1853 3592 illud

443 3641 676 3716 discensulere
699 3661 770 3714 non
795 3638 991 3731 audebant,
1022 3640 1071 3711 ita
1096 3647 1211 3712 tamen
1240 3641 1270 3712 si
1303 3641 1479 3714 civitatem
1498 3641 1645 3716 retinere
1665 3651 1797 3738 poterat
1818 3651 1854 3716 et

442 3764 590 3838 munire.
610 3763 831 3838 Postmodum
846 3763 961 3836 vocati
972 3763 1113 3836 luerunt
1127 3763 1280 3858 magistri
1298 3763 1480 3838 domorum
1491 3775 1526 3838 et
1537 3787 1642 3861 super
1659 3765 1725 3838 hoc
1739 3765 1852 3860 requi

442 3887 499 3962 siti
513 3888 574 3982 qui
588 3909 658 3962 nna
672 3909 752 3960 cum
767 3885 938 3982 episcopis
952 3885 1077 3980 Anglie
1098 3887 1349 3982 responderunt
1364 3887 1460 3982 quod
1474 3887 1550 3961 sine
1572 3897 1688 3960 nostm
1710 3888 1852 3962 oonsilio

442 4009 529 4082 nihil
543 4009 682 4106 penitus
698 4006 956 4104 responderent,
969 4007 1123 4082 dicentes
1138 4009 1234 4104 quod
1250 4017 1405 4082 nostrum
1420 4017 1493 4082 erat
1508 4010 1689 4082 eonsilium
1711 4009 1853 4105 potissi-

442 4156 538 4208 mum
557 4132 803 4228 requirendum
814 4132 1255 4229 tuuepmpterdignilatem
1271 4131 1532 4228 patriarchatus,
1546 4132 1722 4226 tuncquia
1737 4133 1852 4206 inillis

442 4257 599 4353 partibus
618 4279 660 4329 ae
677 4256 815 4352 negotio
833 4257 997 4352 precipue
1023 4258 1104 4330 Jesu
1129 4255 1252 4329 Christi
1280 4255 1461 4349 legationis
1476 4255 1589 4328 officio
1606 4256 1847 4350 fungebamur.

443 4377 499 4452 Ad
514 4379 578 4453 hee
589 4380 772 4474 imperator
785 4379 964 4475 respondit
979 4379 1076 4474 quod
1090 4388 1244 4452 nostrum
1258 4400 1363 4474 super
1374 4379 1441 4451 hoc
1454 4379 1636 4456 consilium
1655 4401 1724 4452 nou
1737 4380 1852 4474 requi·

442 4513 533 4576 reret
556 4525 621 4576 nec
648 4503 802 4576 haberet.
831 4503 888 4577 Sic
913 4503 1021 4599 igitur
1041 4503 1225 4598 imperator
1242 4503 1343 4594 clam,
1357 4501 1496 4576 nemine
1509 4501 1554 4576 de
1574 4511 1664 4575 terra
1677 4512 1849 4599 presente,

485 4755 522 4838 (a)
542 4757 602 4836 Ap.
617 4759 778 4838 Haynald,
795 4759 921 4838 Turrem,
936 4758 1023 4820 male.

542 4863 599 4926 111.
1655 4874 1689 4926 14
