4642 6106
370 637 467 702 laura
483 636 528 718 Α]
818 632 1015 696 HISTORIA
1039 633 1331 700 DlPLOMATlGA.
1724 635 1783 699 261

370 769 542 868 generalis
555 777 689 842 tontum
703 775 819 842 nostre
836 789 971 842 camere
985 768 1151 843 exibeant
1163 778 1198 842 et
1212 771 1408 862 exsolvant,
1424 769 1677 866 quinquaginta
1690 769 1788 844 vida·

370 896 451 970 licet
462 894 579 969 undas
590 894 703 986 Cava,
722 891 1025 986 Sanctnsddjutor
1040 917 1120 968 cum
1134 896 1212 970 aliis
1224 897 1311 970 locis
1323 903 1360 968 et
1372 894 1504 968 villulis
1517 893 1562 970 de
1575 895 1790 991 pertinentiis

371 1019 574 1096 eorumdem
587 1027 623 1092 et
637 1019 790 1114 reliquas
807 1019 1060 1114 quinquaginta
1071 1020 1227 1094 Castrum
1242 1021 1364 1094 Cilcnti
1378 1021 1537 1094 exsolvat
1550 1041 1630 1093 cum
1644 1020 1718 1093 suis
1732 1041 1791 1094 ca-

372 1143 504 1218 salibus
519 1141 741 1239 supradictis.
762 1145 802 1216 ln
821 1143 898 1216 aliia
912 1164 997 1217 vero
1015 1143 1257 1218 exactionibus
1269 1165 1334 1241 pro
1350 1153 1425 1218 rate
1441 1143 1697 1218 communicent
1710 1165 1790 1217 cum

373 1267 451 1342 aliis
469 1266 669 1342 bominibus
685 1267 793 1340 nostri
808 1265 961 1340 demanii
972 1269 1075 1361 juxta
1089 1269 1314 1362 quantitatem
1331 1269 1492 1366 superius
1505 1277 1734 1364 pretaxatam.
1747 1269 1791 1342 Et

376 1400 414 1464 ut
433 1400 511 1466 tuas
530 1411 652 1488 preces
669 1391 737 1464 sibi
755 1391 905 1488 amplius
925 1391 1073 1464 sentiant
1092 1393 1281 1488 profuisse,
1303 1392 1349 1467 de
1365 1393 1476 1488 gratia
1492 1392 1633 1490 speciali
1650 1391 1790 1466 eosdem

374 1517 533 1592 homines
549 1516 764 1590 restituimus
782 1537 830 1589 ex
849 1536 945 1588 nuno
964 1516 1011 1590 ad
1031 1537 1151 1591 omnes
1169 1517 1344 1593 libertates
1364 1527 1400 1592 et
1417 1517 1650 1591 immunitates
1673 1526 1790 1590 contra

374 1660 602 1736 quoscunque
621 1639 674 1714 eis
696 1661 880 1714 mneessas
901 1661 965 1736 per
987 1639 1308 1716 victoriosissimum
1334 1663 1451 1738 regem
1473 1641 1658 1736 llogerium
1682 1663 1789 1714 avum

376 1773 549 1856 nostrum,
566 1785 684 1859 regem
702 1763 923 1838 Guilielmum
940 1765 1152 1838 avunculum
1172 1775 1347 1858 nostrum,
1368 1765 1564 1863 piissimum
1583 1773 1618 1838 ct
1635 1763 1792 1837 felicissi-

378 1909 475 1961 mum
492 1909 610 1984 regem
626 1887 846 1962 Guilielmnm
861 1889 890 1960 ll
904 1889 1149 1963 consobrinum
1163 1899 1336 1983 nostrum,
1353 1890 1442 1963 siout
1456 1890 1492 1962 in
1510 1887 1702 1984 privilegiis
1719 1889 1792 1964 dic·

379 2021 492 2086 torum
508 2013 749 2102 dominorum,
762 2034 833 2107 que
843 2021 882 2086 tn
895 2013 1077 2108 originalia
1090 2035 1174 2088 vera
1188 2023 1223 2088 et
1236 2015 1426 2111 approbata
1439 2023 1554 2087 nostre
1569 2013 1665 2086 curie
1677 2022 1791 2086 osten·

379 2134 475 2226 disti,
493 2135 628 2232 plenius
642 2136 852 2226 continetur;
869 2137 1118 2233 prescriptione
1131 2145 1250 2212 contre
1264 2137 1399 2212 indulta
1415 2136 1615 2230 hujusmodi
1630 2137 1725 2232 longi
1735 2139 1791 2210 vel

379 2258 496 2332 brevis
514 2260 677 2356 temporis
696 2260 733 2332 in
757 2260 875 2356 aliquo
899 2261 1157 2335 nonobstante.
1182 2263 1234 2335 Da
1255 2261 1500 2336 abundantiori
1525 2261 1665 2357 insuper
1683 2261 1793 2355 gratia

380 2381 605 2456 concedimus
626 2383 690 2457 tibi
712 2393 748 2458 et
769 2385 1028 2458 successoribus
1047 2385 1115 2458 tuis
1137 2385 1175 2458 in
1193 2395 1400 2483 perpetuum
1419 2395 1458 2457 ut
1474 2385 1510 2457 in
1529 2384 1685 2480 predicta
1703 2393 1792 2458 terra

380 2505 489 2599 Cave,
503 2509 629 2582 &new
642 2507 822 2602 adjutore,
840 2517 875 2582 et
888 2509 1103 2606 pertinentiis
1116 2509 1335 2600 eorumdem,
1355 2508 1472 2582 Castro
1489 2507 1611 2581 Cilenti
1625 2529 1705 2580 cunr
1719 2529 1793 2579 orn·

382 2629 487 2704 nibus
502 2630 576 2704 suia
592 2633 782 2724 casalibus,
807 2633 912 2708 casali
928 2629 1043 2706 Sancti
1057 2633 1147 2707 Petri
1161 2633 1207 2707 de
1218 2635 1376 2725 Paterno,
1395 2633 1500 2706 casali
1514 2631 1628 2706 Sancti
1643 2631 1733 2705 Petri
1749 2630 1794 2705 de

381 2753 535 2847 Olivula,
556 2755 661 2828 casali
680 2757 795 2830 Sancti
812 2756 941 2830 Steiani
960 2765 995 2830 et
1007 2758 1131 2830 Sancte
1147 2756 1255 2831 llario
1272 2757 1318 2831 de
1332 2755 1533 2848 Juncarioo,
1558 2754 1663 2828 casali
1679 2755 1793 2828 Sancti

382 2879 500 2952 iacobi
521 2878 743 2970 delmenia,
763 2880 868 2954 casali
891 2880 1007 2954 Sancti
1026 2880 1143 2976 ligidii
1159 2881 1205 2954 de
1229 2881 1330 2954 Prato
1351 2881 1528 2976 Gargano,
1550 2879 1656 2952 casali
1678 2880 1793 2953 Sancti

382 2998 579 3076 loannisdo
590 3003 752 3096 Fabrica,
770 3003 875 3078 casali
886 3005 1017 3100 Rupto,
1031 3004 1136 3078 casali
1149 3006 1273 3078 Sancte
1287 3005 1396 3079 blarie
1411 3003 1456 3078 de
1468 3005 1572 3088 Rota,
1586 3003 1692 3078 casali
1704 3003 1794 3078 Chu-

383 3125 536 3220 risosmi,
554 3128 661 3202 casali
679 3129 795 3202 Sancti
812 3128 903 3203 Petri
917 3129 963 3203 de
977 3129 1196 3223 Tramutulo‚
1216 3130 1321 3204 casali
1339 3129 1454 3218 Sancti
1472 3129 1577 3202 blasii
1596 3128 1641 3203 de
1660 3129 1792 3220 Salvia,

384 3252 489 3325 meoli
507 3253 623 3326 Sancti
641 3253 810 3346 Marzaui,
828 3253 934 3326 casali
952 3253 1067 3327 Sancti
1082 3252 1238 3344 Arsenii,
1258 3253 1363 3328 casali
1378 3251 1494 3326 Sancti
1515 3251 1605 3325 Petri
1620 3251 1665 3325 de
1682 3251 1793 3341 Polla,

387 3375 491 3449 casali
509 3377 632 3450 Sancte
653 3377 761 3450 Mario
785 3376 831 3450 de
846 3377 1017 3472 Pertnsia,
1037 3379 1142 3452 casali
1160 3379 1285 3451 Sancte
1298 3377 1449 3452 Barbare
1468 3375 1515 3450 de
1533 3375 1674 3466 Grasso,
1693 3373 1797 3448 casali

385 3499 564 3594 Tusciaui,
585 3501 690 3576 casali
706 3503 831 3576 Sancto
854 3505 1004 3577 Barbare
1022 3502 1068 3576 de
1084 3501 1274 3598 Capuacio,
1297 3502 1484 3576 tenimento
1504 3499 1621 3572 Sancti
1643 3498 1733 3572 Petri
1751 3499 1798 3572 ad

386 3625 635 3699 columnellam
657 3635 693 3698 et
716 3626 831 3698 Sancti
849 3627 979 3700 Nicolai
1001 3627 1048 3701 ad
1067 3627 1300 3701 Mercatellum
1318 3635 1352 3698 et
1370 3625 1475 3699 casali
1495 3623 1592 3720 quod
1611 3621 1739 3696 dicitur
1755 3621 1799 3694 de

386 3745 556 3822 Monacho
573 3750 679 3822 situm
698 3749 735 3822 in
752 3751 922 3824 territorio
940 3750 1103 3844 Petrolie,
1124 3772 1166 3824 ac
1183 3749 1219 3821 in
1237 3749 1400 3824 omnibus
1414 3748 1491 3822 aliis
1508 3747 1592 3821 locis
1608 3745 1800 3842 possessio-

388 3872 493 3946 nibus
508 3882 551 3947 'et
568 3874 765 3948 tenimentis
784 3875 854 3948 tuis
870 3875 978 3948 libere
990 3875 1103 3972 possis
1112 3873 1268 3971 accipere
1283 3871 1470 3968 lidagium,
1484 3870 1706 3964 herbagium,
1726 3870 1802 3964 pla-

389 3997 569 4090 teaticnm,
583 3997 796 4094 aquaticum,
812 3997 1013 4094 ripaticum,
1029 3997 1292 4095 portalatioum,
1306 3995 1542 4091 glandaticum
1552 4015 1595 4067 ac
1606 3991 1722 4066 omnia
1734 3991 1802 4064 alia

388 4142 459 4214 qno
469 4121 617 4215 quilibet
630 4122 794 4196 comitum
806 4122 1046 4218 baronumque
1055 4131 1251 4196 nostrorum
1262 4119 1373 4216 exigit
1385 4129 1421 4193 et
1433 4117 1556 4216 recipit
1569 4117 1604 4188 in
1619 4116 1718 4189 terris
1730 4115 1804 4187 suis

390 4245 608 4339 feudalibus,
626 4245 770 4342 exigere
790 4255 902 4342 potest
927 4256 963 4320 et
984 4243 1165 4340 edificare,
1187 4267 1229 4320 ac
1248 4265 1313 4318 nos
1334 4245 1371 4316 in
1395 4241 1495 4318 terris
1516 4240 1624 4314 nostri
1650 4239 1802 4314 demanii

390 4371 567 4468 exigimus
584 4379 619 4444 et
633 4370 730 4466 exigi
749 4369 896 4444 facimus
910 4393 932 4444 a
946 4370 1155 4466 degentibus
1171 4377 1207 4444 ot
1221 4367 1436 4444 morantibus
1450 4365 1600 4457 ibidem,
1616 4362 1758 4438 edifices
1770 4373 1804 4436 et

391 4495 514 4592 exigas
525 4504 562 4568 tu
576 4505 611 4569 et
622 4494 899 4569 successorestui
912 4492 1137 4594 etiratres(c)
1150 4493 1262 4592 ipsius
1275 4491 1474 4568 monasterii
1486 4489 1672 4582 incastris,
1684 4487 1799 4580 terris,

434 4765 476 4847 (ιι)
492 4767 528 4830 ln
541 4767 736 4845 uansumptts
743 4771 862 4848 partor,
873 4763 961 4828 mala.
