4710 6076
374 612 473 674 mmm.
492 609 554 687 lb]
828 602 1026 666 ttts't'ottltt
1051 599 1342 664 blstottartctt.
1724 603 1778 664 att

373 755 459 843 patu
477 739 716 839 Herbipolensi
739 739 774 812 in
790 737 891 813 leudo
906 747 1117 830 teneremus,
1134 736 1181 810 ad
1205 737 1402 810 instantiam
1425 745 1460 808 et
1482 735 1681 832 petitionem
1699 734 1782 808 dicti

374 867 511 942 abbatis
531 863 650 939 Silridi
675 873 712 937 et
735 861 791 934 sni
814 869 1007 936 conventus
1032 883 1165 936 necnon
1188 861 1307 936 divine
1329 859 1614 934 remunerationis
1630 859 1778 951 intuitu,

375 990 504 1065 dictam
525 986 743 1063 advocatiam
763 985 953 1058 venorabili
977 985 1172 1058 Hermanno
1189 983 1425 1080 Herbipolensi
1449 983 1611 1080 episcopo
1630 983 1782 1078 resigna·

375 1115 492 1189 vimus
509 1113 576 1187 sub
591 1109 651 1183 tali
671 1107 869 1183 conditione
882 1117 921 1180 ut
936 1106 1029 1180 idem
1046 1107 1229 1204 episcopus
1244 1117 1456 1205 prenotatam
1475 1103 1721 1206 [advocatiam]
1737 1108 1784 1179 li-

375 1239 459 1312 bere
480 1245 516 1311 at
540 1235 607 1309 sub
621 1235 702 1327 jore
720 1231 859 1328 proprio
876 1231 1063 1304 remitterat
1078 1231 1196 1304 abbati
1212 1241 1248 1304 et
1267 1229 1452 1304 conventui
1468 1239 1671 1322 memoratc;
1686 1231 1783 1326 quod

376 1361 481 1436 etiam
497 1355 722 1432 incontinenti
741 1355 777 1428 iu
796 1362 913 1430 noaba
929 1355 1099 1451 presentia
1115 1375 1231 1429 coram
1251 1354 1466 1451 principibus
1482 1363 1517 1426 et
1535 1353 1680 1428 testibus
1692 1355 1783 1428 sub-

377 1483 514 1580 scriptis
531 1479 718 1555 liberaliter
731 1478 921 1553 dinoscitur
937 1478 1071 1552 fecisse.
1090 1479 1141 1552 Ne
1153 1479 1259 1574 igitur
1272 1478 1317 1552 ab
1330 1477 1447 1574 aliquo
1460 1499 1657 1552 successore
1669 1489 1785 1554 nostro

376 1606 545 1702 prelibato
564 1603 681 1680 abbati
698 1611 733 1676 et
752 1623 817 1675 suo
837 1602 1023 1676 conventui
1043 1621 1149 1698 super
1166 1602 1345 1676 collatione
1360 1602 1436 1676 sive
1452 1603 1653 1678 remissione
1669 1613 1784 1677 nostru

377 1739 413 1802 et
426 1729 570 1826 sepoiati
586 1726 739 1824 episcopi
753 1725 879 1821 aliquis
892 1727 1075 1822 scrupulus
1093 1727 1202 1823 possit
1221 1735 1332 1800 tractu
1349 1727 1511 1823 temporis
1525 1727 1685 1820 suboriri,
1701 1750 1785 1824 pre-

378 1863 509 1929 sentem
535 1852 698 1950 paginam
724 1850 828 1923 scribi
854 1851 1000 1923 fecimus
1021 1859 1056 1924 et
1078 1851 1181 1946 sigilli
1206 1851 1313 1924 nostri
1343 1851 1530 1948 patmcinio
1558 1853 1782 1943 communiri,

379 1978 581 2052 auctoritate
596 1976 692 2071 regia
706 1973 930 2048 nihilominus
943 1973 1138 2048 firmissime
1153 1975 1379 2071 precipientes
1391 1974 1554 2070 quatinus
1566 1976 1683 2048 nullos
1697 1998 1784 2050 ausu

382 2101 509 2176 ductus
526 2101 707 2176 temerario
721 2097 935 2196 sepedictum
955 2099 1113 2172 abbatem
1128 2109 1163 2172 et
1184 2121 1287 2172 suum
1311 2108 1520 2174 conventum
1541 2108 1611 2172 mm
1635 2098 1671 2172 in
1694 2099 1786 2174 dicta

379 2227 603 2321 corioquam
624 2226 661 2297 iu
680 2224 757 2299 aliis
778 2223 1054 2319 possessionibus
1078 2223 1222 2297 ecclesie
1243 2245 1307 2297 sue
1328 2225 1509 2298 molestare
1532 2235 1706 2321 presumat
1728 2227 1784 2298 vel

380 2350 541 2444 injuriam
560 2349 723 2444 irrogare.
738 2347 840 2433 Quod
857 2347 919 2442 qui
936 2349 1166 2438 attentaverit,
1185 2349 1457 2444 indignationem
1471 2357 1506 2420 et
1519 2369 1661 2444 gravem
1679 2348 1786 2422 oden-

379 2495 453 2549 sam
468 2483 583 2548 nostre
597 2471 811 2546 celsitudinis
828 2494 866 2546 se
883 2473 1018 2546 noverit
1033 2471 1229 2546 iucurrisse.

427 2599 553 2672 Datum
569 2596 666 2692 apud
682 2595 928 2683 Mulhebusen,
946 2595 992 2667 lll
1011 2595 1092 2668 idus
1106 2597 1263 2690 augusti,
1281 2595 1471 2668 indictione
1486 2596 1561 2667 XV.

429 2721 472 2792 Hi
498 2729 579 2794 sunt
607 2730 709 2794 testes
732 2719 949 2794 Hormonuos
973 2719 1228 2815 Herbipoleusis
1252 2719 1452 2816 episcopus,
1471 2719 1652 2794 Heinricus
1672 2719 1788 2793 Aistc-

381 2844 487 2919 tensis
506 2844 710 2940 episcopus,
729 2843 766 2916 G.
791 2843 972 2918 Fuldensis
987 2843 1114 2933 abbas,
1134 2842 1332 2916 tudovicus
1357 2844 1433 2918 dux
1457 2845 1619 2936 Bavarie,
1638 2844 1716 2918 Otto
1730 2847 1787 2936 jn-

380 2969 480 3042 venis
495 2968 571 3042 dux
593 2967 750 3060 Bavarie,
770 2969 986 3040 Hermannus
1003 2967 1156 3040 marchio
1172 2966 1218 3040 de
1231 2969 1362 3056 Badeo,
1382 2967 1560 3041 Conradus
1581 2968 1789 3061 burgravius

380 3091 426 3166 de
446 3091 680 3184 Nuremberg,
697 3093 927 3163 Hartmannus
948 3111 1064 3163 comes
1084 3091 1129 3164 de
1155 3092 1345 3187 Dillingen,
1364 3092 1480 3188 Poppo
1501 3113 1616 3165 comes
1637 3093 1789 3189 burgra-

379 3216 461 3288 vius
483 3214 527 3288 de
545 3215 767 3308 Henneberg,
786 3211 948 3288 Gerlacus
965 3214 1009 3288 de
1021 3215 1211 3306 eitingen,
1232 3215 1427 3289 Fridericns
1448 3215 1493 3289 de
1506 3215 1787 3313 Trahendingen‚
1905 3215 1908 3222 ’

381 3339 503 3413 Daniel
522 3339 708 3413 canonicus
722 3338 805 3412 novi
821 3339 1031 3432 monasterii,
1046 3338 1222 3414 Conradus
1237 3339 1408 3413 Plebanus
1420 3339 1465 3414 de
1478 3339 1603 3432 Asche,
1620 3343 1789 3417 Plebanus

384 3461 429 3536 de
445 3463 665 3554 Mulehusen,
683 3461 817 3537 Ulricus
835 3463 989 3536 noerius
1010 3464 1089 3536 aule
1106 3464 1221 3559 regie,
1239 3463 1416 3560 Lopoldus
1432 3465 1603 3554 notarius,
1628 3465 1790 3540 Albertus

384 3583 538 3657 notamus
558 3595 593 3658 et
610 3586 808 3682 capellanus
828 3585 981 3682 episcopi
1002 3585 1220 3677 distetensis,
1238 3585 1414 3682 Lopoldus
1431 3587 1475 3660 de
1489 3585 1712 3681 Grindelach,
1732 3591 1790 3662 Ul-

384 3705 478 3778 ricns
495 3705 540 3779 de
556 3707 671 3800 Mure,
686 3709 854 3782 Ludollus
873 3708 919 3782 de
937 3709 1140 3803 Seneligen,
1157 3707 1378 3781 Eberhardus
1398 3709 1444 3783 de
1463 3709 1697 3804 Slusselberg,
1723 3709 1789 3785 Go-

385 3829 531 3905 tairidus
549 3831 768 3925 camerarius,
784 3831 944 3906 Albartus
964 3832 1097 3930 dapifer
1117 3833 1162 3907 de
1179 3831 1384 3928 Wircsburg
1401 3844 1437 3906 et
1455 3833 1514 3907 alii
1535 3856 1639 3929 quam
1660 3837 1785 3931 plures.

616 4215 1554 4230 mmm-

438 4538 623 4624 ilenricus
651 4541 912 4628 Romanorum
938 4569 1005 4628 rex
1032 4543 1234 4628 comitibus
1256 4543 1474 4630 Hermanno
1496 4557 1534 4631 ct
1559 4548 1720 4634 Henrico
1746 4553 1794 4636 de
1824 4575 1986 4684 pagg-pn

385 4669 646 4788 Woldeoberg
674 4676 898 4760 transmittit
931 4677 1201 4788 protectionem
1232 4689 1438 4764 conventus
1469 4680 1518 4764 de
1550 4680 1794 4770 Wallrenried
