4642 6106
592 603 656 668 aaa
1097 605 1312 670 curuantur
1336 607 1511 672 succum
1820 609 1900 698 [an.
1918 615 2003 678 reat.

592 735 773 822 omnibus
785 739 1021 848 pertinentiis
1034 740 1255 824 monasterii
1270 741 1449 824 Cavensis
1462 740 1604 824 ibidem
1616 743 1804 852 expressis
1813 747 1933 856 possit
1945 773 2007 832 ao-

592 869 717 978 cipere
733 868 934 982 fidagium,
949 871 1194 983 herbagium,
1209 871 1468 982 plateaticum,
1486 883 1577 981 etc,
1591 875 1798 987 omniaque
1809 905 1909 988 quae
1921 883 2008 990 qui-

591 999 685 1086 libet
702 1027 829 1086 comes
846 1003 906 1087 vel
927 1003 1022 1088 baro
1040 1005 1080 1088 in
1098 1005 1209 1088 terris
1228 1006 1308 1088 suis
1325 1005 1541 1089 feudalibus
1558 1006 1708 1118 exigere
1723 1019 1860 1119 potest.

672 1206 793 1289 (lncdlt.
808 1227 847 1272 ex
861 1211 995 1290 crlglnall
1009 1211 1042 1272 ln
1055 1209 1179 1274 Archiv.
1193 1211 1333 1288 cavensi,
1345 1229 1454 1274 mmet.
1470 1213 1514 1274 M.
1529 1221 1564 1274 n'
1576 1222 1627 1276 ²⁸.
1637 1243 1677 1260 —
1686 1215 1920 1295 Tranrnmpturn
1930 1234 2006 1297 quo-

710 1331 769 1394 que
781 1317 985 1378 authenticum
996 1316 1080 1380 adest
1092 1319 1124 1379 ln
1136 1317 1205 1380 libr.
1220 1321 1315 1397 prlrno
1326 1325 1504 1398 numumpt.
1517 1329 1552 1380 ιιο
1564 1319 1630 1396 XL,
1639 1336 1701 1382 cur.
1710 1329 1760 1396 ct,
1774 1327 1807 1384 et
1817 1325 1849 1384 ln
1861 1322 2004 1388 dtcucnn

710 1419 848 1483 lbld.lol.
866 1419 947 1501 141.)

640 1609 681 1680 ln
694 1607 834 1684 nomine
848 1609 911 1684 Dei
924 1611 1035 1684 eterni
1052 1620 1087 1686 et
1101 1611 1287 1686 Salvatoris
1300 1614 1407 1686 nostri
1424 1614 1506 1688 lesu
1520 1613 1655 1688 Christi.
1671 1613 1795 1688 Amen.
1812 1613 2007 1688 Friderieus

591 1727 713 1806 divina
725 1733 865 1806 favente
880 1734 1060 1808 clementia
1076 1735 1307 1809 Romanorum
1326 1737 1523 1833 imperator,
1539 1759 1675 1834 semper
1689 1747 1875 1832 augustus,
1892 1748 1928 1812 et
1940 1761 2005 1812 rex

589 1853 721 1946 Sicilie,
739 1855 887 1929 ducatus
901 1857 1028 1954 Apulia
1042 1867 1077 1932 et
1088 1859 1302 1955 principatus
1316 1859 1444 1956 Capue.
1463 1862 1554 1934 lntcr
1568 1871 1681 1936 cetera
1699 1862 1792 1936 dona
1807 1861 2005 1959 principum

588 1981 718 2076 quibus
730 1989 784 2054 est
793 2001 932 2054 annexa
943 1981 1111 2056 stabilitas
1126 1983 1195 2056 illis
1211 1983 1357 2057 debetur
1371 1985 1493 2060 merito
1502 1987 1561 2080 jus
1574 1995 1739 2082 perpetue
1753 1984 2006 2082 firmitatisque

589 2103 747 2202 personis
756 2104 925 2199 religiosis
937 2126 978 2177 ac
987 2105 1071 2178 locis
1084 2084 1359 2200 venerabilibus,
1374 2107 1479 2182 immo
1496 2109 1532 2182 in
1544 2109 1596 2182 eis
1608 2109 1754 2182 Domino
1766 2111 2003 2200 conteruntur,

589 2228 640 2300 illi
653 2227 817 2302 videlicet
829 2229 891 2324 qui
903 2229 965 2303 dat
978 2231 1125 2304 salutern
1139 2231 1293 2326 regibus,
1310 2231 1529 2327 disciplinam
1542 2231 1711 2326 adjiciens
1723 2233 1903 2328 regiminis
1915 2235 2007 2306 sulu-

588 2351 685 2424 taris.
703 2352 791 2424 llinc
806 2362 859 2426 est
875 2353 997 2448 utique
1012 2353 1108 2448 qnod
1124 2375 1203 2426 cum
1222 2363 1277 2445 tu,
1297 2355 1453 2428 Balsama
1468 2354 1677 2428 venerabilis
1690 2355 1854 2428 Cavcnsis
1871 2353 2003 2444 abbas,

588 2473 702 2550 fidelis
713 2484 749 2550 et
762 2475 938 2550 familiaris
952 2486 1082 2569 noster,
1097 2476 1144 2550 ad
1154 2485 1306 2552 nostram
1319 2500 1430 2574 nuper
1438 2481 1624 2552 amassaris
1635 2479 1782 2554 devotus
1795 2479 2004 2576 presentiam

586 2608 622 2674 et
643 2599 679 2672 in
700 2601 903 2674 humilitatis
920 2601 1044 2698 spiritu
1066 2603 1316 2698 supplicaveris
1333 2611 1374 2676 ut
1391 2603 1558 2678 vassallos
1578 2603 1688 2702 ipsius
1713 2603 1910 2678 monasterii
1930 2625 2007 2678 mo-

585 2732 702 2796 rantes
714 2732 750 2796 et
762 2733 954 2798 moraturos
969 2725 1006 2798 in
1024 2726 1145 2798 castris
1162 2735 1198 2800 et
1212 2726 1297 2799 locis
1306 2729 1379 2820 jam
1398 2725 1482 2800 dicti
1499 2727 1882 2821 monasterii,videlicet
1895 2728 2003 2820 Cava,

587 2847 712 2920 Sancto
726 2845 894 2941 Adjutora
907 2870 987 2922 cum
1002 2850 1182 2924 suburbiis
1197 2851 1288 2942 suis,
1302 2851 1420 2924 Castro
1430 2851 1552 2925 Cilenti
1565 2873 1645 2925 cum
1659 2853 1832 2926 casulibus
1845 2853 1919 2926 suis
1932 2873 2006 2926 om·

587 2970 708 3062 nibus,
727 2970 764 3042 in
781 2970 906 3044 nostris
919 2973 1140 3066 generalibus
1154 2975 1443 3047 subventionibus
1461 2975 1682 3070 imponendis
1695 2997 1758 3070 pro
1776 2983 1929 3072 tempore
1942 2996 2005 3070 per

587 3115 652 3166 nos
680 3093 881 3168 hominibus
905 3095 1005 3190 regni
1032 3097 1140 3169 nostri
1173 3097 1319 3192 aliisque
1337 3098 1613 3172 immunitatibus
1628 3099 1760 3173 eisdem
1781 3097 1999 3184 hominibus,

587 3216 694 3289 immo
715 3218 831 3313 potius
858 3218 973 3293 eidem
996 3221 1203 3294 monasterio
1223 3243 1285 3316 per
1311 3221 1472 3316 antiquos
1499 3221 1689 3320 principes,
1717 3221 1826 3296 duces
1847 3232 1883 3296 et
1904 3243 2007 3317 reges

587 3351 722 3414 nostros
735 3342 772 3414 in
789 3364 897 3438 regno
911 3344 987 3440 ipso
999 3344 1261 3440 predecessores
1278 3346 1409 3419 collatis
1422 3348 1540 3419 lovere
1555 3355 1589 3420 et
1602 3356 1826 3422 manutenere
1843 3349 2004 3440 maJestas

587 3466 694 3540 nostri
707 3467 868 3540 culminis
880 3467 1100 3561 dignaretur3
1115 3489 1181 3542 nos
1191 3470 1253 3564 qui
1265 3471 1411 3544 libenter
1421 3469 1468 3542 ad
1479 3471 1617 3566 pietatis
1628 3493 1732 3568 opera
1745 3471 2003 3566 progenitorum

586 3601 782 3666 nostrorum
801 3591 948 3687 vestigia
965 3593 1145 3687 seqmmru
1159 3602 1194 3668 et
1208 3593 1405 3668 iuberemus
1418 3595 1600 3690 exemplis,
1614 3595 1830 3669 attendentes
1843 3593 1950 3668 fidem
1962 3616 2005 3666 ac

587 3717 807 3808 devotionern
821 3725 936 3809 tuam,
954 3717 1213 3792 considerantes
1229 3718 1333 3792 etiam
1350 3719 1630 3802 honestissimum
1649 3719 1781 3791 cultum
1801 3740 1844 3791 ac
1857 3719 2005 3812 religio-

586 3861 667 3913 nem
685 3839 897 3915 laudabilem
920 3841 1045 3936 quein
1064 3851 1123 3915 tuo
1140 3845 1213 3936 jam
1239 3841 1332 3916 dicto
1349 3843 1496 3916 Cavensi
1517 3842 1724 3916 monasterio
1744 3863 1807 3937 pro
1827 3844 2004 3915 communi

585 3963 697 4038 salute
714 3965 870 4038 omnium
892 3966 1101 4038 incessanter
1121 3966 1245 4038 militat
1261 3967 1342 4039 lesu
1361 3966 1513 4058 Christo,
1535 3977 1674 4038 tuarum
1699 3987 1840 4061 precum
1858 3965 2003 4038 obtentu

585 4097 771 4184 nostreque
785 4089 906 4162 salutis
921 4089 1070 4182 intuitu,
1089 4109 1154 4162 nec
1168 4109 1238 4161 non
1254 4097 1289 4161 et
1304 4111 1367 4184 pro
1380 4089 1534 4163 remedio
1547 4070 1740 4162 animarum
1757 4090 1914 4184 patriast
1929 4111 2003 4161 ma·

586 4212 648 4284 tris
662 4222 777 4285 nostru
790 4213 882 4286 bone
901 4213 1085 4306 memorie,
1108 4215 1290 4287 statuimus
1308 4223 1477 4311 perpetuo
1490 4215 1677 4287 valiturum
1697 4223 1736 4286 ut
1750 4213 1908 4286 homines
1927 4212 2022 4286 dic-·

586 4343 698 4408 torum
715 4337 868 4410 locorum
882 4337 944 4432 qui
958 4347 1040 4410 sunt
1055 4347 1090 4412 et
1105 4359 1182 4411 esse
1195 4339 1325 4413 debent
1340 4338 1478 4413 vassali
1493 4337 1603 4444 ipsius
1615 4335 1813 4410 monasterii
1831 4335 2001 4430 quamdiu

586 4457 624 4527 in
641 4458 856 4550 subjectione
868 4469 903 4533 et
918 4459 1084 4534 fidelitate
1098 4461 1173 4556 ligii
1185 4461 1338 4556 homagii
1352 4461 1602 4558 permanserint
1614 4459 1813 4534 monasterii
1826 4457 1999 4556 prelibati,

587 4579 624 4650 in
638 4581 764 4654 nostris
777 4584 995 4676 generalibus
1006 4585 1295 4660 subventionibus
1309 4585 1528 4684 imponendis
1538 4606 1601 4682 pro
1613 4595 1767 4680 tempore
1779 4583 1826 4660 de
1837 4581 2002 4658 mandato

588 4712 705 4778 nostru
718 4715 754 4778 et
769 4707 952 4802 exigendis
965 4709 1011 4783 ab
1027 4709 1105 4783 aliis
1119 4709 1320 4784 hominibus
1337 4709 1437 4804 regni
1453 4709 1568 4783 untias
1589 4708 1666 4784 anri
1682 4717 1822 4783 centum
1837 4702 2006 4804 ponderis
