4602 6084
327 708 423 768 lacior.
443 707 503 786 l5.]
778 705 974 768 HISTORIA
1000 701 1292 767 olrlounrlcii.

380 1260 611 1366 FridericuS,
641 1260 900 1344 Romanorum
927 1260 1148 1368 imperator,
1173 1259 1223 1342 ad
1244 1285 1374 1370 preces
1402 1257 1532 1340 Siiridi
1558 1257 1733 1366 Ratispo-
1765 1264 1942 1320 narrar-sa.

327 1397 455 1479 nensis
473 1393 636 1504 episcopi
659 1404 697 1476 et
714 1419 760 1476 ex
773 1394 931 1476 consilio
948 1395 1164 1502 principum
1183 1393 1256 1476 sibi
1273 1403 1366 1476 tunc
1384 1392 1641 1496 adstantium,
1666 1417 1737 1474 re·

327 1539 437 1613 vocat
462 1553 595 1612 omnes
618 1525 881 1632 alienationes,
910 1552 978 1636 per
1011 1525 1225 1610 Gotiridum
1251 1525 1517 1634 praepositum,
1542 1525 1739 1634 quondam

328 1663 367 1742 in
386 1662 644 1771 episcopatum
661 1659 973 1768 Ratisponensem
995 1658 1206 1764 intrusum,
1227 1658 1267 1738 in
1286 1656 1549 1767 praejudicium
1567 1656 1739 1767 ejusdem

328 1794 494 1877 ecclesiae
511 1793 650 1898 iactas3
670 1817 747 1874 non
771 1790 945 1874 obstante
969 1791 1098 1901 aliqua
1116 1791 1355 1874 concessione
1377 1816 1446 1900 per
1466 1814 1597 1900 regem
1614 1788 1739 1871 Hein-

329 1926 450 2010 rioum
469 1925 553 2032 VII,
578 1925 701 2008 filium
726 1951 864 2030 suum,
885 1924 1015 2008 dolose
1033 1923 1200 2007 obtenta.

411 2163 506 2242 (lidii.
526 2165 559 2224 ln
572 2163 713 2237 Marsa..
731 2160 798 2224 cod.
815 2168 948 2223 amictu.
969 2163 1003 2222 lo
1021 2160 1092 2223 edit.
1110 2163 1158 2236 ll,
1178 2170 1227 2224 49.
1244 2194 1284 2205 -
1303 2161 1397 2235 lirun,
1414 2158 1481 2222 God.
1497 2156 1612 2240 diplom
1629 2157 1737 2222 Ratira

448 2271 479 2346 1,
496 2279 569 2343 454,
584 2286 670 2332 num.
687 2277 756 2330 469.
771 2268 944 2329 -Μοηιιηι
961 2268 1054 2342 Boio,
1070 2275 1143 2330 tom.
1159 2267 1255 2341 XXX,
1269 2285 1300 2346 p.
1320 2276 1465 2342 444-444,
1484 2276 1518 2329 n⁰
1531 2266 1739 2344 ocnxxxn,

449 2393 487 2438 cx
500 2377 635 2456 originali
648 2375 728 2438 unde
742 2375 874 2454 sigillum
885 2376 1010 2437 illesum
1025 2374 1172 2453 appendet
1185 2391 1224 2436 ex
1237 2372 1296 2434 iilis
1309 2375 1408 2435 soricis
1421 2373 1503 2434 rubri
1517 2373 1647 2452 coloris.)

378 2591 452 2682 nn,
470 2590 533 2662 Dei
553 2589 661 2685 gratia
677 2589 907 2662 Romanorum
924 2589 1122 2685 imperator,
1143 2610 1279 2684 semper
1299 2577 1742 2682 augustus,1erusalem'et

331 2715 447 2788 Sicilie
465 2736 541 2788 rex.
566 2715 630 2786 Per
647 2735 789 2810 presens
812 2715 977 2810 scriptum
996 2725 1115 2786 notum
1134 2714 1280 2788 iacimus
1305 2713 1477 2786 universis
1495 2712 1630 2808 imperii
1653 2711 1739 2785 fide-

331 2839 423 2913 libus
442 2847 512 2913 tam
534 2838 751 2936 presentibus
774 2860 881 2931 quam
906 2837 1030 2910 suturis
1044 2837 1154 2932 quod,
1174 2837 1343 2911 accedens
1366 2835 1412 2911 ad
1433 2835 1640 2932 presentiam
1660 2859 1739 2908 nos·

332 2972 438 3055 tram,
468 2964 505 3034 S.
536 2961 742 3035 venerabilis
768 2961 1024 3056 Ratisponensis
1053 2960 1236 3057 episcopus
1262 2960 1409 3033 dilectus
1437 2960 1598 3054 princeps
1625 2967 1739 3031 noster

331 3085 493 3180 exposuit
509 3084 704 3158 celsitudini
721 3091 837 3156 nostre
853 3083 999 3178 qualiter
1016 3082 1114 3178 (4)...
1131 3083 1325 3180 prepositus
1338 3083 1516 3177 quondam
1531 3081 1566 3153 in
1581 3083 1737 3176 Ratispo-

332 3231 473 3282 narsem
495 3209 730 3306 episcopatum
757 3209 927 3300 intrusus,
958 3210 1050 3282 bona
1074 3209 1184 3306 ipsius
1207 3209 1350 3281 ecclesie
1373 3208 1558 3280 enormiter
1583 3219 1618 3280 ct
1636 3207 1739 3298 juxta

332 3341 463 3404 motum
478 3331 614 3428 proprie
628 3331 816 3404 voluntatis
830 3330 1023 3404 infeodavit
1037 3331 1204 3426 obligavit
1221 3341 1255 3404 et
1272 3331 1389 3403 multis
1404 3332 1481 3404 aliis
1495 3331 1608 3404 modis
1624 3330 1739 3403 distri·

333 3455 409 3526 buit
422 3465 456 3528 et
472 3455 632 3529 distraxit
648 3455 685 3526 in
699 3454 845 3530 evidens
862 3454 972 3550 ipsius
990 3455 1135 3528 ecclesie
1150 3455 1410 3547 detrimentum,
1430 3455 1516 3528 alias
1535 3453 1692 3528 redditus
1706 3465 1741 3528 et

332 3588 519 3672 proventus
530 3579 685 3673 ejusdem
696 3579 952 3674 Ratispouensis
964 3579 1108 3651 ecclesie
1119 3579 1155 3650 iu
1165 3602 1251 3652 usus
1260 3579 1418 3676 proprios
1428 3579 1664 3652 consumendo
1672 3575 1737 3675 (2).

332 3701 375 3774 Et
399 3703 605 3798 supplicavit
624 3704 724 3776 nobis
742 3703 835 3776 idem
860 3705 1042 3800 episcopus
1063 3713 1104 3776 ut
1128 3704 1366 3800 indempnitati
1388 3726 1449 3776 sue
1466 3704 1610 3778 ecclesie
1626 3711 1742 3776 nostra

334 3848 437 3922 super
455 3827 521 3900 hoc
539 3826 738 3921 dignaretur
752 3829 917 3902 serenitas
935 3827 1131 3924 providere.
1153 3829 1222 3902 Nos
1240 3839 1373 3914 autem,
1392 3828 1476 3922 quia
1497 3835 1654 3900 tenemur
1671 3826 1741 3917 juri

334 3957 369 4020 et
385 3949 625 4046 indempnitati
640 3951 863 4024 ecclesiarum
880 3951 1013 4048 imperii
1031 3952 1135 4024 nostri
1151 3951 1334 4026 salubriter
1349 3961 1384 4024 et
1399 3951 1583 4022 clementer
1600 3947 1740 4040 adesse,

371 4303 404 4376 (l)
422 4305 531 4363 Scilicet
544 4305 692 4364 (lotiridus.
706 4309 744 4366 De
759 4308 880 4365 Gotirido
895 4309 946 4366 isto
959 4308 994 4366 ol.
1010 4309 1098 4381 Risu,
1112 4307 1192 4378 ibid,
1209 4323 1284 4364 num.
1299 4309 1366 4380 367,
1386 4309 1451 4378 374,
1467 4309 1534 4378 3723
1548 4309 1700 4380 ailianae,
1715 4308 1742 4379 1,

335 4401 367 4458 C.
378 4405 423 4474 82,
437 4405 468 4459 in
481 4403 604 4477 catatopo
616 4409 754 4479 proposit.
768 4405 873 4462 1444444.

371 4500 407 4573 (Ξ)
424 4501 524 4558 Extant
532 4501 567 4558 da
584 4517 614 4559 re
628 4503 724 4560 eadem
742 4503 770 4559 in
783 4504 891 4575 Regost.
907 4505 945 4560 11¹·
958 4505 1073 4562 444-445
1088 4503 1187 4561 litterae
1200 4503 1322 4576 Gregorii
1334 4503 1468 4578 Episcopo
1479 4503 1627 4560 Patavisnsi
1639 4509 1668 4558 et
1679 4517 1742 4558 aon·

333 4597 473 4668 judicibus
484 4601 542 4670 ejus
555 4599 680 4672 directas,
696 4600 795 4674 quibus
805 4617 852 4658 eos
862 4607 954 4658 monet
963 4609 995 4658 ut
1007 4617 1101 4660 omnes
1114 4601 1288 4660 alienationes
1298 4601 1334 4659 ab
1346 4602 1398 4659 isto
1409 4601 1512 4658 inurrso
1521 4599 1605 4657 iactas
1617 4604 1745 4656 revocent

337 4699 366 4750 et
379 4692 511 4753 beneficia
523 4695 622 4767 injuste
636 4696 724 4754 ablata
737 4697 936 4770 possessoribus
949 4699 1103 4756 restituant.
1118 4699 1215 4754 Datum
1230 4698 1349 4772 Anagnia
1362 4697 1415 4755 ΧΠ
1428 4696 1484 4754 kal.
1498 4695 1558 4769 julii
1572 4711 1643 4753 anno
1655 4694 1744 4770 primo

343 4789 388 4861 (20
398 4789 468 4863 junii
484 4790 578 4866 lam).
592 4793 632 4850 llo
645 4793 734 4852 Sitridi
747 4793 878 4851 electione
892 4795 946 4852 vid.
961 4793 1028 4852 ibid.
1044 4807 1076 4850 n·
1089 4797 1151 4850 4444.
1164 4793 1201 4851 lv
1215 4793 1276 4850 idus
1287 4794 1355 4866 junii
1371 4794 1417 4866 (40
1426 4791 1520 4865 junii).
