4642 6106
326 649 423 710 renae.
438 645 482 732 4.]
786 639 984 702 nrsronre
1008 633 1303 700 nrrnounrrcn
1684 627 1746 690 are

373 780 577 857 bledericus
593 778 656 853 Dei
680 775 791 872 gratia
811 777 1043 849 Romanorum
1062 774 1260 868 imperator,
1277 789 1414 864 semper
1429 773 1617 862 arrfflntus,
1636 767 1745 840 Jour-

325 908 433 981 salem
454 915 490 979 et
508 904 624 978 Sicilie
645 923 722 976 rex.
744 901 836 973 Inter
860 909 974 972 cetera
997 921 1067 994 que
1087 896 1219 970 Cesaris
1242 893 1480 968 auctoritatem
1498 891 1688 987 respiciunt
1708 900 1744 966 et

325 1033 506 1126 augustale
526 1050 653 1102 nomen
672 1027 862 1117 extollunt,
885 1024 1076 1120 primarum
1099 1030 1234 1118 oportet
1256 1019 1411 1092 fidelium
1438 1017 1665 1091 devocionem
1688 1015 1743 1088 in-

326 1155 458 1250 spicere
478 1175 520 1228 ec
543 1154 594 1226 eis
611 1150 658 1227 ad
679 1151 787 1244 digna
808 1149 939 1244 premia
960 1149 1147 1220 liberaliter
1162 1144 1358 1242 providere.
1378 1144 1466 1216 Hinc
1485 1142 1577 1215 enim
1596 1151 1745 1238 nugetur

326 1278 415 1354 fides
428 1279 465 1350 in
480 1277 629 1351 subditis
644 1285 680 1350 et
692 1275 833 1370 justicia
847 1273 1013 1371 principis
1030 1274 1211 1345 roboratur
1225 1269 1310 1343 dnm
1324 1269 1412 1364 quid
1429 1268 1491 1340 uni
1507 1269 1682 1340 confertur
1698 1267 1745 1342 ob

325 1403 487 1476 meritum
513 1401 635 1475 transit
662 1399 708 1474 ad
742 1400 828 1473 alios
854 1420 916 1494 per
941 1398 1155 1493 exemplum.
1182 1397 1372 1490 llapropter
1398 1393 1614 1467 attendentes
1638 1391 1744 1465 iidem

326 1549 450 1624 puram
469 1536 504 1600 et
522 1525 748 1601 devociouem
766 1524 977 1598 laudabilem
994 1543 1084 1617 quas
1098 1521 1272 1594 lohannes
1291 1519 1336 1592 de
1354 1520 1465 1591 lauro
1481 1517 1635 1590 notarius
1652 1527 1687 1590 et
1703 1515 1746 1588 fi-

328 1652 416 1725 delis
440 1661 556 1725 noster
576 1673 659 1747 erga
685 1649 927 1724 celsitudinem
950 1659 1102 1722 nostram
1129 1647 1235 1720 habet
1257 1655 1293 1718 et
1317 1644 1456 1730 babuit,
1483 1643 1589 1737 gratis
1605 1663 1747 1738 quoque

327 1775 478 1848 servitiis
495 1775 571 1868 ejus
593 1796 664 1870 qne
684 1773 826 1846 culmini
844 1783 961 1846 nostro
982 1794 1119 1868 semper
1140 1771 1301 1843 exhibuit
1322 1777 1358 1842 et
1376 1769 1518 1842 exbibet
1536 1767 1747 1841 incessanter

327 1918 369 1969 ac
389 1897 547 1972 inantea
571 1897 617 1972 de
639 1898 731 1970 bono
751 1897 785 1970 in
812 1897 937 1970 melius
956 1897 1082 1992 poterit
1101 1895 1269 1968 exhibere
1290 1892 1473 1986 diligenter
1497 1892 1676 1988 inspectis,
1700 1891 1746 1965 de

328 2022 447 2095 innata
466 2020 702 2096 munificentie
726 2031 841 2096 nostre
865 2021 975 2117 gratia
1000 2043 1071 2115 qua
1097 2028 1291 2092 nostrorum
1316 2029 1398 2092 vota
1421 2015 1576 2092 fidelium
1599 2038 1745 2092 consue·

329 2144 445 2218 vimus
465 2145 661 2240 provenire,
681 2145 906 2218 concedimus
926 2155 961 2217 et
983 2143 1156 2217 donamus
1169 2144 1202 2216 ei
1221 2155 1255 2216 et
1270 2141 1458 2216 heredibus
1476 2144 1552 2236 ejus
1567 2142 1603 2214 in
1624 2163 1745 2238 perpe

330 2278 429 2341 tuum
447 2277 557 2343 totum
577 2269 665 2342 illud
683 2269 780 2364 quod
795 2269 958 2363 magister
976 2269 1097 2342 Petrus
1110 2268 1156 2342 do
1174 2271 1300 2342 Sancto
1313 2267 1483 2342 Germano
1498 2267 1632 2341 dudum
1650 2267 1746 2340 curie

330 2403 445 2466 nostre
460 2394 573 2488 judex
595 2393 642 2468 de
663 2395 885 2468 concessione
904 2404 1020 2469 nostra
1042 2395 1152 2468 tenuit
1171 2405 1207 2468 et
1223 2395 1377 2490 possedit
1396 2395 1432 2465 in
1456 2403 1568 2468 castro
1584 2394 1688 2466 [auri
1711 2403 1746 2467 et

329 2517 434 2590 casali
448 2519 629 2612 serignani
643 2541 722 2592 cum
741 2520 957 2614 pertinentiis
973 2541 1095 2594 corum
1111 2518 1157 2594 de
1174 2519 1276 2592 leodo
1289 2520 1395 2592 unius
1408 2519 1542 2612 militis,
1561 2517 1659 2613 quod
1677 2518 1745 2615 ipsi

329 2641 495 2734 magistro
512 2642 612 2714 Petro
639 2664 920 2717 concesseramus
943 2644 980 2716 in
1002 2643 1166 2716 comitatu
1183 2643 1336 2732 Carene,
1356 2643 1520 2716 videlicet
1536 2644 1572 2715 in
1587 2643 1741 2735 Caserm,

331 2766 475 2852 Telesia,
487 2766 650 2862 predictis
660 2777 773 2841 castro
786 2769 889 2840 lauri
899 2777 934 2840 et
942 2769 1045 2842 casali
1058 2768 1239 2863 Serignani
1253 2790 1294 2842 ae
1304 2767 1519 2864 pertinentiis
1527 2769 1742 2860 eorumdem,

328 2889 423 2984 quod
451 2889 674 2986 postmodum
699 2890 747 2965 ad
765 2914 891 2966 manus
913 2893 1009 2966 curie
1035 2903 1151 2966 nostre
1176 2892 1355 2966 devenerit
1378 2913 1442 2990 pro
1464 2913 1507 2964 eo
1530 2892 1627 2988 quod
1651 2891 1745 2966 idem

329 3015 494 3109 magister
508 3016 628 3088 Petrus
643 3017 689 3090 de
705 3017 891 3091 raciocinio
907 3017 1144 3110 justiciaratus
1163 3040 1268 3112 quem
1288 3017 1325 3090 in
1348 3017 1505 3090 Calabria
1523 3017 1634 3090 tenuit
1652 3018 1748 3092 curie

330 3149 445 3212 nostre
462 3141 642 3214 tenebatur
660 3143 835 3216 obnoxius
852 3163 917 3216 nec
932 3142 1063 3217 exinde
1078 3143 1169 3215 sicut
1182 3143 1305 3216 debuit
1325 3143 1510 3231 satisfecit;
1528 3141 1624 3238 quod
1638 3143 1747 3238 pheo-

330 3263 416 3336 dum
430 3274 585 3338 tenuerat
600 3267 683 3339 olim
697 3267 884 3341 Gervasius
901 3269 1113 3364 Francigena
1127 3291 1174 3341 ex
1189 3268 1411 3341 concessione
1424 3267 1600 3362 quondam
1618 3267 1747 3342 Thome

329 3387 465 3460 comitis
483 3389 620 3464 Caserte
636 3392 733 3486 quod
751 3392 796 3465 de
816 3392 978 3466 demanio
994 3413 1059 3466 suo
1078 3393 1110 3466 ei
1128 3393 1351 3467 constituerat
1368 3393 1508 3466 feodum
1532 3394 1659 3490 ipsum.
1677 3395 1747 3466 Nos

329 3520 445 3584 autem
461 3512 616 3608 predicta
640 3515 716 3588 loca
734 3515 780 3588 de
798 3517 974 3590 nominato
993 3516 1096 3590 lecdo
1118 3517 1181 3589 site
1202 3517 1239 3589 in
1260 3525 1372 3590 castro
1388 3517 1492 3590 Lauri
1511 3525 1547 3590 et
1566 3517 1672 3590 casali
1686 3519 1747 3591 Se·

330 3635 466 3729 rignaui
485 3659 527 3709 ae
544 3639 765 3734 pertinenciis
786 3640 1008 3733 eorumdem,
1025 3651 1065 3712 ut
1083 3641 1279 3737 predictum
1297 3649 1362 3730 est,
1383 3641 1498 3715 eidem
1513 3640 1661 3715 lohanni
1676 3662 1747 3715 no-

330 3760 418 3832 terio
432 3769 548 3834 nostro
565 3772 599 3835 et
618 3763 807 3837 heredibus
831 3764 905 3836 suis
921 3765 1090 3838 duximus
1107 3775 1274 3862 perpetuo
1293 3765 1516 3840 concedenda
1538 3785 1618 3838 cum
1635 3765 1747 3840 bomi-

331 3883 447 3975 nibus,
465 3885 577 3977 terris,
593 3887 881 3982 possessionibus,
895 3891 1117 3986 pertinenciis
1130 3899 1164 3963 et
1177 3891 1339 3964 omnibus
1346 3890 1497 3983 justiciis
1508 3900 1542 3964 et
1554 3890 1747 3966 rationibus

330 4008 402 4081 suis
418 4017 488 4081 tam
505 4009 550 4082 de
567 4010 728 4084 domanio
744 4035 850 4106 quam
868 4013 913 4087 de
932 4015 1097 4108 servicio,
1110 4015 1273 4088 videlicet
1285 4015 1381 4109 quod
1397 4015 1442 4089 de
1456 4014 1618 4088 demanio
1632 4015 1667 4086 in
1683 4016 1746 4089 dc-

330 4131 482 4204 manium
497 4141 532 4205 et
546 4135 642 4228 quod
663 4135 708 4207 de
726 4137 873 4208 servicio
886 4137 922 4208 iu
937 4139 1143 4228 servicium,
1162 4143 1259 4214 salvo
1274 4139 1422 4212 servicio
1439 4139 1536 4234 quod
1553 4139 1634 4214 inde
1648 4141 1744 4214 curie

329 4265 443 4330 nostre
462 4256 607 4330 debetur
623 4267 658 4331 et
678 4260 775 4332 selvo
796 4259 960 4334 mandato
980 4270 1015 4334 et
1030 4262 1271 4336 admonicione
1284 4273 1420 4356 nostra;
1448 4264 1496 4338 itu
1517 4273 1632 4338 tamen
1647 4264 1744 4359 quod

329 4379 430 4452 liceat
446 4380 559 4455 eidem
573 4383 721 4455 Iohanni
736 4384 869 4457 notario
884 4395 1012 4478 nostro,
1030 4387 1060 4458 si
1077 4386 1172 4478 velit,
1190 4387 1281 4462 bone
1295 4387 1372 4484 ipsa
1390 4390 1446 4461 vel
1466 4389 1502 4460 in
1516 4399 1614 4485 parte
1632 4389 1689 4462 vel
1705 4390 1743 4462 in

329 4513 438 4576 totum
450 4505 535 4578 dare
546 4506 673 4580 tacebo
684 4508 729 4583 de
742 4509 854 4582 lauro
868 4510 962 4582 lratri
979 4513 1055 4605 ejus
1069 4509 1164 4584 fideli
1180 4521 1296 4585 nostro
1311 4533 1353 4584 ac
1365 4515 1442 4606 ojus
1452 4513 1653 4606 heredibus,
1669 4515 1739 4607 vel,

331 4627 359 4699 si
375 4629 557 4724 contigerit
573 4629 688 4726 ipsum
706 4633 878 4706 notarium
896 4643 1049 4708 nostrum
1070 4635 1184 4708 eidem
1204 4636 1298 4709 fratri
1317 4658 1383 4708 suo
1395 4639 1450 4710 vel
1467 4637 1655 4712 heredibus
1667 4635 1758 4731 ejus

331 4751 405 4824 sine
418 4752 580 4848 legitimis
599 4753 889 4830 descendentibus
906 4760 1069 4856 premori‚
1086 4761 1237 4856 prelatus
1254 4761 1402 4835 lacobus
1419 4763 1522 4836 irater
1535 4765 1611 4857 ejus
1623 4775 1658 4837 et
1673 4765 1744 4837 he-
