4710 6076
373 611 551 697 lunrcr.15.]
812 612 1010 676 HISTORIA
1035 611 1326 674 ntrnonnntcn.
1725 615 1786 678 :ltu

372 747 502 833 comiti
520 745 721 830 Juliacensi
744 748 916 830 concedit
937 758 981 831 ut
997 773 1131 832 omnes
1150 749 1311 832 ludaeos
1330 748 1397 858 qui
1419 750 1471 832 ad
1490 759 1631 832 terram
1647 749 1730 859 ejus
1747 777 1787 832 se

373 880 636 966 transtulerint
650 882 700 964 ad
712 883 947 965 manendum
965 882 1083 966 libere
1098 881 1148 966 ab
1166 883 1325 994 imperio
1338 893 1476 966 teneat.

456 1126 782 1209 (EdlderuntKnnm,
794 1121 1005 1198 moditatem,
1017 1123 1363 1198 mon-Laconem,
1383 1120 1682 1204 &bromstede
1691 1123 1785 1184 Garat.

492 1233 541 1296 der
554 1230 720 1306 nudent,
735 1249 793 1294 ιιι.
808 1231 903 1306 nmo,
919 1230 1231 1306 mummolinus
1246 1232 1348 1292 eomlt.
1362 1230 1469 1292 tultae.
1483 1240 1516 1290 ιι·
1533 1231 1595 1309 tn.)

420 1449 589 1521 Henrioue
608 1447 671 1520 Dei
690 1445 800 1540 gratia
816 1447 1050 1518 Romanorum
1066 1465 1130 1516 rex
1152 1463 1287 1538 semper
1306 1439 1493 1537 angustus,
1510 1443 1682 1518 universis
1704 1445 1789 1520 fide-

373 1572 465 1646 libus
487 1571 624 1668 imperii
639 1571 702 1665 qui
717 1591 859 1666 presens
877 1579 1033 1643 nostrum
1057 1567 1210 1642 viderint
1230 1567 1287 1639 vel
1307 1567 1538 1641 intellexerint
1558 1570 1685 1642 tactum
1711 1593 1789 1665 gra·

375 1696 456 1770 tiam
478 1717 577 1769 snam
596 1706 632 1768 et
650 1716 753 1768 omne
773 1695 917 1766 bonum.
939 1694 1101 1788 Regalem
1125 1691 1224 1766 decet
1242 1692 1483 1764 excellentiam
1509 1715 1627 1788 preces
1644 1715 1787 1768 suorum

372 1819 527 1894 fidelium
551 1821 736 1894 clementer
760 1818 941 1892 admittere
960 1827 995 1890 et
1019 1816 1189 1890 admissas
1217 1815 1262 1888 de
1288 1815 1406 1888 innata
1429 1816 1539 1910 gratie
1566 1817 1603 1889 in
1626 1818 1787 1890 omnibus

372 1943 605 2018 favorabiliter
624 1941 806 2016 exaudire.
827 1943 954 2015 Notum
978 1941 1083 2036 igitur
1105 1941 1367 2014 essevolumus
1391 1940 1488 2035 quod
1511 1961 1575 2012 nos
1597 1939 1644 2014 ad
1668 1963 1786 2036 preces

372 2066 516 2141 devotas
536 2066 691 2140 fidelium
713 2075 907 2138 nostrornm
926 2065 1064 2138 Henrici
1081 2064 1180 2138 ducis
1198 2064 1467 2162 Lymburgensis
1487 2073 1523 2137 et
1545 2065 1720 2138 Wallrami
1742 2065 1786 2139 de

371 2192 554 2288 Mangoien
572 2191 623 2288 (l)
641 2191 755 2264 lratris
782 2190 860 2280 sui,
887 2189 1090 2264 dilectorum
1118 2191 1453 2284 consanguineorum
1478 2197 1693 2280 nostmmm‚
1723 2193 1785 2285 qui

371 2316 513 2390 domino
536 2315 682 2412 genitori
710 2325 826 2388 nostro
843 2315 1074 2388 Romanorum
1098 2315 1294 2411 imperatori
1319 2336 1455 2410 semper
1469 2323 1618 2407 angusto
1635 2323 1670 2386 et
1687 2315 1787 2388 nobis

372 2441 408 2512 in
425 2441 570 2535 agendis
587 2449 621 2514 et
641 2439 888 2537 pmmovendis
902 2439 1050 2532 negotiis
1069 2439 1203 2536 imperii
1226 2448 1323 2533 grata
1337 2448 1372 2512 et
1389 2447 1528 2532 accepta
1544 2439 1711 2534 obsequia
1732 2462 1785 2512 se-

370 2565 450 2660 pius
469 2564 728 2662 impenderunt,
749 2565 867 2638 habito
884 2573 1077 2637 nostmrnm
1093 2573 1128 2636 et
1143 2563 1278 2658 imperii
1293 2563 1488 2659 principum
1509 2571 1543 2634 et
1558 2563 1782 2657 plurimorum

370 2685 525 2760 fidebam
537 2697 732 2760 nostrorum
746 2687 902 2779 consilio,
921 2687 1130 2760 indulsimus
1145 2687 1330 2760 liberaliter
1344 2687 1452 2760 nobili
1469 2688 1543 2758 viro
1559 2685 1652 2759 fideli
1668 2698 1783 2760 nostro

368 2811 552 2888 Wilbelmo
566 2814 682 2887 comiti
700 2814 885 2888 Juliacensi
906 2822 1021 2886 nostro
1039 2823 1074 2886 et
1099 2834 1219 2885 eorum
1245 2812 1501 2907 consanguineo
1525 2821 1560 2884 et
1584 2813 1657 2884 suis
1679 2813 1782 2886 bere-

368 2935 474 3009 dibus
489 2946 527 3009 ut
543 2959 662 3011 omnes
671 2936 798 3030 judeos
812 2936 873 3030 qui
891 2937 938 3010 ad
958 2947 1082 3009 terram
1097 2959 1196 3010 suum
1211 2958 1249 3010 se
1265 2937 1498 3010 transtulerint
1510 2935 1557 3009 ad
1571 2938 1780 3010 manandum

368 3058 513 3134 liberea
537 3061 637 3134 nobis
655 3070 690 3134 et
713 3061 759 3132 ab
785 3060 930 3156 imperio
955 3069 1093 3133 teneant
1115 3071 1149 3133 et
1173 3062 1218 3134 de
1238 3061 1371 3134 eisdem
1388 3082 1507 3134 eorum
1529 3061 1623 3133 omni
1647 3073 1780 3134 contra-

368 3182 519 3257 dictione
535 3185 725 3280 postposita
742 3184 928 3280 disponant
941 3185 1049 3258 libere
1065 3185 1274 3260 voluntatem
1291 3181 1354 3282 (o).
1370 3185 1412 3256 Et
1438 3206 1482 3256 ne
1507 3185 1637 3258 dictum
1653 3186 1779 3256 tactum

368 3318 522 3380 nostrum
538 3309 663 3380 tutoris
681 3307 895 3404 temporibus
910 3307 1013 3381 alicui
1037 3307 1073 3379 in
1096 3319 1270 3404 posterum
1286 3307 1403 3380 veniat
1417 3308 1453 3378 in
1471 3308 1633 3396 dubium,
1652 3307 1714 3380 sed
1735 3309 1780 3379 ab

367 3431 529 3504 omnibus
544 3432 789 3506 inviolabiliter
801 3442 966 3530 perpetuo
985 3433 1199 3524 observetur,
1218 3433 1284 3506 hoc
1304 3432 1527 3528 privilegium
1549 3431 1679 3503 exindo
1699 3453 1780 3504 con-

368 3553 471 3624 scribi
486 3565 521 3626 et
534 3556 647 3650 sigillo
663 3565 732 3630 tam
750 3567 866 3630 nostro
878 3579 983 3652 quam
1002 3556 1157 3630 fidelium
1179 3557 1375 3653 principum
1397 3565 1590 3628 nostrorum
1608 3554 1781 3648 subscrip·

369 3687 480 3750 torum
500 3679 621 3772 sigillis
637 3679 805 3753 duximus
820 3682 1063 3755 muniendum.

416 3804 527 3896 Hujus
544 3805 594 3876 rei
613 3813 715 3878 testes
735 3813 817 3878 sunt
831 3806 979 3880 Sitridus
1000 3805 1275 3900 ltloguntinensis
1295 3804 1594 3900 archiepiscopus,
1614 3802 1780 3874 Henricus

366 3925 577 4000 Coloniensis
597 3928 889 4025 archiepiscopus,
913 3929 1145 4003 Theudoricus
1163 3929 1382 4002 Treverensis
1400 3927 1694 4023 archiepiscopus,
1714 3925 1780 3996 Lu·

366 4051 528 4124 dowicns
547 4051 624 4125 dux
648 4053 825 4146 Bawarie,
851 4054 1064 4128 Ludowicus
1089 4053 1304 4148 lantgravius
1325 4051 1509 4146 Duringim
1526 4060 1560 4124 et
1583 4049 1640 4123 alii
1658 4070 1780 4142 quam·

367 4177 496 4272 plures.

407 4381 448 4454 (a)
467 4378 557 4457 Apud
571 4378 743 4441 Kremer'nm
758 4385 857 4441 antem
864 4425 874 4456 ,
890 4376 981 4440 tibere
993 4375 1150 4440 voluntate.

400 4723 437 4797 (t)
456 4723 565 4781 Scilicet
582 4721 613 4781 dc
626 4724 765 4798 Houtp'ot'c.
