4658 6132
547 671 611 735 »tto
1049 671 1262 738 ralbaatct
1288 671 1461 738 sacello!
1768 671 1846 756 [44η
1865 670 1951 738 lm.

549 804 778 900 relinquimus
790 803 867 878 aliis
881 804 1072 881 enarranda
1085 807 1150 904 (4),
1166 831 1235 904 que
1245 808 1399 884 mundus
1411 807 1522 897 novit,
1537 805 1706 881 commisit
1718 805 1904 902 imperator
1916 805 1954 878 in

548 931 651 1004 Terre
674 937 792 1002 sancte
820 937 855 1002 et
877 929 991 1002 anime
1013 950 1076 1004 sue
1098 931 1361 1026 detrimentum,
1386 953 1458 1028 que
1479 931 1647 1006 Dominus
1671 929 1854 1003 miseratus
1875 949 1953 1002 cum

545 1052 714 1150 placuerit
725 1053 888 1148 dignetur
898 1063 1100 1150 temperare.
1117 1057 1246 1130 Valete.

356 1603 496 1712 ¹th
598 1605 646 1688 Et
662 1605 741 1689 lors
757 1605 836 1688 s'en
856 1605 918 1690 ala
940 1607 966 1688 li
983 1633 1194 1718 cmperercs
1209 1634 1256 1691 en
1275 1607 1413 1718 Chipre
1427 1617 1465 1690 et
1479 1605 1521 1690 lu
1537 1605 1768 1711 cLimepon‚
1787 1616 1825 1688 et
1843 1603 1956 1686 illuec

547 1737 611 1820 list
626 1738 662 1820 le
680 1739 851 1848 mariage
870 1740 948 1822 dou
968 1741 1024 1822 roi
1045 1741 1144 1824 etde
1159 1739 1198 1823 la
1214 1739 1361 1824 filledu
1378 1737 1544 1822 marchis
1558 1739 1607 1822 de
1623 1737 1870 1840 Monlerrant‚
1888 1735 1954 1846 qui

548 1871 650 1954 avoit
666 1897 744 1954 non
759 1870 884 1976 Aalis3
895 1873 1028 1981 etpuis
1041 1873 1137 1955 livra
1149 1873 1262 1984 leroy
1273 1883 1310 1956 et
1323 1873 1468 1956 4444444
1481 1871 1696 1956 asVriohes
1708 1871 1841 1954 homes
1851 1868 1956 1976 [llei-

548 2001 643 2084 meri
667 2002 814 2084 Barlais
830 2000 892 2112 (4)
907 2011 944 2085 44
963 2002 1140 2085 44444444
1159 2005 1208 2086 44
1225 2003 1367 2086 Bessan
1393 2013 1430 2086 et
1448 2001 1531 2086 Hue
1549 2003 1598 2086 de
1616 2001 1773 2112 Gybelet
1789 2011 1828 2083 et
1850 1999 1957 2085 Guil-

544 2132 673 2216 laume
682 2135 730 2216 de
744 2133 851 2218 Rivet
861 2143 900 2216 et
913 2135 1082 2218 Gauraiu
1092 2135 1141 2218 de
1151 2134 1332 2218 Cheniohi
1343 2133 1434 2244 (5),l
1445 2143 1482 2218 et
1494 2133 1554 2216 lor
1563 2134 1640 2218 dist
1651 2131 1764 2243 queil
1777 2133 1956 2216 deessent

579 2448 617 2520 (4)
627 2447 676 2505 llis
685 2447 838 2506 addendum
852 2449 979 2506 duximus
992 2449 1169 2524 fragmentum
1178 2449 1326 2508 litteramm
1338 2449 1423 2524 ipsius
1433 2465 1535 2524 papae,
1544 2463 1612 2524 quas
1623 2449 1658 2507 de
1669 2465 1700 2506 rs
1709 2448 1803 2507 cadem
1812 2447 1955 2522 perdicer-

541 2559 587 2602 sas
603 2545 677 2602 orbis
697 2551 789 2619 partes
805 2545 944 2620 publicare
965 2547 1077 2617 44444444,
1096 2553 1127 2604 44
1142 2554 1233 2606 monet
1251 2547 1404 2606 Matthaeus
1418 2547 1576 2605 Parisiensie
1591 2545 1649 2604 illas
1665 2547 1762 2622 partim
1774 2544 1905 2604 exbibens
1920 2545 1954 2602 ed

540 2657 603 2700 ann.
618 2645 697 2712 4429,
712 2659 741 2716 p.
755 2646 803 2699 464
820 2643 948 2714 (londini
960 2643 1044 2716 4640)
1059 2661 1066 2700 :
1079 2665 1093 2698 4
1104 2643 1173 2702 ltem
1186 2643 1353 2720 [imperator]
1368 2645 1396 2702 iu
1408 2643 1565 2720 palatiosso
1575 2643 1726 2702 dchonansi
1737 2643 1802 2700 lecit
1817 2643 1954 2702 convivari

543 2721 557 2792 4
572 2738 720 2796 Saracenos
734 2746 763 2798 ct
776 2739 841 2797 lecit
855 2739 896 2798 eis
912 2739 1011 2798 habere
1024 2739 1153 2798 mulieres
1164 2741 1325 2798 christianas
1337 2739 1484 2798 mltatrices
1501 2740 1536 2798 ad
1557 2739 1702 2796 ludendum
1714 2753 1805 2796 coram
1819 2738 1869 2808 eis,
1885 2753 1955 2812 quae

543 2855 556 2888 4
571 2837 661 2906 etiarn,
675 2843 707 2893 44
725 2835 874 2907 dicebatur,
897 2835 1142 2894 commiscebantur
1159 2837 1292 2893 cis.1tem
1310 2835 1398 2894 444444
1417 2835 1489 2909 quod
1509 2835 1569 2892 iniit
1579 2850 1641 2892 cnm
1653 2833 1768 2892 Soldarm
1781 2850 1861 2892 nemo
1874 2833 1955 2892 scirit

543 2950 557 2984 4
573 2949 627 3006 qua
638 2933 791 2990 conditione
805 2939 948 2990 tractatum
960 2935 1013 2991 luit
1024 2935 1211 2992 intereosnisi
1220 2934 1277 3008 ipsa
1285 2933 1369 2991 solus.
1378 2933 1568 2993 Vensmtamen
1583 2932 1724 2989 manifeste
1731 2932 1873 2990 4444444444
1882 2931 1955 3006 quod

543 3047 557 3082 4
572 3029 658 3101 ineps
669 3031 845 3104 approbaret,
865 3031 1013 3088 secumdum
1026 3031 1099 3104 quod
1110 3030 1241 3105 perpendi
1251 3035 1356 3106 poterat
1366 3045 1416 3104 per
1427 3036 1518 3102 gestus
1530 3029 1686 3100 exteriores,
1699 3027 1784 3101 legem
1797 3030 1955 3088 8444444444·

544 3143 558 3176 4
573 3139 634 3180 rum
645 3139 727 3198 quam
742 3124 804 3182 lidei
816 3133 917 3198 444444,
932 3126 994 3199 quia
1007 3127 1035 3184 in
1046 3127 1137 3184 multis
1147 3128 1216 3184 ritus
1228 3143 1323 3186 soram
1331 3127 1450 3186 imitatas
1462 3126 1591 3184 ostilam
1599 3126 1628 3182 in
1639 3126 1740 3200 scripto
1749 3125 1821 3198 qnod
1830 3131 1873 3184 ast
1883 3125 1955 3184 inter

545 3236 558 3270 4
576 3217 666 3292 ipsum
685 3225 714 3277 44
726 3219 872 3277 Soldannm
891 3221 964 3295 quod
981 3221 1069 3295 lingua
1088 3223 1239 3296 appellatur
1256 3222 1363 3281 arabica
1381 3221 1517 3296 4444444444,
1529 3221 1684 3280 continetur
1702 3221 1774 3296 quod
1795 3221 1955 3280 durantibus

548 3331 562 3366 4
578 3313 681 3386 4444444
693 3314 751 3388 ipsc
758 3314 864 3388 juvabit
872 3331 935 3372 eum
943 3323 1036 3372 444444
1050 3331 1144 3374 omnes
1154 3317 1275 3376 homines
1285 3318 1444 3376 christianos
1456 3324 1485 3376 44
1492 3333 1646 3388 camoenas,
1660 3325 1690 3375 et
1701 3331 1856 3375 econverso
1865 3317 1955 3376 Salda-

547 3424 628 3466 snus
647 3409 745 3483 ipsum.
761 3411 829 3468 44444
847 3411 974 3486 spoliarit
990 3412 1134 3470 444444444
1154 3419 1264 3472 emotae
1280 3413 1373 3470 Crucis
1392 3413 1420 3470 in
1433 3413 1542 3472 44444444
1559 3413 1720 3488 qmbusdam
1740 3413 1873 3471 reditibus
1886 3427 1954 3488 quos

543 3523 558 3558 4
573 3505 694 3580 recipere
710 3505 845 3565 debebant
858 3509 887 3564 in
899 3517 979 3582 portu
992 3507 1159 3578 bobonensi3
1176 3508 1240 3566 item
1260 3508 1387 3582 spoliarit
1404 3509 1633 3584 archiepiscopum
1645 3509 1847 3570 Niohodenscm
1861 3511 1890 3568 in
1903 3511 1955 3584 Cy·

544 3618 635 3676 spru.
650 3601 717 3661 ltem
732 3605 850 3678 protexit
863 3605 1009 3678 quemdam
1022 3606 1179 3680 episcopum
1193 3604 1365 3663 Susianorum
1381 3605 1500 3678 potcnh'a
1516 3606 1628 3664 seculari
1647 3613 1740 3666 444444
1763 3607 1952 3682 patriarcham,

544 3717 559 3752 4
574 3699 609 3756 ab
622 3700 853 3756 excommunicato
867 3706 896 3756 et
906 3699 1076 3758 schismatico
1089 3699 1252 3758 ordinatum.
1265 3703 1333 3758 ltom
1346 3701 1472 3776 spoliarit
1481 3703 1622 3760 444444444
1633 3703 1719 3760 444444
1731 3702 1871 3778 Sepulchri
1882 3702 1955 3762 obla

544 3815 558 3848 4
574 3795 692 3854 tionibus
706 3795 789 3870 ipsius
798 3795 954 3872 Sepulchri,'
964 3803 993 3853 et
1006 3797 1185 3872 patriarcham
1200 3797 1382 3856 oblationibus
1392 3797 1528 3857 Calrsdm
1544 3797 1594 3856 loci
1608 3805 1637 3856 et
1650 3799 1702 3858 loci
1717 3799 1858 3872 Golgotba
1871 3803 1900 3856 et
1912 3815 1955 3856 44-

544 3912 558 3945 4
574 3894 686 3951 nonicos
696 3893 782 3950 sancti
796 3894 901 3968 'templi
913 3893 1093 3952 oblationibus
1107 3895 1173 3960 suis,
1189 3900 1274 3968 etper
1281 3909 1377 3952 manus
1387 3893 1530 3952 4444444444
1544 3909 1654 3952 suomm
1665 3895 1728 3953 44444
1739 3909 1833 3953 omnes
1846 3895 1954 3953 oblatio

544 4007 559 4042 4
574 4005 623 4046 nes
639 3989 703 4048 istas
720 3990 856 4064 colligere.
874 3992 987 4066 Propter
1004 3991 1076 4064 quod
1090 3990 1191 4048 iactum
1205 3991 1288 4050 trater
1296 3990 1433 4048 Walter-us
1450 3991 1691 4050 excommunicavit
1710 4005 1774 4048 4444
1796 3991 1825 4048 44
1846 3992 1955 4050 civitate

545 4104 558 4138 4
574 4085 818 4160 Hierosolymorum
828 4095 857 4145 et
868 4103 963 4146 omnes
972 4087 1102 4148 4444444444
1112 4103 1209 4146 suos...
1217 4089 1285 4146 ltam
1300 4087 1368 4146 44444
1378 4087 1530 4162 4κ44444
1542 4087 1647 4144 homini
1659 4086 1766 4146 obsedit
1773 4087 1953 4162 patriarcham

545 4199 559 4234 4
576 4188 606 4240 44
616 4183 757 4258 episcopos
768 4185 984 4244 wintoniensem
996 4192 1025 4242 et
1035 4185 1214 4242 Ruuniensem
1224 4190 1252 4240 et
1261 4184 1427 4258 templarios
1433 4184 1462 4240 in
1470 4182 1594 4242 domibus
1604 4184 1705 4254 suiset
1716 4184 1954 4244 cumriditsacon

546 4297 560 4330 4
574 4293 655 4352 poseo
665 4281 800 4354 prevalere
812 4282 940 4340 couiums
951 4282 1063 4340 dimisit.
1074 4301 1088 4334 4

584 4375 618 4448 (4)
633 4375 741 4436 Scilicet
755 4359 898 4437 0444444444
906 4377 1020 4444 Borlor,
1035 4377 1106 4437 sicut
1122 4377 1224 4436 rectius
1242 4377 1393 4436 nominatur
1407 4393 1451 4451 ap.
1466 4375 1514 4433 Fr..
1529 4375 1698 4434 4444444444
1710 4390 1794 4450 supra
1807 4375 1952 4446 laudatum,

547 4472 696 4530 0444444444.
709 4473 741 4532 44
755 4476 855 4549 capro,
866 4474 942 4534 blSS.
956 4475 1024 4534 sibl.
1038 4475 1124 4533 Paris.
1135 4487 1167 4530 4θ
1180 4477 1278 4546 toltit,
1293 4472 1338 4532 444.
1350 4477 1411 4544 444,
1424 4473 1477 4530 444
1489 4478 1519 4530 44
1530 4472 1645 4548 passim3
1660 4471 1708 4546 qui
1722 4471 1758 4530 de
1778 4472 1954 4530 4444444444-

546 4567 638 4626 derico
651 4569 680 4626 in
692 4570 783 4644 Cypro
796 4571 934 4646 dispositis
945 4571 1125 4630 consulendis
1137 4577 1190 4630 est.

563 4659 565 4662 ’
582 4665 617 4738 (4)
635 4665 688 4724 Sed
701 4667 775 4739 apud
788 4667 946 4726 Bustronem
959 4673 987 4726 ot
999 4683 1093 4726 omnes
1106 4669 1271 4728 accentores
1284 4665 1425 4726 4444444444
1443 4667 1559 4728 daem
1571 4663 1603 4724 44
1617 4664 1711 4737 4444444
1723 4665 1795 4724 unde
1811 4665 1901 4724 in'sta
1912 4681 1954 4724 co

546 4760 608 4819 dice
622 4762 755 4822 04444444·
768 4763 1131 4822 mutilnmnomcuvidetur.
1818 4745 1821 4752 ¹
