4642 6106
374 681 470 742 rnre.
487 679 537 760 a]
825 674 1020 739 ursronm
1047 671 1337 736 uruuouarrcr.
1722 651 1783 727 ara

374 815 483 888 nieles
514 812 642 885 litteras
668 811 912 902 scriberemus,
945 811 991 884 ad
1015 831 1234 884 communem
1265 806 1471 883 deducimus
1496 807 1653 880 notitiam
1684 803 1781 900 quod

374 937 520 1035 predicti
538 933 669 1010 domini
691 934 795 1030 legati
812 934 954 1007 domino
974 932 1169 1030 imperatori
1186 935 1341 1006 iecerunt
1359 930 1522 1005 mandata
1543 951 1606 1027 pro
1625 929 1783 1004 libertate

375 1060 597 1135 ecclesiarum
612 1069 647 1132 et
666 1058 868 1132 clericorum
884 1057 930 1132 de
944 1057 1046 1132 talliis
1061 1067 1097 1132 et
1110 1055 1259 1130 collectis
1272 1055 1364 1130 etde
1380 1055 1466 1142 loro,
1484 1055 1683 1130 secundum
1695 1077 1782 1152 pre-

376 1185 533 1260 babitnm
546 1183 642 1280 pacis
659 1191 856 1273 tractatum,
870 1182 908 1254 in
925 1183 1020 1255 hunc
1034 1181 1177 1256 modum
1195 1207 1205 1254 ε
1220 1221 1270 1234 —-
1284 1180 1491 1254 Mandemus
1509 1179 1651 1256 domino
1669 1181 1784 1276 impe
1880 1235 1889 1244 .

375 1311 478 1384 ratori
495 1307 592 1405 quod
604 1308 716 1382 nullas
730 1307 842 1380 tallias
855 1308 911 1381 vel
924 1307 1084 1381 collectas
1098 1306 1144 1380 de
1157 1315 1269 1380 cetero
1283 1305 1438 1402 imponat
1450 1303 1486 1376 iu
1498 1305 1780 1398 regnoccclesiis,

378 1433 605 1525 monasteriis,
619 1431 750 1506 clericis
766 1441 802 1504 el
817 1430 902 1504 viris
917 1430 1156 1506 ecclesiasticis
1172 1451 1234 1504 seu
1246 1430 1350 1504 rebus
1361 1450 1494 1521 eorum,
1511 1437 1547 1502 ct
1558 1428 1654 1523 quod
1669 1431 1786 1506 nullus

378 1556 522 1630 clericus
543 1557 600 1631 vel
615 1577 762 1654 persona
780 1553 1010 1628 ecclesiastica
1024 1553 1070 1628 ds
1086 1563 1197 1628 celem
1217 1553 1443 1628 conveniatur
1458 1552 1495 1624 iu
1513 1573 1621 1648 regno
1639 1552 1786 1628 incivili

379 1681 435 1752 vel
453 1680 620 1753 criminali
638 1701 743 1752 causa
757 1699 872 1752 coram
883 1676 1003 1772 judice
1022 1676 1187 1768 seculari,
1207 1676 1274 1749 nisi
1291 1697 1396 1772 super
1412 1675 1523 1751 leodis
1540 1677 1688 1750 civiliter
1704 1699 1787 1752 oon·

378 1803 549 1877 veniatur.
567 1842 618 1858 --
633 1803 671 1874 ln
693 1805 793 1896 cujus
807 1803 857 1875 rei
877 1801 1109 1874 testimonium
1126 1809 1300 1897 presentes
1320 1801 1450 1874 litteras
1467 1801 1570 1874 scribi
1586 1801 1731 1874 fecimus
1753 1813 1789 1876 et

378 1927 570 2022 sigillorum
584 1935 778 2000 nostrorum
793 1925 964 2022 presentia
981 1924 1199 1997 communiri.

428 2053 513 2126 Date
530 2049 627 2146 apud
641 2049 867 2147 ceperanum,
884 2049 929 2122 vl
944 2046 1110 2122 kalendas
1126 2047 1341 2144 septembris.

1053 2277 1117 2350 Xl.

429 2457 499 2529 Nos
516 2453 737 2528 Eberhardus
753 2455 816 2528 Dei
840 2455 952 2550 gratia
973 2455 1253 2550 salceburgensis
1278 2454 1557 2553 archiepiscopus
1581 2466 1617 2528 et
1641 2455 1788 2530 Siiridus
1845 2464 1872 2506 ¹¹¹
1885 2462 1963 2505 Μ·

382 2579 638 2674 Ratisponensis
655 2579 856 2675 episcopus,
884 2577 932 2652 ad
960 2600 1179 2652 communem
1210 2579 1367 2654 notitiam
1399 2580 1555 2652 omnium
1583 2578 1789 2654 deducimus
1828 2527 1977 2678 ciiii&

382 2703 478 2798 quod
504 2701 665 2776 dominus
684 2703 869 2798 imperator
893 2724 998 2798 super
1019 2703 1164 2776 articulo
1181 2702 1226 2778 de
1250 2704 1400 2776 collectis
1424 2713 1459 2777 et
1477 2705 1580 2776 talliis
1599 2705 1763 2778 litteras
1753 2729 1790 2778 rn

383 2831 492 2900 forma
508 2828 701 2924 subscripta
712 2827 858 2901 coniecit
871 2849 933 2922 per
947 2849 1066 2900 omnes
1080 2836 1196 2923 partes
1216 2827 1315 2922 regni
1326 2827 1441 2900 Sicilie
1455 2827 1701 2902 destinandas:

431 2950 625 3024 Fridericus
640 2951 703 3023 Dei
722 2951 833 3045 gratia
847 2951 1077 3026 Romanorum
1092 2951 1289 3046 imperator,
1306 2972 1441 3048 semper
1457 2961 1645 3046 augustus,
1669 2953 1793 3026 Hieru-

384 3075 490 3148 salem
509 3083 544 3146 et
559 3074 673 3146 Sicilie
686 3095 763 3165 rex,
776 3074 989 3168 justiciariis,
1008 3073 1204 3168 comitibus,
1222 3075 1425 3164 baronibus,
1443 3077 1650 3170 camerariis,
1667 3077 1794 3170 bajulis

384 3207 419 3272 et
445 3199 617 3272 universis
637 3199 842 3272 officialibus
865 3221 927 3296 per
950 3207 1074 3273 terram
1091 3200 1232 3274 laboris
1250 3201 1441 3274 constitutis
1464 3211 1640 3297 presentes
1664 3203 1793 3276 litteras

384 3324 603 3422 inspecturis,
622 3323 785 3397 fidelibus
803 3323 894 3417 suis,
917 3325 1063 3418 gratiam
1079 3347 1178 3398 suam
1192 3335 1227 3399 et
1240 3325 1366 3398 bonam
1380 3327 1605 3400 voluntatem.
1622 3326 1792 3402 Fideliteti

387 3455 498 3519 vestre
515 3447 582 3520 sub
593 3447 737 3522 obtentu
751 3448 860 3542 gratie
872 3457 988 3522 nostre
1003 3448 1210 3522 mandamus
1224 3447 1366 3522 firmiter
1382 3450 1611 3546 precipientes
1622 3460 1792 3544 quatenus

386 3571 501 3643 nullus
516 3571 561 3643 sit
573 3571 636 3666 qui
650 3570 814 3668 deinceps
831 3573 943 3645 tallias
955 3593 1019 3646 seu
1033 3573 1192 3646 collectas
1206 3572 1359 3668 imponat
1380 3573 1545 3664 ecclesiis,
1562 3574 1789 3663 monasteriis,

386 3695 520 3767 clericis
536 3716 598 3768 seu
614 3695 771 3790 personis
784 3696 1023 3770 ecclesiasticis
1037 3697 1093 3769 vel
1107 3696 1211 3768 rebus
1228 3717 1366 3788 eorum,
1383 3696 1489 3768 salvis
1506 3695 1630 3770 debitis
1643 3697 1793 3770 servitiis

386 3817 433 3892 ad
448 3841 518 3914 que
531 3828 623 3892 certe
634 3819 777 3894 ecclesie
793 3841 835 3893 ac
847 3843 993 3916 persone
1008 3821 1109 3895 nobis
1125 3829 1315 3894 noscuntur
1328 3841 1403 3894 esse
1420 3819 1612 3916 specialiter
1627 3820 1789 3915 obligate.

386 3941 512 4012 Datum
539 3941 576 4012 in
602 3941 721 4016 castris
748 3963 856 4039 prope
881 3943 1113 4040 Ceperanum,
1139 3943 1261 4015 1111111ο
1279 3941 1332 4040 (l)
1350 3942 1477 4016 mensis
1500 3943 1655 4037 augusti,
1681 3942 1793 4017 indic·

388 4064 481 4136 tione
494 4064 562 4137 111⁸.

436 4188 474 4258 ln
491 4189 591 4282 cujus
607 4189 657 4262 rei
671 4189 905 4263 testimonium
926 4201 1101 4287 presentes
1116 4191 1245 4264 litteras
1262 4191 1463 4286 scripsimus
1476 4197 1511 4262 ct
1528 4191 1650 4284 sigillis
1668 4191 1793 4264 uostris

387 4310 531 4384 lecimus
545 4313 762 4386 communiri.
782 4315 908 4388 Datum
922 4315 1018 4410 apud
1031 4315 1255 4410 Ceperanum,
1269 4315 1328 4387 vl*
1345 4313 1510 4387 kalendas
1523 4314 1738 4410 septembris.

425 4579 460 4653 (t)
479 4579 524 4638 Sic
536 4597 581 4655 ap.
597 4582 671 4640 llice.
685 4583 721 4640 dc
733 4582 762 4640 S.
775 4583 867 4642 Germ.
882 4583 934 4657 Ap.
945 4584 1028 4658 ¹Perta
1042 4588 1132 4642 autem
1144 4535 1253 4642 unm
1268 4586 1389 4656 coportt.
1404 4581 1531 4638 lleudum
1543 4586 1633 4640 umen
1645 4584 1752 4643 videtu
1763 4595 1792 4646 et

389 4675 530 4751 legendum
544 4684 670 4752 putamus
683 4681 923 4754 XXVlloopuctt,
936 4695 1021 4753 quum
1033 4695 1066 4738 ox
1077 4681 1255 4739 instrumento
1266 4678 1444 4753 praecedente
1454 4684 1545 4754 pateat
1555 4679 1720 4740 Friderr'cum
1731 4691 1793 4758 post

388 4773 561 4832 cardindium
574 4774 729 4834 mandatum
743 4777 846 4836 litteras
855 4779 920 4836 istas
931 4775 1057 4837 edidisse.

488 4873 544 4936 111.
902 4965 908 4974 ¹
1300 4825 1303 4830 ¹
1597 4889 1634 4941 28
