4642 6106
353 683 452 744 nors.
468 679 515 759 n]
809 677 1007 742 arsronrn
1032 677 1324 740 nrrnorrnrrcn
1711 677 1773 742 nae

352 823 389 889 et
406 813 590 888 nobiscum
612 811 740 908 pariter
763 812 800 884 in
823 833 943 888 menso
968 812 1210 904 discumbens,
1235 810 1393 886 exhibite
1413 811 1450 884 in
1471 811 1634 886 omnibus
1659 811 1771 910 inopi·

353 947 434 1013 nata
453 937 637 1012 devotione
655 935 806 1027 servitii,
823 937 931 1010 letum
957 943 992 1010 et
1011 936 1182 1010 celebrem
1201 933 1354 1009 diemde
1372 935 1566 1008 eommunis
1587 937 1772 1034 participa·

353 1061 448 1136 tione
464 1061 618 1136 convivii
637 1059 735 1134 dedit
756 1060 884 1155 pariter
906 1069 941 1132 et
960 1059 1101 1155 recepit.
1125 1057 1281 1154 Cumque
1300 1068 1378 1156 post
1401 1058 1466 1132 bec
1483 1081 1703 1134 communem
1721 1061 1771 1134 le·

354 1184 524 1258 cissemns
538 1184 583 1259 de
599 1183 760 1282 pluribus
773 1183 928 1276 jocunda
946 1183 1172 1257 collocutione
1184 1205 1390 1276 sermonem,
1401 1183 1448 1257 ad
1459 1182 1497 1256 id
1508 1205 1589 1256 eum
1601 1184 1771 1257 sensimus

353 1307 391 1381 in
404 1309 567 1382 omnibus
584 1317 805 1404 preparatum
830 1315 869 1379 ut
890 1306 1094 1380 mandatnm
1118 1315 1154 1380 et
1178 1306 1435 1402 beneplacitum
1458 1315 1613 1380 nostrum
1640 1307 1769 1379 tamin

353 1431 520 1506 rebusad
543 1433 665 1508 divina
681 1430 916 1528 spectantibus
931 1453 1037 1526 quam
1061 1432 1097 1502 in
1115 1430 1269 1526 hiisque
1288 1429 1334 1502 ad
1349 1429 1503 1503 Ecclesie
1524 1430 1770 1526 patrimonium

353 1556 525 1653 pertinent
542 1557 627 1630 velit
640 1555 756 1629 modis
772 1555 936 1628 omnibus
953 1555 1143 1650 adimplere
1155 1552 1222 1651 (t).
1241 1553 1341 1627 Unde
1360 1575 1424 1628 nos
1442 1553 1628 1650 plurimum
1647 1555 1684 1627 in
1700 1557 1769 1628 Do-

353 1681 448 1753 mino
466 1679 667 1770 confortati,
686 1689 720 1754 te
744 1679 937 1776 specialiter
961 1677 1135 1774 inprimis
1159 1687 1195 1752 et
1212 1675 1341 1752 deinde
1363 1698 1425 1774 per
1448 1688 1482 1752 te
1508 1678 1594 1752 alios
1617 1679 1768 1752 Ecclesie

354 1802 444 1876 filios
463 1803 501 1875 in
518 1803 585 1876 illis
598 1804 756 1900 partibus
773 1803 975 1877 constitutos
993 1801 1167 1876 communi
1195 1802 1363 1875 duximus
1384 1801 1491 1876 letitia
1509 1804 1763 1877 confortandos.

353 1927 511 2002 Preterea
528 1950 591 2024 per
603 1929 791 2024 apostolica
809 1927 935 2023 scripta
955 1927 1162 2001 mandamus
1178 1927 1344 2022 quatinus
1358 1925 1520 2000 fidelibus
1538 1927 1689 2000 Ecclesie
1705 1929 1767 2022 qui

353 2061 436 2140 sunt
457 2051 494 2124 in
516 2051 723 2149 Campania,
743 2052 904 2126 revelatis
921 2051 990 2123 hiis
1011 2073 1081 2145 que
1100 2053 1137 2124 in
1154 2051 1304 2147 presenti
1329 2051 1457 2146 pagina
1479 2051 1709 2142 continentur,
1731 2051 1767 2122 in

354 2175 522 2271 obsequio
537 2185 572 2250 et
589 2176 754 2251 fidelitate
767 2177 860 2251 beati
875 2175 966 2249 Petri
979 2185 1014 2248 et
1031 2185 1146 2250 nostra
1161 2197 1221 2248 eos
1236 2175 1366 2248 sortiter
1385 2175 1518 2248 animes
1535 2184 1570 2247 et
1590 2174 1764 2260 informes,

353 2299 449 2396 ipsos
469 2299 693 2374 corroborans
713 2310 748 2374 et
768 2309 899 2396 quanta
918 2299 1045 2396 poteris
1063 2298 1254 2373 constantia
1276 2307 1311 2370 et
1331 2297 1615 2393 magnanimitate
1628 2298 1767 2369 conlor-

355 2435 444 2497 tans.
459 2424 603 2498 Noveris
618 2434 734 2498 autem
748 2424 844 2520 qnod
856 2425 947 2497 sicut
959 2444 1002 2497 ea
1016 2443 1086 2520 que
1099 2421 1237 2496 interim
1255 2422 1291 2494 in
1308 2444 1370 2518 spe
1384 2423 1475 2495 bona
1490 2431 1525 2494 et
1538 2420 1684 2516 predicti
1701 2421 1766 2492 im-

355 2547 521 2643 peratoris
536 2549 764 2644 promissione
783 2557 966 2622 versantur
978 2555 1038 2620 tue
1053 2546 1222 2620 duximus
1238 2545 1462 2620 sollicitudini
1480 2545 1684 2642 prelibando
1701 2541 1764 2639 (a),

354 2671 403 2744 ita
419 2669 612 2743 secundum
634 2669 701 2745 hoo
719 2672 815 2767 quod
833 2671 869 2743 in
890 2669 1051 2744 anteriori
1072 2671 1287 2766 processerit,
1312 2668 1511 2745 discretioni
1533 2676 1608 2760 tue,
1629 2665 1769 2763 permit-

354 2801 448 2866 tente
463 2793 627 2884 Domino,
647 2816 809 2891 processu
824 2795 988 2892 temporis
1005 2795 1205 2868 curabimus
1220 2793 1366 2892 aperire.

273 3031 287 3050 “
406 3039 598 3140 [Scriptum
614 3051 666 3117 est
679 3043 784 3116 etiam
802 3043 847 3116 de
860 3065 899 3116 re
909 3043 1045 3136 eadem,
1060 3044 1123 3118 sed
1137 3043 1253 3116 minus
1264 3063 1429 3138 expresse
1442 3040 1516 3136 regi
1533 3040 1740 3114 Francorum
1756 3067 1764 3110 :

359 3165 580 3239 «Ecclesiam
605 3188 704 3240 suam
724 3167 892 3240 Dominus
912 3169 1075 3242 continua
1102 3167 1249 3264 pietate,
1273 3176 1362 3259 etc,
1382 3207 1432 3220 -
1452 3165 1625 3262 possimus
1647 3163 1768 3237 merito

355 3289 646 3364 commendare.»

403 3413 447 3486 llt
464 3414 501 3486 in
515 3413 677 3488 eumdem
695 3415 766 3486 lere
779 3414 922 3490 modum
940 3415 1141 3489 Rectoribus
1158 3415 1376 3488 iratemitatis
1389 3413 1491 3488 Urbis
1508 3411 1593 3510 (2).]

397 3620 440 3694 (a)
458 3619 548 3682 Deest
560 3635 655 3682 unum
667 3617 789 3682 verbum
801 3621 833 3681 ln
846 3619 957 3682 codlee.

392 3959 427 4034 (t)
445 3959 593 4038 imperator
612 3961 713 4020 etenim
733 3967 855 4038 tempore
867 3961 1043 4022 absolutionis
1054 3979 1118 4022 snae
1130 3963 1243 4022 miseret
1261 3977 1326 4020 snos
1342 3962 1451 4020 nuntios
1464 3967 1493 4019 et
1509 3959 1612 4018 litteras
1627 3957 1662 4016 ad
1676 3973 1770 4016 omnes

354 4055 479 4116 civitatee
491 4064 520 4117 et
530 4064 619 4118 castra
631 4059 666 4118 de
679 4059 798 4118 blacchia
810 4075 880 4134 quas
894 4059 946 4118 eibi
960 4060 1114 4119 fidelitatem
1126 4061 1244 4120 lacerant
1257 4060 1309 4118 sub
1322 4058 1529 4117 comminatione
1542 4055 1726 4124 diffidationis,
1739 4061 1769 4110 nt

354 4155 391 4212 ad
405 4153 485 4213 iidem
500 4161 529 4214 et
540 4157 694 4215 mandatnm
708 4158 844 4216 Romanae
855 4157 983 4216 ecclcsiae
996 4159 1125 4216 redirent.
1143 4157 1183 4216 ct.
1201 4159 1274 4216 lirun
1293 4173 1329 4214 uu
1344 4155 1372 4214 S.
1389 4157 1494 4226 Gaura,
1509 4152 1638 4214 corono.
1651 4149 1688 4209 ud
1701 4168 1767 4208 nnn.

392 4251 428 4326 (ἲ)
448 4252 535 4324 Quam
546 4254 686 4329 epistolam
697 4253 803 4329 integre
814 4253 936 4312 exhibuit
946 4255 1185 4326 Pandionem.
1198 4256 1288 4314 Germ
1303 4255 1389 4324 litet,
1405 4259 1426 4310 t.
1440 4253 1484 4324 lV,
1500 4269 1529 4326 p.
1542 4251 1671 4324 Yth-276,
1683 4265 1768 4322 quum

355 4347 438 4422 hujus
448 4351 594 4409 mcondam
605 4352 790 4412 tantummodo
805 4357 911 4426 partem
925 4352 1030 4410 dederit
1040 4353 1195 4424 barnam,
1206 4351 1308 4410 Annei.
1326 4350 1414 4410 cectet.
1429 4349 1466 4408 od
1478 4365 1558 4421 een,
1573 4347 1677 4421 §xlll3
1689 4346 1770 4406 ambo

354 4453 448 4507 nomm
468 4447 528 4508 eine
544 4449 617 4509 notis
632 4449 837 4526 chronologicis,
852 4465 923 4525 qnae
935 4451 1017 4509 edam
1029 4449 1127 4510 decant
1140 4451 1168 4508 in
1182 4455 1350 4526 bensnmpto
1362 4466 1407 4524 ap.
1420 4447 1532 4508 collect.
1545 4445 1673 4538 biblioth.
1686 4445 1769 4502 Parin.
