4658 6132
516 635 575 698 104
1014 633 1228 698 ualuuulcl
1245 635 1427 702 'saeuum
1737 645 1817 724 [trs.
1835 645 1925 712 lm.

513 769 686 867 peregrini
700 779 735 843 et
748 767 1042 844 interficiebantur
1060 771 1293 848 indifferenter
1310 785 1346 848 et
1360 774 1555 850 secundum
1575 775 1673 872 quod
1694 778 1927 858 intelleximus

514 895 694 987 veraciter,
713 895 764 966 sic
777 895 868 968 bene
882 895 1063 969 amisimus
1072 896 1254 992 plusquam
1263 899 1471 994 quingentos
1483 900 1530 976 dc
1542 901 1681 993 nostris,
1701 911 1737 975 ct
1752 910 1792 975 ut
1803 925 1926 978 verum

513 1019 693 1110 fateamur,
702 1027 884 1114 postquam
896 1019 1223 1116 Syriamimperatcr
1232 1021 1386 1114 intravit,
1400 1044 1422 1095 a
1436 1022 1510 1096 suis
1520 1023 1759 1100 velabillisde
1769 1028 1925 1102 exmcitu

512 1143 697 1216 christiano
707 1143 865 1239 captiual
880 1143 1048 1216 interfecti
1059 1143 1237 1218 Sarraceni
1251 1167 1435 1218 nnmerum
1446 1145 1627 1222 denarium
1640 1169 1712 1222 uon
1724 1149 1921 1246 attingunt:

512 1267 619 1340 immo
636 1265 781 1362 quidam
798 1267 834 1338 in
851 1268 1007 1342 exercitu
1030 1267 1097 1341 init
1111 1276 1233 1366 captus
1254 1269 1317 1364 qui
1336 1270 1452 1343 statim
1474 1271 1640 1344 liberatus
1658 1273 1748 1346 cans
1767 1277 1925 1350 vestibus

511 1389 655 1465 indutus
675 1391 776 1464 etsie
797 1390 986 1466 honorilice
1009 1401 1062 1466 cst
1082 1391 1233 1467 soldano
1246 1393 1428 1488 remissus,
1448 1395 1497 1468 ita
1515 1395 1614 1490 quod
1632 1396 1682 1468 illi
1700 1397 1763 1492 qui
1781 1421 1863 1472 enm
1876 1421 1924 1474 ex

509 1525 607 1614 parte
626 1514 840 1611 imperatoris
861 1516 1102 1591 conducebant
1115 1518 1243 1591 inerint
1260 1539 1281 1592 a
1301 1519 1497 1592 Samacenis
1515 1519 1553 1592 in
1570 1519 1630 1593 via
1645 1519 1748 1594 bonis
1761 1524 1923 1598 omnibus

331 1711 344 1736 ¹,
393 1721 396 1727 ,
508 1640 645 1736 spoliati
672 1637 806 1734 vixque
826 1651 970 1730 mortem
997 1641 1146 1716 evadere
1170 1649 1368 1738 potuerunt.
1392 1642 1449 1716 Sic
1474 1643 1593 1738 itaque
1613 1645 1675 1738 qui
1702 1645 1748 1718 ab
1773 1645 1923 1722 inimicis

508 1761 590 1838 fidei
604 1763 855 1836 infestabantur
865 1764 1033 1862 principis
1044 1765 1215 1839 auxilium
1230 1787 1301 1840 non
1313 1765 1498 1840 habebant.
1510 1767 1546 1840 Si
1559 1768 1668 1863 [quis]
1678 1779 1795 1844 autem
1806 1791 1921 1846 eosex

507 1907 717 1985 quacunque
733 1909 839 1960 causa
856 1886 1044 1962 offenderat
1057 1888 1266 1986 puniebatur
1282 1889 1328 1962 ab
1342 1911 1405 1976 θος
1420 1887 1516 1964 unde
1529 1890 1612 1965 ioris
1627 1891 1765 1986 gladius
1778 1903 1814 1966 et
1826 1895 1920 1970 intua

508 2011 609 2085 timor
623 2011 749 2084 nostris
764 2011 905 2086 assidue
929 2011 1142 2086 imminebat.
1167 2013 1238 2086 Nec
1256 1996 1343 2086 illud
1362 2012 1536 2088 silendum
1553 2015 1719 2110 estquod
1739 2017 1787 2091 ad
1807 2021 1921 2113 majos

508 2135 662 2211 dedecus
679 2135 936 2210 christianitatis
949 2136 1072 2210 cedere
1085 2137 1202 2210 visum
1216 2137 1295 2209 luit.
1317 2137 1504 2234 Imperator
1518 2139 1654 2232 rogavit
1670 2139 1861 2214 Soldauum
1880 2151 1920 2214 ut

507 2282 568 2358 per
583 2262 788 2334 Sarracenos
805 2281 888 2333 suos
902 2259 938 2331 in
956 2259 1066 2356 ipsina
1079 2260 1294 2356 imperatoris
1308 2262 1472 2357 expensis
1488 2261 1712 2335 christianum
1725 2265 1918 2338 exercitum

506 2384 633 2458 laceret
643 2383 827 2475 custodire
841 2383 1025 2479 quodcum
1037 2383 1561 2474 ordinatumandauoiuisset,
1571 2386 1654 2481 quia
1664 2385 1919 2484 delupiserant

505 2519 657 2605 pastores
673 2509 803 2602 effecti,
820 2509 920 2581 multi
937 2507 983 2584 de
998 2509 1123 2582 nostris
1138 2510 1206 2582 snb
1227 2509 1285 2583 illa
1300 2508 1508 2584 confidentia
1521 2509 1738 2596 oeciderunt;
1760 2519 1796 2584 et
1819 2511 1917 2607 quud

505 2655 584 2706 cum
598 2632 751 2706 maxima
758 2631 969 2707 verecundia
979 2633 1159 2708 referimus
1167 2642 1203 2706 et
1214 2633 1353 2724 rubore,
1366 2633 1561 2729 imperatori
1570 2633 1754 2727 Soldanns,
1768 2633 1917 2710 audieus

504 2756 601 2853 quod
612 2755 805 2831 Mundum
820 2777 952 2830 morem
971 2757 1223 2830 sarracenicum
1239 2778 1278 2830 se
1290 2757 1446 2846 haberet,
1467 2757 1563 2830 misit
1579 2757 1865 2854 cantatricesque
1881 2769 1917 2832 et

504 2881 693 2956 saltatrices
710 2881 875 2956 dicuntur
893 2889 928 2954 et
944 2881 1170 2974 joculatores,
1188 2901 1353 2977 personas
1368 2879 1512 2975 quidem
1532 2901 1602 2954 non
1619 2881 1729 2954 solum
1749 2881 1912 2975 infamas,

503 3027 626 3080 verum
647 3005 751 3078 etiam
776 3004 822 3079 de
840 3003 971 3100 quibus
986 3003 1075 3079 inter
1090 3003 1292 3078 christianos
1313 3003 1433 3078 baberi
1449 3004 1579 3078 mentio
1596 3025 1666 3078 non
1682 3005 1823 3080 deberet
1839 3005 1912 3102 (l);

503 3153 584 3206 cum
607 3129 736 3225 quibus
753 3127 847 3202 idem
868 3127 1029 3225 princeps
1050 3126 1156 3223 hujus
1179 3127 1303 3202 mundi
1326 3127 1471 3224 vigiliis,
1499 3127 1733 3224 potationibus
1754 3137 1789 3201 et
1811 3127 1914 3203 intlu-

502 3253 628 3328 mentis
639 3263 675 3326 et
691 3252 785 3326 omni
799 3271 895 3325 more
912 3251 1126 3326 sarracenico
1146 3273 1184 3325 se
1197 3251 1351 3346 gerebat.
1367 3249 1440 3324 Etsi
1459 3251 1540 3325 talia
1552 3251 1731 3324 abborruit
1741 3252 1914 3326 exemtus

502 3380 584 3452 lesu
597 3375 736 3468 Christi,
758 3375 888 3466 adhuc,
905 3375 1010 3450 dante
1022 3375 1182 3466 Domino,
1204 3377 1280 3450 loco
1296 3385 1331 3449 et
1349 3384 1503 3471 tempore
1517 3375 1707 3448 sanctitatis
1720 3385 1835 3450 vestre
1849 3398 1914 3450 au·

500 3501 598 3574 ribus
608 3501 756 3574 referent
770 3498 832 3594 qui
846 3499 995 3596 propriis
1004 3499 1116 3572 oculis
1128 3497 1193 3593 lpec
1205 3498 1380 3574 viderunt.
1397 3499 1489 3594 Erga
1500 3501 1706 3573 Sarracenos
1719 3499 1912 3574 noneolum

498 3625 617 3721 largus
633 3624 749 3697 extitit
761 3600 825 3697 sed
838 3623 979 3712 effusor,
996 3645 1038 3696 ac
1049 3623 1079 3696 si
1092 3644 1208 3698 emere
1219 3623 1324 3698 vellet
1337 3643 1458 3720 pacem
1474 3643 1582 3718 quam
1596 3623 1753 3698 obtinere
1769 3643 1839 3697 non
1853 3643 1914 3720 po-

497 3758 585 3822 terat
611 3748 778 3822 violentia
799 3749 854 3821 vel
878 3746 1014 3820 timore.
1041 3749 1131 3822 Sanc
1156 3749 1258 3843 longe
1273 3756 1354 3820 ante
1367 3746 1588 3820 Nativitatem
1604 3747 1742 3820 Domini
1760 3746 1913 3842 precepit

498 3873 683 3947 biscottum
704 3871 778 3945 fieri
792 3881 827 3944 et
840 3871 956 3966 galeas
968 3880 1004 3944 et
1022 3871 1138 3944 omnia
1153 3893 1237 3945 vasa
1248 3891 1312 3944 sua
1334 3869 1466 3967 pamri3
1487 3869 1583 3964 quod
1596 3868 1777 3944 audientes
1794 3870 1911 3943 Sarra·

499 3997 588 4090 ocni,
606 3997 685 4070 licet
701 4016 783 4070 eum
796 4004 977 4069 anteauon
989 3994 1165 4087 timerent,
1185 3994 1300 4091 ipsum
1319 4003 1432 4067 umen
1449 3993 1599 4089 amplius
1615 3999 1907 4088 contempserunt.

497 4119 653 4216 lienique
674 4121 711 4192 in
735 4119 909 4194 dominica
925 4119 1178 4216 septuagesima
1200 4115 1253 4216 (2)
1277 4117 1373 4215 pacis
1389 4118 1511 4190 volens
1532 4116 1708 4212 publicare
1729 4124 1911 4190 tractatum

534 4467 569 4541 (l)
588 4467 643 4526 llas
651 4473 746 4542 postea
755 4466 1060 4542 mesocampum
1072 4465 1176 4524 elmlea
1185 4466 1279 4538 dictas,
1289 4465 1318 4523 in
1325 4469 1472 4540 conspectu
1484 4479 1535 4522 suc
1542 4461 1645 4521 lestinis
1657 4462 1754 4522 dimus
1764 4462 1910 4537 imperator

492 4563 607 4640 joculari
622 4564 746 4636 lubebnt;
766 4580 834 4637 quas
852 4564 982 4622 lticcardo
998 4555 1090 4622 comiti
1103 4562 1254 4622 cornubiae
1267 4563 1358 4621 uxoris
1371 4577 1437 4621 suaa
1455 4559 1530 4621 trani
1548 4575 1610 4620 aun.
1632 4561 1697 4619 llll
1721 4559 1858 4632 exhibuit,
1878 4565 1911 4616 ut

496 4658 579 4718 refert
590 4661 668 4719 llatt.
676 4661 758 4718 Paris.
769 4660 803 4717 ad
815 4660 888 4718 bunc
896 4677 971 4732 ann,
983 4677 1011 4735 p.
1024 4663 1085 4718 aas.

533 4758 567 4832 (ἲ)
586 4757 694 4817 Scibcct
710 4761 738 4815 lt
757 4755 894 4814 tabu-uarii.
