4710 6076
587 621 649 686 ³62
1113 631 1286 695 neharot
1311 631 1478 696 ΒΕΡῙῚΙΙ
1809 631 1889 712 [Aer.
1907 632 1994 698 ffl'l.

589 765 731 854 teretett,
755 761 950 838 Fridericus
975 765 1110 862 dapifer
1127 767 1174 842 de
1195 769 1379 858 Walhnrc,
1397 767 1567 842 lianricns
1583 764 1629 840 de
1640 767 1886 864 Ravenspnrc,
1902 767 1999 842 Cnno

589 893 626 960 et
642 883 803 960 hibertus
821 887 942 962 iratres
955 889 1001 964 de
1013 891 1254 982 Sumerouwe,
1270 891 1380 966 etalii
1395 891 1630 988 quamplures.

637 1007 762 1082 Actum
783 1011 879 1108 apud
902 1013 1121 1108 lingenowe,
1142 1037 1235 1088 anno
1254 1015 1427 1092 dominice
1446 1013 1689 1088 incarnationis
1707 1010 1997 1104 hl.CC.XXV11,

590 1131 708 1206 idibus
720 1135 931 1230 novembris,
949 1137 1138 1214 indictione
1154 1140 1278 1236 prima.

521 1801 547 1844 .‚
642 1722 826 1809 Henricus
843 1725 1104 1811 Romanorum
1120 1753 1187 1814 ren
1200 1729 1370 1816 Arnoldo
1383 1729 1431 1814 de
1445 1727 1684 1816 Gimmenich
1704 1737 1743 1811 et
1759 1725 1938 1812 omnibus
1957 1728 1997 1810 in

432 1857 448 1890 ⁸
559 1873 565 1888 '
589 1856 785 1942 advocatia
799 1857 1021 1944 Asaindensi
1035 1861 1158 1944 eidem
1172 1860 1461 1946 succedentibus
1475 1871 1610 1946 notum
1624 1860 1715 1944 iacit
1731 1885 1772 1944 se
1787 1861 1827 1942 in
1846 1859 1998 1970 speciali

590 2017 662 2074 sua
688 1993 919 2102 protectione
945 1993 1144 2078 ecclesiam
1166 1994 1327 2080 Sanctae
1343 1995 1483 2081 Mariae
1505 1993 1709 2106 sanctique
1730 1992 1875 2080 Nicolai
1896 1995 1999 2104 apud

589 2123 852 2236 Stoppenherg
870 2127 1095 2236 suscepisse,
1113 2128 1348 2239 mandatque
1360 2155 1409 2212 ne
1423 2129 1592 2240 aliquam
1610 2127 1846 2212 exactionem
1857 2127 1917 2214 vel
1930 2125 1999 2212 ob-

565 2257 723 2374 ‚amma
738 2257 788 2341 ab
804 2259 939 2344 eadem
955 2259 1114 2344 ecclesia
1128 2261 1278 2373 exigere
1291 2271 1550 2372 praesument.

670 2498 766 2581 (lidlt.
782 2517 832 2582 ap.
849 2504 960 2579 Troas,
982 2500 1174 2584 westphalia,
1189 2519 1260 2566 ann.
1279 2513 1368 2579 reta,
1390 2503 1521 2568 touch.
1536 2535 1577 2552 -
1588 2503 1789 2578 Laesum,
1811 2499 1996 2566 ormam.

699 2607 760 2690 file
771 2606 819 2672 die
834 2607 935 2673 Gercl.
950 2609 999 2672 der
1010 2608 1178 2691 aalma,
1192 2629 1250 2674 rw.
1263 2611 1366 2687 Bend,
1380 2627 1413 2690 p.
1429 2620 1480 2686 te,
1490 2619 1523 2674 n·
1540 2615 1621 2686 tlt.)

637 2823 678 2896 ln
695 2825 837 2898 nomine
850 2833 968 2898 sancte
984 2836 1019 2900 et
1040 2825 1227 2902 individue
1243 2825 1429 2900 Trinitatis.
1452 2825 1634 2898 Heinricus
1649 2823 1712 2898 Dei
1733 2825 1845 2920 gratia
1867 2823 1997 2898 Romn-

590 2968 714 3028 nornm
737 2970 801 3021 rex
817 2971 953 3046 semper
968 2959 1155 3044 angustus,
1177 2949 1338 3024 fidelibus
1355 2947 1429 3022 suis
1446 2949 1490 3022 Α.
1508 2947 1553 3022 de
1572 2945 1740 3022 Gimelich
1757 2967 1892 3022 necnon
1914 2947 1998 3020 nni·

589 3071 701 3145 versis
718 3069 755 3143 in
774 3071 888 3145 officio
908 3081 944 3146 et
961 3073 1202 3169 procuratione
1226 3073 1408 3148 advocatie
1428 3071 1648 3148 hesiodensis
1669 3069 1723 3170 (l)
1744 3071 1859 3145 eidem
1879 3092 1997 3146 succe·

590 3194 756 3270 dentibus
769 3197 914 3292 gratiam
931 3219 1029 3270 snam
1044 3206 1079 3270 et
1092 3217 1194 3270 omne
1214 3197 1360 3272 bonum.
1375 3195 1432 3272 Ad
1449 3206 1566 3272 eterne
1580 3195 1653 3270 vite
1664 3195 1838 3292 premium
1853 3195 1999 3270 scientes

591 3321 692 3396 nohis
718 3320 906 3396 certissime
928 3321 1147 3417 profuturum
1169 3320 1267 3416 quod
1290 3322 1452 3396 ecclesias
1476 3320 1540 3394 Dei
1560 3328 1596 3394 et
1614 3339 1735 3393 earum
1752 3339 1917 3416 personas
1940 3317 1999 3415 pio

590 3454 626 3520 et
641 3445 822 3520 tavombili
838 3445 1063 3541 respiciamus
1087 3445 1231 3538 affectu,
1248 3446 1401 3544 ipsarum
1421 3445 1499 3543 paci
1520 3453 1555 3519 et
1575 3425 1781 3542 promotioni
1802 3441 1998 3540 peremnia

591 3569 817 3644 intendimus.
829 3569 940 3662 liujus
951 3569 1068 3664 itaque
1081 3569 1132 3644 rei
1143 3571 1254 3666 gratia
1265 3593 1312 3644 ex
1322 3569 1552 3644 insinuatione
1563 3566 1772 3664 presentium
1787 3575 1908 3640 notum
1923 3587 1999 3640 esee

590 3695 754 3769 volumus
779 3693 953 3768 universis
976 3691 1071 3789 qnod
1098 3715 1162 3769 nos
1184 3695 1363 3770 ecclesiam
1387 3695 1510 3768 Sancte
1541 3691 1649 3766 hieria
1678 3690 1840 3786 beatique
1868 3690 1998 3764 Nicolni

588 3817 685 3917 apud
706 3817 968 3916 Siouphenberg
988 3828 1023 3891 at
1047 3819 1204 3893 homines
1233 3841 1274 3893 ac
1300 3820 1392 3893 hona
1415 3817 1529 3893 eidem
1558 3815 1701 3890 ecclesia
1726 3815 1908 3888 attinentes
1933 3815 1999 3886 enh

590 3951 741 4018 nosuam
769 3951 805 4017 et
829 3942 966 4040 imperii
993 3943 1178 4040 specialem
1202 3944 1397 4041 recepimus
1423 3941 1689 4040 protectionem,
1712 3940 1867 4013 volentes
1881 3925 1929 4010 'ut
1954 3937 1999 4013 de

589 4078 706 4143 nostre
723 4068 833 4166 gratie
854 4067 1011 4163 largitate
1038 4067 1154 4142 omnia
1181 4067 1273 4142 bona
1298 4089 1368 4164 qne
1390 4065 1483 4141 dicta
1502 4064 1646 4140 ecclesia
1670 4084 1764 4136 nnnc
1786 4061 1940 4159 possidet
1965 4069 1999 4133 et

590 4195 820 4292 inposterum
837 4193 910 4266 Deo
932 4191 1142 4267 concedente
1163 4191 1361 4288 acquisierit
1381 4189 1591 4289 possidenda
1609 4189 1654 4264 ab
1672 4188 1827 4262 omnium
1849 4185 1998 4261 advoca·

592 4327 706 4392 torum
723 4315 904 4391 exactione
925 4324 961 4389 et
978 4315 1180 4410 manamine
1199 4314 1244 4388 da
1260 4323 1372 4388 cetero
1391 4313 1498 4387 libera
1512 4313 1583 4386 sint
1597 4320 1633 4384 et
1649 4317 1829 4407 exempta,
1849 4306 1999 4383 auctori·

593 4449 662 4516 tate
685 4441 782 4538 regia
810 4439 1052 4514 nichilominus
1072 4438 1265 4514 firmissime
1288 4438 1482 4514 inhibentes
1503 4437 1647 4534 nequis
1671 4435 1919 4511 advocatorum
1935 4451 1999 4504 sen

628 4749 666 4825 (t)
683 4748 791 4809 Scilicet
801 4747 887 4808 Eser
897 4745 925 4805 in
937 4745 1113 4822 westphalia.
