<?xml version="1.0" encoding="UTF-8"?>
<!DOCTYPE html PUBLIC "-//W3C//DTD XHTML 1.0 Transitional//EN"
    "http://www.w3.org/TR/xhtml1/DTD/xhtml1-transitional.dtd">
<html xmlns="http://www.w3.org/1999/xhtml" xml:lang="en" lang="en">
 <head>
  <title>
</title>
<meta http-equiv="Content-Type" content="text/html;charset=utf-8" />
  <meta name='ocr-system' content='tesseract 3.04.00' />
  <meta name='ocr-capabilities' content='ocr_page ocr_carea ocr_par ocr_line ocrx_word'/>
</head>
<body>
  <div class='ocr_page' id='page_1' title='image "./historiadiploma03fredgoog/historiadiploma03fredgoog_0488.png"; bbox 0 0 4702 6110; ppageno 0'>
   <div class='ocr_carea' id='block_1_1' title="bbox 711 773 1430 924">
    <p class='ocr_par' dir='ltr' id='par_1_1' title="bbox 711 773 1441 946">
     <span class='ocr_line' id='line_1_1' title="bbox 711 773 1430 924; baseline 0.01 -9"><span class='ocrx_word' id='word_1_1' title='bbox 711 773 1430 924; x_wconf 50' lang='lat' dir='ltr'>,llDlllTllllllNTA</span> 
     </span>
    </p>
   </div>
   <div class='ocr_carea' id='block_1_2' title="bbox 898 1089 1263 1148">
    <p class='ocr_par' dir='ltr' id='par_1_2' title="bbox 898 1089 1263 1148">
     <span class='ocr_line' id='line_1_2' title="bbox 898 1089 1263 1148; baseline 0 0"><span class='ocrx_word' id='word_1_2' title='bbox 898 1089 946 1148; x_wconf 79' lang='lat' dir='ltr'>sb</span> <span class='ocrx_word' id='word_1_3' title='bbox 963 1089 1111 1147; x_wconf 70' lang='lat' dir='ltr'>mansur</span> <span class='ocrx_word' id='word_1_4' title='bbox 1127 1091 1263 1148; x_wconf 70' lang='lat' dir='ltr'>Paulum</span> 
     </span>
    </p>
   </div>
   <div class='ocr_carea' id='block_1_3' title="bbox 583 1319 1572 1434">
    <p class='ocr_par' dir='ltr' id='par_1_3' title="bbox 583 1319 1572 1434">
     <span class='ocr_line' id='line_1_3' title="bbox 583 1319 1572 1434; baseline -0.002 -6"><span class='ocrx_word' id='word_1_5' title='bbox 583 1321 973 1433; x_wconf 79' lang='lat' dir='ltr'>HISTORIAE</span> <span class='ocrx_word' id='word_1_6' title='bbox 1015 1319 1572 1434; x_wconf 81' lang='lat' dir='ltr'>DlPLOllllTlCAE.</span> 
     </span>
    </p>
   </div>
   <div class='ocr_carea' id='block_1_4' title="bbox 863 1706 1307 1741">
    <p class='ocr_par' dir='ltr' id='par_1_4' title="bbox 863 1706 1307 1741">
     <span class='ocr_line' id='line_1_4' title="bbox 863 1706 1307 1741; baseline -0.005 -11"><span class='ocrx_word' id='word_1_7' title='bbox 863 1706 1307 1741; x_wconf 52' lang='grc' dir='ltr'>...ψ-...ω-</span> 
     </span>
    </p>
   </div>
   <div class='ocr_carea' id='block_1_5' title="bbox 381 2053 1974 2299">
    <p class='ocr_par' dir='ltr' id='par_1_5' title="bbox 381 2053 1974 2299">
     <span class='ocr_line' id='line_1_5' title="bbox 435 2053 1974 2194; baseline -0.002 -54"><span class='ocrx_word' id='word_1_8' title='bbox 435 2055 637 2140; x_wconf 83' lang='lat' dir='ltr'>Geruasius</span> <span class='ocrx_word' id='word_1_9' title='bbox 656 2053 776 2140; x_wconf 88' lang='lat' dir='ltr'>abbas</span> <span class='ocrx_word' id='word_1_10' title='bbox 792 2054 1064 2140; x_wconf 85' lang='lat' dir='ltr'>Premonstrati</span> <span class='ocrx_word' id='word_1_11' title='bbox 1080 2053 1271 2139; x_wconf 89' lang='lat' dir='ltr'>Friderico</span> <span class='ocrx_word' id='word_1_12' title='bbox 1292 2054 1553 2140; x_wconf 86' lang='lat' dir='ltr'>Romanorum</span> <span class='ocrx_word' id='word_1_13' title='bbox 1572 2053 1791 2165; x_wconf 88' lang='lat' dir='ltr'>imperatori</span> <span class='ocrx_word' id='word_1_14' title='bbox 1835 2085 1974 2194; x_wconf 51' lang='lat' dir='ltr'>impr.</span> 
     </span>
     <span class='ocr_line' id='line_1_6' title="bbox 381 2186 1793 2299; baseline 0.001 -28"><span class='ocrx_word' id='word_1_15' title='bbox 381 2187 597 2298; x_wconf 77' lang='lat' dir='ltr'>gratulatur</span> <span class='ocrx_word' id='word_1_16' title='bbox 612 2188 653 2271; x_wconf 89' lang='lat' dir='ltr'>in</span> <span class='ocrx_word' id='word_1_17' title='bbox 667 2187 819 2299; x_wconf 87' lang='lat' dir='ltr'>negotio</span> <span class='ocrx_word' id='word_1_18' title='bbox 831 2186 1145 2299; x_wconf 85' lang='lat' dir='ltr'>peregrinationis</span> <span class='ocrx_word' id='word_1_19' title='bbox 1157 2187 1456 2294; x_wconf 79' lang='lat' dir='ltr'>transmarinae,</span> <span class='ocrx_word' id='word_1_20' title='bbox 1481 2195 1520 2272; x_wconf 91' lang='lat' dir='ltr'>et</span> <span class='ocrx_word' id='word_1_21' title='bbox 1540 2186 1728 2298; x_wconf 82' lang='lat' dir='ltr'>supplicat</span> <span class='ocrx_word' id='word_1_22' title='bbox 1748 2199 1793 2273; x_wconf 91' lang='lat' dir='ltr'>ut</span> 
     </span>
    </p>
   </div>
   <div class='ocr_carea' id='block_1_6' title="bbox 382 2319 1791 2542">
    <p class='ocr_par' dir='ltr' id='par_1_6' title="bbox 382 2319 1791 2542">
     <span class='ocr_line' id='line_1_7' title="bbox 382 2319 1791 2432; baseline -0.001 -26"><span class='ocrx_word' id='word_1_23' title='bbox 382 2347 471 2406; x_wconf 90' lang='lat' dir='ltr'>oum</span> <span class='ocrx_word' id='word_1_24' title='bbox 497 2347 566 2432; x_wconf 91' lang='lat' dir='ltr'>per</span> <span class='ocrx_word' id='word_1_25' title='bbox 584 2321 779 2405; x_wconf 86' lang='lat' dir='ltr'>dexteram</span> <span class='ocrx_word' id='word_1_26' title='bbox 798 2319 882 2430; x_wconf 86' lang='lat' dir='ltr'>ejus</span> <span class='ocrx_word' id='word_1_27' title='bbox 901 2347 925 2404; x_wconf 94' lang='lat' dir='ltr'>a</span> <span class='ocrx_word' id='word_1_28' title='bbox 946 2329 1048 2405; x_wconf 86' lang='lat' dir='ltr'>terra</span> <span class='ocrx_word' id='word_1_29' title='bbox 1074 2332 1206 2404; x_wconf 87' lang='lat' dir='ltr'>sancte</span> <span class='ocrx_word' id='word_1_30' title='bbox 1234 2320 1381 2432; x_wconf 83' lang='lat' dir='ltr'>expulsi</span> <span class='ocrx_word' id='word_1_31' title='bbox 1408 2320 1550 2406; x_wconf 85' lang='lat' dir='ltr'>fuerint</span> <span class='ocrx_word' id='word_1_32' title='bbox 1576 2321 1791 2430; x_wconf 85' lang='lat' dir='ltr'>Chananei,</span> 
     </span>
     <span class='ocr_line' id='line_1_8' title="bbox 383 2454 1790 2542; baseline -0.001 -2"><span class='ocrx_word' id='word_1_33' title='bbox 383 2456 561 2541; x_wconf 87' lang='lat' dir='ltr'>ecelesiae</span> <span class='ocrx_word' id='word_1_34' title='bbox 578 2455 707 2540; x_wconf 81' lang='lat' dir='ltr'>Sanob‘</span> <span class='ocrx_word' id='word_1_35' title='bbox 728 2454 917 2540; x_wconf 84' lang='lat' dir='ltr'>Samuelis</span> <span class='ocrx_word' id='word_1_36' title='bbox 937 2463 975 2539; x_wconf 90' lang='lat' dir='ltr'>et</span> <span class='ocrx_word' id='word_1_37' title='bbox 992 2455 1121 2540; x_wconf 87' lang='lat' dir='ltr'>Sancti</span> <span class='ocrx_word' id='word_1_38' title='bbox 1137 2455 1317 2542; x_wconf 86' lang='lat' dir='ltr'>Habaouc</span> <span class='ocrx_word' id='word_1_39' title='bbox 1332 2455 1458 2541; x_wconf 80' lang='lat' dir='ltr'>ordini</span> <span class='ocrx_word' id='word_1_40' title='bbox 1476 2480 1547 2542; x_wconf 88' lang='lat' dir='ltr'>suo</span> <span class='ocrx_word' id='word_1_41' title='bbox 1568 2455 1790 2542; x_wconf 86' lang='lat' dir='ltr'>reddantur.</span> 
     </span>
    </p>
   </div>
   <div class='ocr_carea' id='block_1_7' title="bbox 464 2669 1325 2754">
    <p class='ocr_par' dir='ltr' id='par_1_7' title="bbox 464 2669 1325 2754">
     <span class='ocr_line' id='line_1_9' title="bbox 464 2669 1325 2754; baseline -0.001 -19"><span class='ocrx_word' id='word_1_42' title='bbox 464 2671 564 2748; x_wconf 78' lang='lat' dir='ltr'>(nmo</span> <span class='ocrx_word' id='word_1_43' title='bbox 579 2671 689 2752; x_wconf 79' lang='lat' dir='ltr'>lineo,</span> <span class='ocrx_word' id='word_1_44' title='bbox 702 2669 790 2736; x_wconf 72' lang='lat' dir='ltr'>sm.</span> <span class='ocrx_word' id='word_1_45' title='bbox 801 2670 940 2754; x_wconf 66' lang='lat' dir='ltr'>mdprdt</span> <span class='ocrx_word' id='word_1_46' title='bbox 955 2671 1101 2749; x_wconf 68' lang='lat' dir='ltr'>Menum,</span> <span class='ocrx_word' id='word_1_47' title='bbox 1114 2677 1137 2746; x_wconf 81' lang='lat' dir='ltr'>t,</span> <span class='ocrx_word' id='word_1_48' title='bbox 1151 2673 1178 2748; x_wconf 89' lang='lat' dir='ltr'>l,</span> <span class='ocrx_word' id='word_1_49' title='bbox 1192 2688 1224 2752; x_wconf 86' lang='lat' dir='ltr'>p.</span> <span class='ocrx_word' id='word_1_50' title='bbox 1242 2676 1325 2748; x_wconf 77' lang='lat'><strong>11⁷.)</strong></span> 
     </span>
    </p>
   </div>
   <div class='ocr_carea' id='block_1_8' title="bbox 386 2857 1807 4824">
    <p class='ocr_par' dir='ltr' id='par_1_8' title="bbox 386 2857 1807 4824">
     <span class='ocr_line' id='line_1_10' title="bbox 434 2857 1796 2960; baseline -0.001 -26"><span class='ocrx_word' id='word_1_51' title='bbox 434 2857 618 2956; x_wconf 76' lang='lat' dir='ltr'>Magnifico</span> <span class='ocrx_word' id='word_1_52' title='bbox 635 2868 670 2932; x_wconf 89' lang='lat' dir='ltr'>et</span> <span class='ocrx_word' id='word_1_53' title='bbox 689 2858 907 2934; x_wconf 79' lang='lat' dir='ltr'>serenissimo</span> <span class='ocrx_word' id='word_1_54' title='bbox 928 2857 1070 2935; x_wconf 92' lang='lat' dir='ltr'>domino</span> <span class='ocrx_word' id='word_1_55' title='bbox 1085 2859 1124 2932; x_wconf 81' lang='lat' dir='ltr'>F.</span> <span class='ocrx_word' id='word_1_56' title='bbox 1143 2859 1205 2934; x_wconf 86' lang='lat' dir='ltr'>Dei</span> <span class='ocrx_word' id='word_1_57' title='bbox 1221 2859 1333 2956; x_wconf 79' lang='lat' dir='ltr'>gratia</span> <span class='ocrx_word' id='word_1_58' title='bbox 1356 2857 1620 2960; x_wconf 75' lang='lat' dir='ltr'>nomanopum]</span> <span class='ocrx_word' id='word_1_59' title='bbox 1638 2859 1796 2957; x_wconf 86' lang='lat' dir='ltr'>impera-</span> 
     </span>
     <span class='ocr_line' id='line_1_11' title="bbox 386 2981 1797 3082; baseline 0 -24"><span class='ocrx_word' id='word_1_60' title='bbox 386 2986 504 3071; x_wconf 86' lang='lat' dir='ltr'>ratori,</span> <span class='ocrx_word' id='word_1_61' title='bbox 523 3005 659 3082; x_wconf 84' lang='lat' dir='ltr'>semper</span> <span class='ocrx_word' id='word_1_62' title='bbox 673 2992 836 3080; x_wconf 77' lang='lat' dir='ltr'>angusto,</span> <span class='ocrx_word' id='word_1_63' title='bbox 855 2983 928 3080; x_wconf 74' lang='lat' dir='ltr'>regi</span> <span class='ocrx_word' id='word_1_64' title='bbox 953 2983 1141 3058; x_wconf 83' lang='lat' dir='ltr'>Jerusalem</span> <span class='ocrx_word' id='word_1_65' title='bbox 1160 2991 1197 3058; x_wconf 92' lang='lat' dir='ltr'>et</span> <span class='ocrx_word' id='word_1_66' title='bbox 1217 2983 1333 3060; x_wconf 87' lang='lat' dir='ltr'>Sicilie</span> <span class='ocrx_word' id='word_1_67' title='bbox 1356 2983 1500 3072; x_wconf 81' lang='lat' dir='ltr'>illustri,</span> <span class='ocrx_word' id='word_1_68' title='bbox 1521 2981 1707 3060; x_wconf 81' lang='lat' dir='ltr'>Gervasius</span> <span class='ocrx_word' id='word_1_69' title='bbox 1734 2984 1797 3058; x_wconf 86' lang='lat' dir='ltr'>Dei</span> 
     </span>
     <span class='ocr_line' id='line_1_12' title="bbox 387 3101 1798 3207; baseline -0.002 -22"><span class='ocrx_word' id='word_1_70' title='bbox 387 3110 553 3207; x_wconf 84' lang='lat' dir='ltr'>patientia</span> <span class='ocrx_word' id='word_1_71' title='bbox 568 3108 810 3184; x_wconf 86' lang='lat' dir='ltr'>Premonstrati</span> <span class='ocrx_word' id='word_1_72' title='bbox 832 3101 949 3184; x_wconf 82' lang='lat' dir='ltr'>dictus</span> <span class='ocrx_word' id='word_1_73' title='bbox 963 3105 1072 3182; x_wconf 84' lang='lat' dir='ltr'>abbas</span> <span class='ocrx_word' id='word_1_74' title='bbox 1093 3109 1240 3182; x_wconf 85' lang='lat' dir='ltr'>sulutem</span> <span class='ocrx_word' id='word_1_75' title='bbox 1255 3117 1292 3182; x_wconf 90' lang='lat' dir='ltr'>et</span> <span class='ocrx_word' id='word_1_76' title='bbox 1309 3129 1390 3183; x_wconf 89' lang='lat' dir='ltr'>cum</span> <span class='ocrx_word' id='word_1_77' title='bbox 1412 3108 1626 3183; x_wconf 79' lang='lat' dir='ltr'>emtionibus</span> <span class='ocrx_word' id='word_1_78' title='bbox 1642 3116 1798 3206; x_wconf 84' lang='lat' dir='ltr'>paratam</span> 
     </span>
     <span class='ocr_line' id='line_1_13' title="bbox 388 3231 1798 3328; baseline -0.001 -20"><span class='ocrx_word' id='word_1_79' title='bbox 388 3235 434 3310; x_wconf 87' lang='lat' dir='ltr'>ad</span> <span class='ocrx_word' id='word_1_80' title='bbox 456 3233 624 3328; x_wconf 86' lang='lat' dir='ltr'>obsequia</span> <span class='ocrx_word' id='word_1_81' title='bbox 644 3231 869 3307; x_wconf 85' lang='lat' dir='ltr'>voluntatem.</span> <span class='ocrx_word' id='word_1_82' title='bbox 890 3231 1129 3328; x_wconf 75' lang='lat' dir='ltr'>congratulari</span> <span class='ocrx_word' id='word_1_83' title='bbox 1153 3237 1190 3306; x_wconf 89' lang='lat' dir='ltr'>et</span> <span class='ocrx_word' id='word_1_84' title='bbox 1211 3231 1366 3328; x_wconf 81' lang='lat' dir='ltr'>gaudere</span> <span class='ocrx_word' id='word_1_85' title='bbox 1387 3231 1491 3308; x_wconf 89' lang='lat' dir='ltr'>debet</span> <span class='ocrx_word' id='word_1_86' title='bbox 1512 3233 1635 3306; x_wconf 91' lang='lat' dir='ltr'>merito</span> <span class='ocrx_word' id='word_1_87' title='bbox 1658 3232 1798 3307; x_wconf 87' lang='lat' dir='ltr'>devotio</span> 
     </span>
     <span class='ocr_line' id='line_1_14' title="bbox 388 3355 1799 3455; baseline 0 -25"><span class='ocrx_word' id='word_1_88' title='bbox 388 3358 509 3453; x_wconf 89' lang='lat' dir='ltr'>populi</span> <span class='ocrx_word' id='word_1_89' title='bbox 525 3355 701 3431; x_wconf 82' lang='lat' dir='ltr'>christiani</span> <span class='ocrx_word' id='word_1_90' title='bbox 717 3378 782 3454; x_wconf 86' lang='lat' dir='ltr'>pru</span> <span class='ocrx_word' id='word_1_91' title='bbox 794 3377 838 3431; x_wconf 89' lang='lat' dir='ltr'>eo</span> <span class='ocrx_word' id='word_1_92' title='bbox 855 3357 952 3453; x_wconf 89' lang='lat' dir='ltr'>qnod</span> <span class='ocrx_word' id='word_1_93' title='bbox 970 3357 1007 3429; x_wconf 92' lang='lat' dir='ltr'>in</span> <span class='ocrx_word' id='word_1_94' title='bbox 1021 3357 1160 3454; x_wconf 80' lang='lat' dir='ltr'>negotio</span> <span class='ocrx_word' id='word_1_95' title='bbox 1175 3357 1461 3455; x_wconf 80' lang='lat' dir='ltr'>peregrinationis</span> <span class='ocrx_word' id='word_1_96' title='bbox 1477 3355 1704 3432; x_wconf 85' lang='lat' dir='ltr'>transmarine</span> <span class='ocrx_word' id='word_1_97' title='bbox 1718 3377 1799 3452; x_wconf 87' lang='lat' dir='ltr'>pru-</span> 
     </span>
     <span class='ocr_line' id='line_1_15' title="bbox 389 3478 1799 3579; baseline -0.001 -25"><span class='ocrx_word' id='word_1_98' title='bbox 389 3483 480 3556; x_wconf 88' lang='lat' dir='ltr'>vidit</span> <span class='ocrx_word' id='word_1_99' title='bbox 495 3483 678 3576; x_wconf 85' lang='lat' dir='ltr'>Dominus,</span> <span class='ocrx_word' id='word_1_100' title='bbox 697 3483 792 3556; x_wconf 89' lang='lat' dir='ltr'>Deus</span> <span class='ocrx_word' id='word_1_101' title='bbox 808 3481 995 3579; x_wconf 86' lang='lat' dir='ltr'>spirituum</span> <span class='ocrx_word' id='word_1_102' title='bbox 1010 3478 1126 3556; x_wconf 90' lang='lat' dir='ltr'>omnis</span> <span class='ocrx_word' id='word_1_103' title='bbox 1143 3481 1277 3571; x_wconf 86' lang='lat' dir='ltr'>cernis,</span> <span class='ocrx_word' id='word_1_104' title='bbox 1294 3481 1470 3554; x_wconf 90' lang='lat' dir='ltr'>bominem</span> <span class='ocrx_word' id='word_1_105' title='bbox 1491 3482 1554 3578; x_wconf 82' lang='lat' dir='ltr'>qui</span> <span class='ocrx_word' id='word_1_106' title='bbox 1575 3489 1655 3554; x_wconf 84' lang='lat' dir='ltr'>ante</span> <span class='ocrx_word' id='word_1_107' title='bbox 1673 3481 1799 3554; x_wconf 87' lang='lat' dir='ltr'>multi·</span> 
     </span>
     <span class='ocr_line' id='line_1_16' title="bbox 391 3604 1801 3704; baseline 0.001 -25"><span class='ocrx_word' id='word_1_108' title='bbox 391 3605 548 3679; x_wconf 87' lang='lat' dir='ltr'>tudinem</span> <span class='ocrx_word' id='word_1_109' title='bbox 571 3606 782 3702; x_wconf 79' lang='lat' dir='ltr'>signatorum</span> <span class='ocrx_word' id='word_1_110' title='bbox 802 3606 912 3704; x_wconf 87' lang='lat' dir='ltr'>possit</span> <span class='ocrx_word' id='word_1_111' title='bbox 928 3606 1056 3680; x_wconf 89' lang='lat' dir='ltr'>intrare</span> <span class='ocrx_word' id='word_1_112' title='bbox 1071 3615 1107 3680; x_wconf 90' lang='lat' dir='ltr'>et</span> <span class='ocrx_word' id='word_1_113' title='bbox 1123 3604 1241 3698; x_wconf 87' lang='lat' dir='ltr'>exire,</span> <span class='ocrx_word' id='word_1_114' title='bbox 1266 3605 1397 3682; x_wconf 86' lang='lat' dir='ltr'>scilieet</span> <span class='ocrx_word' id='word_1_115' title='bbox 1416 3626 1497 3698; x_wconf 87' lang='lat' dir='ltr'>vcs;</span> <span class='ocrx_word' id='word_1_116' title='bbox 1523 3606 1585 3702; x_wconf 89' lang='lat' dir='ltr'>qui</span> <span class='ocrx_word' id='word_1_117' title='bbox 1607 3604 1719 3702; x_wconf 89' lang='lat' dir='ltr'>(quia)</span> <span class='ocrx_word' id='word_1_118' title='bbox 1741 3627 1801 3680; x_wconf 89' lang='lat' dir='ltr'>se-</span> 
     </span>
     <span class='ocr_line' id='line_1_17' title="bbox 392 3729 1801 3861; baseline 0.001 -58"><span class='ocrx_word' id='word_1_119' title='bbox 392 3729 547 3861; x_wconf 67' lang='lat' dir='ltr'>pundum</span> <span class='ocrx_word' id='word_1_120' title='bbox 575 3729 671 3825; x_wconf 91' lang='lat' dir='ltr'>quod</span> <span class='ocrx_word' id='word_1_121' title='bbox 696 3737 853 3827; x_wconf 86' lang='lat' dir='ltr'>speratur</span> <span class='ocrx_word' id='word_1_122' title='bbox 879 3729 925 3804; x_wconf 91' lang='lat' dir='ltr'>de</span> <span class='ocrx_word' id='word_1_123' title='bbox 950 3731 1062 3826; x_wconf 77' lang='lat' dir='ltr'>gratia</span> <span class='ocrx_word' id='word_1_124' title='bbox 1084 3729 1272 3805; x_wconf 87' lang='lat' dir='ltr'>conditoris</span> <span class='ocrx_word' id='word_1_125' title='bbox 1293 3731 1361 3804; x_wconf 91' lang='lat' dir='ltr'>snb</span> <span class='ocrx_word' id='word_1_126' title='bbox 1382 3731 1483 3824; x_wconf 88' lang='lat' dir='ltr'>cujus</span> <span class='ocrx_word' id='word_1_127' title='bbox 1505 3731 1658 3827; x_wconf 84' lang='lat' dir='ltr'>potentia</span> <span class='ocrx_word' id='word_1_128' title='bbox 1681 3751 1801 3806; x_wconf 91' lang='lat' dir='ltr'>omnes</span> 
     </span>
     <span class='ocr_line' id='line_1_18' title="bbox 392 3853 1802 3952; baseline -0.001 -22"><span class='ocrx_word' id='word_1_129' title='bbox 392 3855 547 3930; x_wconf 78' lang='lat' dir='ltr'>nationes</span> <span class='ocrx_word' id='word_1_130' title='bbox 563 3853 738 3944; x_wconf 84' lang='lat' dir='ltr'>existunt,</span> <span class='ocrx_word' id='word_1_131' title='bbox 756 3853 874 3951; x_wconf 78' lang='lat' dir='ltr'>posuit</span> <span class='ocrx_word' id='word_1_132' title='bbox 887 3875 953 3928; x_wconf 82' lang='lat' dir='ltr'>vos</span> <span class='ocrx_word' id='word_1_133' title='bbox 967 3853 1068 3950; x_wconf 81' lang='lat' dir='ltr'>quasi</span> <span class='ocrx_word' id='word_1_134' title='bbox 1088 3855 1236 3930; x_wconf 84' lang='lat' dir='ltr'>alterum</span> <span class='ocrx_word' id='word_1_135' title='bbox 1257 3855 1363 3928; x_wconf 87' lang='lat' dir='ltr'>losne</span> <span class='ocrx_word' id='word_1_136' title='bbox 1386 3861 1426 3928; x_wconf 84' lang='lat' dir='ltr'>ut</span> <span class='ocrx_word' id='word_1_137' title='bbox 1442 3855 1478 3927; x_wconf 94' lang='lat' dir='ltr'>in</span> <span class='ocrx_word' id='word_1_138' title='bbox 1501 3863 1627 3930; x_wconf 85' lang='lat' dir='ltr'>terram</span> <span class='ocrx_word' id='word_1_139' title='bbox 1651 3855 1802 3952; x_wconf 89' lang='lat' dir='ltr'>pmmis-</span> 
     </span>
     <span class='ocr_line' id='line_1_19' title="bbox 393 3976 1802 4075; baseline 0.001 -23"><span class='ocrx_word' id='word_1_140' title='bbox 393 3978 499 4053; x_wconf 89' lang='lat' dir='ltr'>sicnis</span> <span class='ocrx_word' id='word_1_141' title='bbox 519 3976 744 4054; x_wconf 83' lang='lat' dir='ltr'>introducatis</span> <span class='ocrx_word' id='word_1_142' title='bbox 758 3979 927 4075; x_wconf 91' lang='lat' dir='ltr'>populum</span> <span class='ocrx_word' id='word_1_143' title='bbox 950 3977 1175 4052; x_wconf 84' lang='lat' dir='ltr'>christianum</span> <span class='ocrx_word' id='word_1_144' title='bbox 1193 3979 1338 4054; x_wconf 83' lang='lat' dir='ltr'>dextera</span> <span class='ocrx_word' id='word_1_145' title='bbox 1355 3978 1494 4052; x_wconf 86' lang='lat' dir='ltr'>Domini</span> <span class='ocrx_word' id='word_1_146' title='bbox 1516 3978 1685 4072; x_wconf 83' lang='lat' dir='ltr'>adjutrice</span> <span class='ocrx_word' id='word_1_147' title='bbox 1701 3989 1737 4054; x_wconf 89' lang='lat' dir='ltr'>et</span> <span class='ocrx_word' id='word_1_148' title='bbox 1756 3979 1802 4054; x_wconf 85' lang='lat' dir='ltr'>ab</span> 
     </span>
     <span class='ocr_line' id='line_1_20' title="bbox 393 4101 1800 4202; baseline 0.001 -25"><span class='ocrx_word' id='word_1_149' title='bbox 393 4102 517 4178; x_wconf 87' lang='lat' dir='ltr'>eadem</span> <span class='ocrx_word' id='word_1_150' title='bbox 532 4102 715 4198; x_wconf 82' lang='lat' dir='ltr'>spurcitias</span> <span class='ocrx_word' id='word_1_151' title='bbox 726 4101 907 4198; x_wconf 75' lang='lat' dir='ltr'>gentilium</span> <span class='ocrx_word' id='word_1_152' title='bbox 917 4103 1109 4202; x_wconf 77' lang='lat' dir='ltr'>extirpetis,</span> <span class='ocrx_word' id='word_1_153' title='bbox 1122 4111 1163 4178; x_wconf 88' lang='lat' dir='ltr'>nt</span> <span class='ocrx_word' id='word_1_154' title='bbox 1174 4103 1325 4200; x_wconf 76' lang='lat' dir='ltr'>effugata</span> <span class='ocrx_word' id='word_1_155' title='bbox 1336 4101 1529 4178; x_wconf 86' lang='lat' dir='ltr'>idololatris</span> <span class='ocrx_word' id='word_1_156' title='bbox 1545 4102 1688 4178; x_wconf 82' lang='lat' dir='ltr'>feditate</span> <span class='ocrx_word' id='word_1_157' title='bbox 1699 4103 1800 4178; x_wconf 90' lang='lat' dir='ltr'>inse-</span> 
     </span>
     <span class='ocr_line' id='line_1_21' title="bbox 394 4226 1800 4321; baseline 0.001 -22"><span class='ocrx_word' id='word_1_158' title='bbox 394 4235 489 4300; x_wconf 89' lang='lat' dir='ltr'>ratur</span> <span class='ocrx_word' id='word_1_159' title='bbox 504 4226 635 4300; x_wconf 89' lang='lat' dir='ltr'>ibidem</span> <span class='ocrx_word' id='word_1_160' title='bbox 647 4237 683 4302; x_wconf 86' lang='lat' dir='ltr'>et</span> <span class='ocrx_word' id='word_1_161' title='bbox 699 4227 849 4300; x_wconf 85' lang='lat' dir='ltr'>servitus</span> <span class='ocrx_word' id='word_1_162' title='bbox 868 4236 905 4302; x_wconf 91' lang='lat' dir='ltr'>et</span> <span class='ocrx_word' id='word_1_163' title='bbox 920 4227 1043 4321; x_wconf 77' lang='lat' dir='ltr'>religio</span> <span class='ocrx_word' id='word_1_164' title='bbox 1062 4229 1145 4302; x_wconf 89' lang='lat' dir='ltr'>lesu</span> <span class='ocrx_word' id='word_1_165' title='bbox 1158 4227 1294 4320; x_wconf 84' lang='lat' dir='ltr'>Christi,</span> <span class='ocrx_word' id='word_1_166' title='bbox 1313 4236 1349 4302; x_wconf 90' lang='lat' dir='ltr'>et</span> <span class='ocrx_word' id='word_1_167' title='bbox 1361 4235 1471 4302; x_wconf 85' lang='lat' dir='ltr'>mater</span> <span class='ocrx_word' id='word_1_168' title='bbox 1483 4235 1599 4302; x_wconf 87' lang='lat' dir='ltr'>nostra</span> <span class='ocrx_word' id='word_1_169' title='bbox 1611 4227 1800 4302; x_wconf 86' lang='lat' dir='ltr'>Jerusalem</span> 
     </span>
     <span class='ocr_line' id='line_1_22' title="bbox 394 4349 1804 4448; baseline 0 -24"><span class='ocrx_word' id='word_1_170' title='bbox 394 4373 465 4447; x_wconf 91' lang='lat' dir='ltr'>que</span> <span class='ocrx_word' id='word_1_171' title='bbox 482 4351 633 4448; x_wconf 86' lang='lat' dir='ltr'>peccatis</span> <span class='ocrx_word' id='word_1_172' title='bbox 647 4351 869 4447; x_wconf 76' lang='lat' dir='ltr'>exigentibus</span> <span class='ocrx_word' id='word_1_173' title='bbox 881 4351 948 4424; x_wconf 89' lang='lat' dir='ltr'>sub</span> <span class='ocrx_word' id='word_1_174' title='bbox 961 4352 1049 4447; x_wconf 78' lang='lat' dir='ltr'>jugo</span> <span class='ocrx_word' id='word_1_175' title='bbox 1064 4349 1257 4426; x_wconf 83' lang='lat' dir='ltr'>infidelium</span> <span class='ocrx_word' id='word_1_176' title='bbox 1269 4350 1458 4448; x_wconf 87' lang='lat' dir='ltr'>permansit</span> <span class='ocrx_word' id='word_1_177' title='bbox 1470 4351 1594 4426; x_wconf 83' lang='lat' dir='ltr'>ancilla</span> <span class='ocrx_word' id='word_1_178' title='bbox 1604 4351 1804 4425; x_wconf 85' lang='lat' dir='ltr'>restituatur</span> 
     </span>
     <span class='ocr_line' id='line_1_23' title="bbox 396 4475 1805 4572; baseline 0.001 -24"><span class='ocrx_word' id='word_1_179' title='bbox 396 4475 540 4570; x_wconf 89' lang='lat' dir='ltr'>pristine</span> <span class='ocrx_word' id='word_1_180' title='bbox 560 4476 723 4550; x_wconf 85' lang='lat' dir='ltr'>libertati.</span> <span class='ocrx_word' id='word_1_181' title='bbox 746 4477 837 4550; x_wconf 87' lang='lat' dir='ltr'>Sane</span> <span class='ocrx_word' id='word_1_182' title='bbox 860 4497 941 4550; x_wconf 91' lang='lat' dir='ltr'>cum</span> <span class='ocrx_word' id='word_1_183' title='bbox 961 4476 1051 4550; x_wconf 85' lang='lat' dir='ltr'>inter</span> <span class='ocrx_word' id='word_1_184' title='bbox 1067 4475 1153 4550; x_wconf 87' lang='lat' dir='ltr'>alias</span> <span class='ocrx_word' id='word_1_185' title='bbox 1174 4475 1358 4570; x_wconf 76' lang='lat' dir='ltr'>rellgiones</span> <span class='ocrx_word' id='word_1_186' title='bbox 1375 4497 1465 4572; x_wconf 83' lang='lat' dir='ltr'>quas</span> <span class='ocrx_word' id='word_1_187' title='bbox 1484 4475 1520 4548; x_wconf 94' lang='lat' dir='ltr'>in</span> <span class='ocrx_word' id='word_1_188' title='bbox 1537 4475 1621 4550; x_wconf 90' lang='lat' dir='ltr'>orbe</span> <span class='ocrx_word' id='word_1_189' title='bbox 1638 4485 1805 4550; x_wconf 85' lang='lat' dir='ltr'>terrarum</span> 
     </span>
     <span class='ocr_line' id='line_1_24' title="bbox 397 4599 1807 4698; baseline 0.001 -25"><span class='ocrx_word' id='word_1_190' title='bbox 397 4622 556 4674; x_wconf 90' lang='lat' dir='ltr'>summus</span> <span class='ocrx_word' id='word_1_191' title='bbox 569 4601 718 4696; x_wconf 75' lang='lat' dir='ltr'>agricola</span> <span class='ocrx_word' id='word_1_192' title='bbox 736 4601 824 4676; x_wconf 90' lang='lat' dir='ltr'>mira</span> <span class='ocrx_word' id='word_1_193' title='bbox 844 4601 1011 4676; x_wconf 84' lang='lat' dir='ltr'>uarietate</span> <span class='ocrx_word' id='word_1_194' title='bbox 1030 4600 1218 4698; x_wconf 80' lang='lat' dir='ltr'>plantavit,</span> <span class='ocrx_word' id='word_1_195' title='bbox 1236 4599 1456 4698; x_wconf 80' lang='lat' dir='ltr'>professionis</span> <span class='ocrx_word' id='word_1_196' title='bbox 1475 4608 1591 4674; x_wconf 83' lang='lat' dir='ltr'>nostre</span> <span class='ocrx_word' id='word_1_197' title='bbox 1607 4621 1726 4676; x_wconf 86' lang='lat' dir='ltr'>semen</span> <span class='ocrx_word' id='word_1_198' title='bbox 1743 4601 1807 4674; x_wconf 85' lang='lat' dir='ltr'>fu-</span> 
     </span>
     <span class='ocr_line' id='line_1_25' title="bbox 398 4723 1805 4824; baseline 0.001 -24"><span class='ocrx_word' id='word_1_199' title='bbox 398 4725 489 4802; x_wconf 88' lang='lat' dir='ltr'>derit</span> <span class='ocrx_word' id='word_1_200' title='bbox 512 4726 549 4800; x_wconf 91' lang='lat' dir='ltr'>in</span> <span class='ocrx_word' id='word_1_201' title='bbox 567 4735 656 4801; x_wconf 84' lang='lat' dir='ltr'>terra</span> <span class='ocrx_word' id='word_1_202' title='bbox 678 4747 784 4822; x_wconf 84' lang='lat' dir='ltr'>qnam</span> <span class='ocrx_word' id='word_1_203' title='bbox 806 4725 948 4824; x_wconf 82' lang='lat' dir='ltr'>proprio</span> <span class='ocrx_word' id='word_1_204' title='bbox 968 4725 1140 4822; x_wconf 75' lang='lat' dir='ltr'>sanguine</span> <span class='ocrx_word' id='word_1_205' title='bbox 1155 4724 1391 4817; x_wconf 83' lang='lat' dir='ltr'>consecravit,</span> <span class='ocrx_word' id='word_1_206' title='bbox 1412 4724 1450 4800; x_wconf 91' lang='lat' dir='ltr'>in</span> <span class='ocrx_word' id='word_1_207' title='bbox 1472 4723 1611 4800; x_wconf 85' lang='lat' dir='ltr'>duabus</span> <span class='ocrx_word' id='word_1_208' title='bbox 1631 4724 1805 4818; x_wconf 84' lang='lat' dir='ltr'>ecclesiis,</span> 
     </span>
    </p>
   </div>
   <div class='ocr_carea' id='block_1_9' title="bbox 0 0 2394 6100">
    <p class='ocr_par' dir='ltr' id='par_1_9' title="bbox 0 0 2394 6100">
     <span class='ocr_line' id='line_1_26' title="bbox 0 0 2394 6100; baseline 0 0"><span class='ocrx_word' id='word_1_209' title='bbox 0 0 2394 6100; x_wconf 95' lang='lat' dir='ltr'> </span> 
     </span>
    </p>
   </div>
  </div>
 </body>
</html>
