4602 6084
342 691 440 750 lanian
458 685 499 770 1.]
793 683 986 745 HISTORIA
1012 683 1301 746 bretonarmrt.
1711 688 1749 748 75

342 823 447 896 etiam
460 840 549 914 qnos
562 817 687 890 domus
699 817 884 912 Hospitalis
896 827 930 889 et
942 817 1073 913 Templi
1088 816 1262 888 habebant
1276 817 1311 887 in
1325 816 1440 889 Sicilia
1453 827 1488 891 et
1501 818 1626 913 Apulia
1636 820 1749 914 colligi

343 946 473 1018 iaciens
487 965 547 1016 eos
564 940 718 1016 reddidit
730 941 921 1033 Saracenis,
943 944 1038 1014 nulla
1054 941 1183 1014 exinde
1201 943 1515 1036 recompensatione
1530 945 1618 1017 iacta
1633 945 1752 1017 domi-

342 1071 410 1142 hus
418 1067 638 1164 supradictis.
649 1067 691 1138 Et
703 1066 753 1138 sic
761 1066 870 1138 servis
879 1066 1002 1138 Christi
1010 1087 1128 1138 servos
1139 1067 1266 1160 prelcrt
1273 1065 1494 1158 Machameti,
1509 1069 1752 1162 ntexpremis-

343 1193 390 1266 sis
416 1191 607 1264 ostenditur
630 1189 819 1262 evidenter.
841 1188 897 1261 Ad
919 1189 983 1261 hec
1000 1209 1063 1285 pro
1081 1195 1173 1260 certo
1193 1187 1281 1260 scias
1304 1187 1399 1281 qaod
1422 1189 1501 1261 licet
1518 1189 1632 1262 dictus
1644 1191 1751 1287 impe

344 1327 435 1390 rator
456 1339 536 1387 cnm
555 1313 675 1410 paucis
690 1313 858 1384 militibus
869 1335 964 1384 mare
978 1312 1105 1385 dicitur
1125 1312 1270 1383 intrasse
1282 1311 1352 1406 (l),
1376 1321 1493 1385 contra
1508 1313 1749 1407 patrimonium

343 1439 494 1512 Ecclesia
512 1461 676 1532 magnum
694 1437 885 1510 exercitum
902 1437 1170 1509 Christianorum
1185 1445 1220 1508 et
1235 1437 1480 1508 Saracenorum
1495 1437 1750 1511 multitudinem

343 1563 532 1638 destinavit
551 1571 590 1634 ut
616 1562 662 1634 de
689 1562 990 1654 [in]observatione
1015 1559 1096 1633 lidei
1133 1571 1167 1632 et
1192 1561 1403 1654 malignitate
1431 1571 1562 1634 constet
1591 1561 1751 1634 omnibus

342 1707 412 1780 que
433 1686 654 1758 manifestum
676 1685 840 1758 exhibeat
863 1693 1104 1777 argumentum
1130 1683 1192 1778 (S).
1216 1682 1315 1755 Unde
1334 1683 1476 1776 inquam
1503 1683 1635 1758 firmam
1654 1707 1750 1781 spem

345 1807 579 1904 fiduciamque
601 1808 816 1881 hahemusin
832 1807 1160 1902 illoquiEcclesiam
1174 1827 1273 1878 suam
1287 1827 1389 1900 supra
1408 1805 1489 1878 fidei
1503 1817 1633 1900 petram
1646 1807 1751 1879 stabi·

345 1932 444 2032 licus,
457 1942 776 2027 quantumcumque
783 1931 913 2002 irruant
925 1931 1018 2002 venti
1029 1941 1063 2002 ct
1074 1931 1245 2002 inundent
1260 1930 1414 2020 llumina,
1430 1930 1539 2024 ipsam
1555 1939 1749 2002 tamennon

345 2055 515 2151 permittet
536 2055 643 2128 everti
665 2057 720 2126 vel
740 2054 948 2147 naufragari.
970 2055 1059 2125 Dum
1075 2054 1192 2147 itaque
1205 2053 1457 2126 videmuseum
1476 2053 1511 2123 in
1526 2053 1751 2127 subversione

346 2175 428 2250 lidei
442 2177 627 2250 christiane
640 2177 856 2271 itanequiler
868 2177 1139 2266 machinantem,
1162 2177 1208 2247 ita
1224 2175 1329 2271 impie
1348 2177 1553 2265 sevientem,
1572 2197 1752 2272 possemus

343 2310 539 2374 extremum
555 2301 747 2396 periculum
770 2300 965 2374 formidare.
992 2299 1061 2372 Sed
1077 2309 1395 2393 quantumcumque
1421 2300 1517 2394 impii
1533 2303 1752 2395 prolongetur

346 2423 521 2517 iniquitas,
532 2446 709 2518 nunquam
720 2433 833 2498 tamen
840 2425 946 2514 insaa
956 2423 1079 2519 poterit
1088 2425 1256 2518 pravitate
1265 2426 1453 2519 prevalere,
1466 2425 1528 2496 sed
1539 2425 1574 2496 in
1586 2447 1627 2498 ea
1638 2426 1752 2520 potius

346 2555 539 2620 evanescet.
563 2548 648 2620 Cum
674 2549 779 2642 igitur
802 2571 847 2621 ex
871 2548 984 2620 officio
1008 2549 1087 2620 licet
1103 2547 1258 2640 indignis
1279 2549 1379 2620 nobis
1396 2549 1549 2640 injuncto
1570 2550 1753 2643 providere

347 2671 505 2763 cogimur
518 2691 562 2743 ne
581 2671 734 2742 minister
754 2672 957 2744 Machameti
975 2671 1011 2743 in
1030 2670 1154 2742 Christi
1170 2671 1345 2744 ministros
1369 2671 1501 2742 diutius
1524 2673 1638 2744 valeat
1657 2673 1753 2744 dese·

344 2794 432 2885 vire,
448 2794 511 2867 sed
524 2794 661 2868 seviens
674 2795 789 2890 potius
803 2795 1034 2866 confundatur
1047 2805 1081 2866 et
1094 2794 1201 2888 gloria
1217 2795 1393 2867 christiani
1406 2795 1555 2866 nominis
1566 2797 1748 2886 exaltetur,

344 2917 518 2990 dilectioni
543 2927 601 2990 tue
618 2941 680 3014 per
691 2919 877 3014 apostolica
893 2919 1019 3014 scripta
1041 2919 1261 3013 precipiendo
1278 2919 1483 2992 mandamus
1500 2929 1671 3013 quatenus
1691 2941 1753 3014 per

344 3051 467 3114 terram
486 3043 666 3136 legationis
689 3051 747 3114 tue
773 3041 837 3114 hec
858 3043 1043 3115 solenniter
1067 3043 1251 3138 predicans
1275 3043 1398 3114 Christi
1424 3041 1601 3133 fidelibus,
1630 3054 1669 3114 ut
1690 3065 1751 3139 pro

344 3175 434 3236 statu
453 3165 534 3238 fidei
553 3175 588 3237 et
605 3165 780 3258 religionis
800 3166 1018 3252 observantia
1033 3179 1123 3240 stent
1142 3189 1189 3240 ex
1202 3167 1317 3238 animo
1331 3177 1494 3260 tanquam
1508 3177 1751 3260 prosequentes

344 3289 471 3382 singuli
486 3290 663 3384 proprium
678 3290 861 3379 interesse,
891 3291 1100 3364 salutaribus
1119 3292 1277 3382 monitis,
1303 3291 1482 3363 ellectihus
1501 3311 1561 3362 eos
1575 3300 1609 3361 et
1624 3291 1750 3362 exhor·

347 3412 534 3484 tationihus
550 3411 714 3486 inducere
730 3436 798 3486 non
813 3425 1010 3510 postponas.

394 3537 517 3608 [latum
533 3537 662 3608 Perusii
676 3536 740 3632 (3),
759 3539 859 3610 nonis
874 3539 1025 3632 augusti,
1049 3537 1266 3634 pontificatus
1279 3539 1385 3610 nostri
1400 3559 1491 3610 anno
1506 3537 1672 3610 secunde.

382 3815 414 3888 (t)
433 3815 542 3874 Scilicet
555 3833 617 3873 curn
632 3823 741 3874 centum
759 3817 944 3874 tantummodo
958 3817 1088 3874 militibus
1107 3825 1135 3874 et
1156 3818 1251 3891 viginti
1265 3817 1379 3874 navibus
1395 3819 1428 3874 ad
1445 3833 1518 3876 arma
1530 3819 1640 3890 paratis,
1658 3817 1681 3874 si
1695 3819 1752 3874 Jor-

344 3913 424 3980 dana,
436 3913 536 3970 hiarino
548 3913 650 3970 Sanuto
664 3919 692 3968 et
707 3913 827 3969 Dandulo
842 3913 923 3968 tidem
935 3913 1118 3970 adhibeamus.
1129 3913 1241 3970 hlultum
1256 3919 1346 3970 auteur
1362 3913 1514 3969 confidebat
1527 3913 1673 3985 imperator
1688 3911 1753 3968 anri·

343 4008 425 4065 citiaa
436 4007 543 4066 Soldnni
559 4008 701 4082 AEgypti,a
713 4025 776 4081 quo,
787 4015 818 4066 ut
831 4016 922 4066 narrat
935 4010 1009 4066 llice.
1023 4009 1057 4066 de
1069 4009 1097 4066 S.
1113 4009 1217 4080 Germ,
1226 4025 1318 4066 mense
1327 4009 1449 4081 ianuario
1461 4010 1541 4082 hujus
1552 4010 1613 4065 anui
1623 4010 1754 4066 herardus

345 4103 563 4176 archiepiscopus
573 4104 780 4160 Panormitanus
793 4105 902 4160 nuntius
917 4105 950 4161 ad
965 4103 1104 4161 Caesarem
1118 4105 1226 4162 rediens
1240 4105 1410 4178 elephantem
1425 4121 1523 4173 arnum,
1536 4105 1623 4162 mulos
1636 4113 1664 4163 et
1678 4123 1753 4179 prae·

345 4197 414 4256 tiosa
425 4201 556 4273 quaedam
571 4199 622 4257 alia
636 4215 748 4257 munera
760 4201 812 4273 ipsi
829 4201 981 4274 imperatori
993 4201 1125 4258 detulerat
1140 4219 1173 4258 cx
1188 4209 1265 4275 parte
1279 4201 1396 4258 Saldani.
1411 4201 1451 4258 Cl.
1465 4201 1605 4272 Rnruaen,
1621 4201 1694 4260 nint.
1710 4201 1754 4260 des

347 4295 496 4366 croisades,
514 4305 580 4355 tom.
594 4299 629 4356 IV
640 4297 749 4371 passim,
760 4304 788 4354 et
800 4297 953 4370 specialiter
964 4300 1090 4368 Mannrsr,
1105 4316 1149 4372 ap.
1163 4301 1195 4355 D.
1209 4301 1406 4368 Bnurannnan,
1421 4305 1442 4354 t.
1458 4299 1491 4368 ll,
1507 4315 1535 4372 p.
1549 4301 1593 4356 l5.

381 4393 414 4466 (ἲ)
429 4393 558 4472 Extatjn
568 4393 628 4450 coll.
642 4393 734 4462 Paris,
752 4403 783 4448 n⁰
796 4397 839 4465 at,
856 4393 958 4466 papalis
971 4393 1085 4468 epistola
1097 4394 1129 4450 Α.
1143 4395 1289 4450 marchioni
1303 4394 1470 4450 Anconitano
1480 4401 1508 4450 et
1520 4394 1625 4450 Estensi
1638 4395 1750 4468 directa,

345 4487 521 4560 datPerusii,
530 4489 569 4546 lx
580 4489 634 4546 kal.
644 4489 748 4546 octobr.
763 4507 826 4546 ann.
842 4492 865 4547 11
877 4493 917 4564 (ἢ
925 4491 1004 4564 sept.)
1013 4507 1065 4563 qua
1078 4492 1102 4548 ei
1111 4492 1220 4548 mandat
1231 4499 1262 4547 ut
1275 4492 1301 4546 in
1311 4491 1457 4547 biarchiam
1468 4489 1591 4547 celeriter
1602 4499 1753 4549 revertatur

345 4586 373 4641 in
386 4601 466 4657 quarn
485 4607 498 4638 a
513 4587 615 4642 inimici
630 4585 747 4644 Ecclesia
763 4587 872 4643 nuntios
885 4588 1054 4644 destinarunt
1065 4589 1111 4660 qui
1128 4605 1199 4644 nunc
1210 4589 1336 4644 sedentes
1350 4588 1377 4643 in
1391 4587 1497 4644 insidiis
1512 4587 1539 4642 in
1551 4588 1665 4660 occulto,
1680 4605 1752 4646 nuuc

347 4699 361 4730 a
376 4681 481 4754 pubhee
491 4683 674 4740 discurrentes
686 4690 868 4756 quomumque
879 4689 992 4758 passura
1007 4699 1177 4757 corrumpere
1191 4685 1372 4741 moliuntur.»

382 4777 415 4850 (3)
429 4777 481 4852 llp.
498 4779 591 4836 ldatth.
603 4780 698 4851 Paris,
711 4781 760 4837 sed
774 4781 843 4838 male
854 4783 996 4839 Laterani.
1008 4783 1099 4840 Monet
1113 4789 1202 4839 autem
1216 4781 1368 4857 haynaldus
1377 4781 1422 4855 qui
1438 4781 1519 4839 linem
1533 4781 1612 4852 hujus
1623 4783 1752 4858 epistolae
