4602 6084
326 659 423 720 laeter.
441 657 482 737 l.]
651 711 655 728 ,
777 653 973 717 HISTORIA
998 644 1290 712 blvtortnvtce.
1694 650 1734 710 53

327 815 415 866 naus
429 789 628 886 discipline,
645 788 752 862 immo
764 791 927 864 malleum
939 791 1037 862 velut
1050 784 1211 882 stipulam
1226 787 1408 877 reputans,
1426 801 1495 853 non
1512 783 1624 855 solum
1639 785 1734 858 nulla

326 914 530 1010 penitudine
545 933 584 986 se
599 911 767 999 correxit,
786 912 1027 986 verumetiam
1047 906 1214 1002 adjiciens
1232 911 1374 1000 peccata
1391 905 1540 998 peccatis
1557 917 1674 980 contra
1697 929 1735 980 se

326 1038 512 1111 Dominum
526 1035 703 1110 audaciter
713 1035 821 1109 irritat
830 1038 1032 1130 ultraquam
1040 1051 1218 1106 recensere
1232 1049 1295 1100 nos
1309 1026 1442 1118 deceat,
1453 1029 1687 1104 nevideamur
1699 1031 1734 1103 in

327 1162 403 1254 ejus
423 1159 583 1234 convitiis
599 1157 761 1230 delectari
775 1158 836 1252 qui
852 1157 1112 1232 conversionem
1125 1155 1201 1248 ejus
1211 1149 1482 1224 desiderabiliter
1496 1161 1732 1246 expectamus.

327 1283 499 1356 lateralia
514 1303 663 1375 numque
679 1281 794 1354 claves
807 1281 957 1354 Ecclesia
972 1291 1193 1354 contemnens
1206 1275 1335 1370 quibus
1344 1273 1511 1346 Dominus
1523 1275 1624 1350 beato
1638 1279 1736 1352 Petro

203 1505 208 1514 .
327 1415 362 1480 st
372 1405 627 1480 successoribus
638 1405 714 1496 ejus
728 1404 858 1498 ligandi
874 1415 908 1476 et
917 1401 1073 1477 solvendi
1084 1400 1228 1475 contulit
1242 1405 1456 1494 potestatem,
1469 1397 1534 1468 sibi
1551 1397 1633 1472 iacit
1647 1402 1736 1474 cele-

327 1529 420 1602 brari
437 1529 493 1602 vel
513 1528 628 1623 potius
650 1527 858 1622 prophanari
878 1527 997 1602 diviua
1021 1527 1056 1600 in
1081 1524 1257 1598 enormius
1275 1521 1389 1594 uuime
1413 1543 1476 1594 sue
1493 1522 1686 1618 periculum
1703 1535 1737 1597 et

328 1653 584 1726 enervationem
602 1650 707 1723 totius
725 1637 953 1724 ecclesiastice
968 1649 1161 1746 discipline.
1190 1646 1290 1719 Unde
1306 1645 1464 1718 timentes
1477 1667 1522 1718 ne
1538 1647 1641 1742 plagu
1661 1647 1737 1740 ejus

329 1775 424 1848 ficret
438 1775 574 1871 penitus
590 1773 816 1869 desperabilis
836 1774 866 1845 si
882 1775 971 1848 male
986 1774 1259 1869 permitteremus
1276 1767 1404 1842 obduci
1419 1770 1565 1864 neglecti
1583 1771 1736 1844 vulneris

329 1897 534 1988 cicatricem,
544 1905 628 1968 etco
639 1895 831 1968 insanabile
841 1917 912 1990 quo
921 1896 1120 1970 insensibile
1130 1893 1344 1982 redderetur,
1358 1893 1529 1986 malagma
1537 1893 1736 1966 studuimus

328 2041 500 2115 apponere
509 2019 719 2092 sauadvum.
732 2018 870 2093 Utinam
878 2019 1035 2094 studium
1042 2027 1195 2092 nostrum
1205 2025 1360 2111 optatum
1370 2015 1548 2088 bubnisset
1556 2013 1731 2088 ellectum!

329 2139 414 2212 Cum
429 2142 520 2214 eninr
538 2140 596 2237 pie
613 2141 858 2214 recordationis
877 2141 1049 2216 Honorius
1072 2161 1163 2236 papa
1180 2138 1403 2232 predecessor
1427 2147 1541 2212 noster
1565 2161 1626 2234 per
1645 2141 1736 2212 bone

328 2265 491 2338 memorie
512 2265 745 2337 Tusculanum
762 2274 797 2337 et
811 2264 1035 2338 sabinensem
1056 2264 1236 2360 episcopos
1251 2271 1287 2336 et
1302 2263 1465 2336 dilectum
1483 2261 1592 2335 lilium
1609 2265 1736 2358 magis-

329 2393 419 2458 trum
428 2387 469 2460 G.
485 2388 656 2460 notarium
668 2396 821 2460 nostrum
831 2396 866 2459 et
875 2388 1066 2462 liodridum
1080 2387 1243 2460 clericum
1254 2393 1512 2460 camemnosbe
1527 2395 1563 2458 et
1577 2387 1734 2460 abbatem

328 2511 437 2582 sancti
471 2510 608 2584 Martini
635 2509 859 2584 viterbiensis
889 2510 1119 2585 Cisterciensis
1145 2509 1277 2583 ordinis
1306 2508 1467 2600 eumdem
1495 2509 1734 2605 imperatorem

329 2631 475 2706 diversis
489 2633 713 2730 temporibus,
728 2655 834 2729 super
848 2635 994 2708 diversis
1008 2635 1160 2708 articulis
1177 2634 1213 2704 in
1229 2633 1359 2727 quibos
1374 2635 1484 2706 Deum
1497 2641 1532 2706 et
1546 2635 1734 2708 Ecclesiam
1754 2635 1759 2648 '

328 2757 479 2849 graviter
491 2757 704 2848 offendebat,
722 2755 904 2852 diligenter
916 2758 1124 2830 commoneri
1140 2756 1292 2848 fecisset,
1311 2777 1374 2828 nos
1388 2755 1505 2829 udbuc
1515 2756 1735 2832 humiliantes

328 2879 400 2951 vim
417 2879 627 2954 auctoritatis
643 2879 796 2954 Ecclesie
806 2881 853 2954 ad
866 2881 1074 2977 presentiam
1083 2884 1158 2975 ejus
1170 2880 1312 2954 dilectos
1321 2877 1409 2952 lilios
1425 2877 1631 2978 [Thomem]
1646 2882 1734 2954 tituli

328 3013 444 3076 sancte
453 3003 578 3076 Sabine
586 3003 824 3099 presbyterum
839 3013 874 3076 et
888 2997 1109 3102 0[ddoucm]
1125 3001 1372 3076 sanctiNicolai
1385 3005 1566 3077 incarcere
1579 3005 1734 3079 Tulliano

329 3125 512 3200 diaconum
531 3128 723 3201 cardinales
741 3127 939 3202 curavimus
956 3127 1128 3201 destinare
1142 3125 1211 3224 (l),
1230 3137 1270 3200 ut
1288 3149 1368 3200 eum
1388 3149 1492 3222 super
1508 3128 1683 3223 premissis
1700 3139 1734 3202 et

327 3249 618 3344 subsequentibus
633 3251 711 3322 vice
728 3259 844 3323 nostra
865 3251 1046 3324 salubriter
1061 3259 1330 3324 commonerent.
1350 3251 1418 3337 Qui
1441 3251 1521 3324 lieet
1539 3250 1585 3325 de
1600 3252 1734 3325 eontin-

327 3373 487 3466 gentibue
500 3373 549 3444 nil
565 3372 760 3466 omiserint,
782 3395 1002 3469 nequaquam
1020 3383 1232 3448 tamencum
1250 3383 1436 3471 potuerunt
1449 3374 1495 3448 ad
1511 3375 1733 3470 penitentiam
1805 3461 1809 3469 Ι

327 3515 500 3568 revocare.
528 3494 665 3568 Utinam
691 3495 738 3568 ad
761 3496 927 3591 nequiora
951 3519 1170 3592 nequaquem
1194 3520 1318 3570 manus
1340 3497 1476 3570 illicitas
1498 3495 1730 3572 extendisset!

328 3617 441 3704 Quare
456 3639 501 3690 ne
515 3617 715 3690 videremur
729 3617 861 3692 deleme
877 3619 1010 3692 homiui
1028 3629 1145 3694 contra
1159 3621 1289 3711 Deum,
1304 3643 1384 3694 ecca
1394 3621 1563 3714 justitiam
1584 3621 1621 3694 in
1637 3621 1733 3713 judi·

327 3740 419 3812 cium
441 3749 679 3814 convertentes
703 3741 740 3812 in
758 3742 919 3837 proximo
940 3745 1102 3840 preterito
1115 3745 1202 3818 festo
1217 3744 1307 3818 Ceue
1323 3743 1495 3818 dominice
1511 3743 1579 3841 (2),
1603 3745 1639 3816 in
1658 3765 1735 3840 pre-

328 3861 457 3936 dictum
475 3864 714 3959 imperatorem
736 3867 1104 3942 excommunicationis
1127 3868 1330 3941 seutentiam
1352 3869 1548 3942 solemniter
1568 3866 1734 3941 duximus

326 3987 634 4083 promulgandam,
655 3995 729 4058 tum
746 3987 808 4082 pro
823 4009 866 4060 eo
883 3989 991 4083 quod,
1011 3999 1049 4062 ur
1063 3992 1268 4086 premissum
1284 4000 1348 4082 est,
1363 4012 1433 4063 non
1446 3991 1680 4063 transfretavit
1695 3989 1733 4060 in

326 4109 520 4183 subsidium
539 4119 627 4184 terre
641 4119 757 4184 sancte
770 4133 834 4184 nec
846 4113 1053 4207 promissum
1066 4135 1249 4186 numerum
1268 4115 1415 4186 militum
1434 4115 1469 4185 in
1485 4113 1649 4209 expensis
1660 4113 1734 4186 suis

364 4545 401 4616 (t)
419 4545 471 4614 Qui
493 4545 601 4619 quidem
617 4561 687 4604 anno
701 4547 878 4620 praecedente
894 4562 956 4604 cum
968 4547 1096 4606 Landulio
1114 4549 1219 4607 uoritm
1236 4557 1325 4610 creato
1333 4551 1430 4612 abbate
1443 4553 1594 4612 &seinansi
1606 4559 1736 4612 vcuorant

326 4639 410 4700 Roma
421 4649 543 4700 sanctum
555 4642 719 4700 Germanum
730 4643 776 4700 nbi
788 4659 841 4701 una
851 4643 946 4701 Natale
957 4645 1062 4702 Domini
1074 4645 1282 4707 celebraverant.
1291 4649 1332 4708 Gi.
1343 4650 1416 4709 itruc.
1426 4668 1462 4710 nr
1470 4652 1499 4710 S.
1510 4653 1602 4710 Gm.
1616 4649 1653 4708 ccl
1666 4667 1731 4709 carr.

364 4739 401 4812 (ἢ
414 4737 522 4798 Scilicet
538 4743 573 4800 ie
592 4741 694 4814 martii,
712 4740 813 4800 Paacba
827 4741 856 4798 in
867 4741 1025 4800 vicoeimnm
1038 4747 1144 4802 suarm
1157 4743 1229 4803 diem
1243 4745 1387 4806 incidente.
