4702 6110
392 575 490 634 lnnvor.
507 573 551 648 4.]
851 571 1046 632 HISTORIA
1074 573 1366 636 stabellarius.

448 1130 633 1212 llenricus
660 1127 920 1214 Romanorum
949 1127 1016 1213 ren
1048 1131 1215 1214 scultetis
1241 1142 1279 1214 at
1307 1131 1453 1214 civibus
1483 1133 1532 1214 de
1564 1133 1809 1243 Constantia,
1827 1149 2006 1260 ,ἔξω

394 1261 554 1369 zurich,
575 1263 742 1369 Lindau‚
771 1262 1017 1374 Uberlingeu,
1043 1261 1337 1370 Schaflbausen‚
1358 1264 1540 1371 llotvveil,
1565 1266 1813 1380 Ravensburg

393 1407 431 1480 ct
448 1395 689 1481 Pfullendorf
702 1397 862 1480 mandat
879 1408 922 1480 ut
940 1398 1119 1482 abbatem
1134 1408 1171 1480 et
1183 1409 1414 1482 conventum
1426 1401 1475 1482 de
1490 1400 1618 1483 Salem
1632 1412 1670 1485 et
1682 1403 1811 1486 omnia

394 1527 496 1612 bona
508 1555 641 1614 eorum
659 1531 785 1614 modis
798 1531 978 1616 omnibus
992 1541 1264 1614 manuteneant
1278 1541 1315 1615 et
1332 1531 1551 1616 defendant.

477 1741 632 1822 (11111.
648 1745 793 1820 Saarna,
808 1743 969 1826 111111.
987 1755 1036 1806 44.
1052 1777 1091 1790 -
1103 1745 1220 1820 Lunrs,
1236 1743 1449 1820 1111εή111111,
1465 1755 1489 1808 t.
1508 1749 1626 1828 XVIII,
1641 1767 1671 1828 p.
1689 1751 1771 1829 508.)

444 1931 610 2003 Hemious
625 1933 688 2004 Dei
705 1931 815 2023 gratia
834 1933 1066 2004 Romanorum
1083 1955 1147 2005 rex
1169 1943 1204 2005 et
1231 1955 1368 2029 semper
1391 1946 1583 2029 augustus,
1605 1937 1751 2032 singulis
1778 1951 1812 2012 et

395 2055 567 2126 universis
581 2055 790 2144 Constantia,
806 2057 1011 2148 Turicenne,
1030 2057 1233 2151 Linduagen
1254 2067 1288 2130 el
1303 2057 1348 2131 de
1362 2059 1572 2156 chrlingen
1584 2071 1619 2133 et
1632 2063 1677 2135 de
1691 2062 1810 2136 Schel-

394 2179 496 2250 l'husa
511 2189 545 2252 et
564 2179 609 2252 de
628 2181 776 2254 Rotwile
795 2189 829 2253 et
849 2181 894 2254 de
916 2181 1144 2276 flavensburg
1163 2193 1198 2256 et
1216 2183 1260 2256 de
1283 2183 1510 2257 Plullendorff
1529 2185 1682 2258 scultetis
1707 2195 1742 2258 et
1761 2185 1810 2258 ci·

394 2301 498 2374 vibus
515 2305 660 2397 gratiam
684 2325 782 2376 suam
802 2313 836 2376 et
852 2326 955 2378 omne
971 2305 1116 2378 bonnm.
1133 2305 1219 2379 Cum
1236 2307 1282 2380 ad
1298 2307 1488 2380 vindictam
1512 2309 1679 2382 malorum
1699 2318 1733 2381 et
1747 2308 1809 2382 de·

394 2427 584 2500 fensionem
607 2427 777 2502 bonorum
802 2429 988 2524 ancipitem
1004 2431 1160 2525 gladium
1184 2431 1421 2528 acceperimus
1443 2455 1464 2506 a
1487 2431 1629 2505 domino
1648 2443 1683 2506 et
1699 2433 1809 2530 ipsius

394 2552 439 2623 sit
451 2573 595 2646 regnum
613 2563 647 2625 et
660 2553 857 2650 imperium,
870 2555 991 2628 merito
1002 2556 1090 2629 tueri
1107 2565 1264 2628 tenemur
1280 2557 1346 2628 sibi
1353 2558 1483 2649 jugiter
1493 2558 1709 2648 famulantes,
1726 2579 1805 2628 cum

394 2687 428 2749 et
456 2677 522 2772 ipsi
546 2679 657 2750 solum
684 2681 793 2751 Deum
821 2679 970 2753 habeant
992 2681 1153 2776 clypeum
1178 2693 1213 2753 et
1238 2691 1460 2777 protectorem
1485 2691 1520 2754 et
1554 2681 1639 2753 alias
1669 2691 1806 2754 careant

393 2801 510 2892 gladio
527 2803 707 2876 materiali.
730 2805 780 2876 Ea
796 2813 935 2901 propter
952 2805 1169 2880 universitati
1188 2815 1301 2879 vestre
1317 2809 1385 2879 sub
1403 2809 1545 2880 obtentu
1564 2815 1678 2879 nostre
1697 2807 1804 2902 gratie

393 2933 427 2995 et
455 2947 544 3020 pena
574 2937 699 3001 statuta
725 2927 879 3002 districte
904 2929 1129 3026 precipiendo
1153 2929 1361 3004 mandamus
1387 2947 1558 3027 qnatenus
1586 2931 1806 3027 spiritualiter

395 3049 494 3122 nohis
509 3051 652 3124 dilectos
665 3053 826 3126 abbatem
842 3063 876 3126 et
887 3063 1096 3127 conventum
1112 3055 1156 3128 do
1172 3057 1285 3128 Salem
1302 3067 1336 3128 et
1350 3057 1466 3129 omnia
1482 3058 1572 3129 bona
1586 3078 1705 3128 eorum
1720 3067 1804 3128 tan-

393 3194 497 3264 quam
526 3185 641 3248 nostra
673 3178 923 3249 manuteneatis
948 3187 983 3250 et
1011 3178 1205 3251 defendatis
1234 3180 1446 3275 ubicumque
1478 3181 1604 3252 luerint
1627 3181 1662 3252 in
1688 3191 1804 3254 nostro

394 3292 552 3368 districtu
567 3301 765 3392 constituta,
782 3310 817 3374 et
836 3301 998 3374 omnibus
1020 3323 1102 3394 erga
1121 3325 1180 3375 eos
1196 3307 1485 3398 qualemcumque
1507 3327 1646 3377 causam
1669 3305 1806 3379 halieu-

395 3417 486 3490 tibus
496 3422 634 3515 plenam
649 3423 694 3496 de
706 3424 791 3520 ipsis
800 3425 970 3516 justitiam
985 3427 1191 3498 exhibeatis.
1209 3429 1244 3498 Si
1259 3427 1339 3522 quis
1351 3438 1467 3500 autem
1477 3429 1610 3520 justitia
1624 3439 1806 3502 contentus

393 3561 470 3614 esse
485 3544 633 3618 noluerit
651 3557 686 3619 et
702 3570 806 3644 super
829 3549 896 3622 hoc
916 3547 1057 3622 eosdem
1076 3549 1236 3623 abbatem
1261 3561 1295 3622 et
1319 3560 1529 3624 conventum
1556 3553 1592 3624 in
1618 3555 1722 3630 rebus
1745 3566 1805 3626 aut

394 3667 550 3762 personis
563 3669 782 3764 aliquatenus
795 3694 986 3767 aggravare
1006 3675 1263 3769 presumpserit,
1282 3675 1533 3748 malefactorem
1550 3678 1710 3751 eumdem
1730 3687 1806 3751 tan·

394 3814 500 3887 quam
514 3803 669 3866 nostrum
680 3803 716 3868 et
726 3797 788 3868 Dei
803 3797 1022 3869 manifestum
1040 3799 1219 3872 inimicum
1236 3799 1370 3872 auxilio
1385 3799 1501 3872 dilecti
1516 3800 1683 3896 principis
1699 3803 1805 3874 nostri

394 3917 529 3989 abbatis
551 3919 668 3990 Sancti
691 3918 778 3992 Galli
797 3920 963 3994 hostiliter
984 3921 1159 3996 invadatis
1179 3937 1214 3996 et
1232 3923 1344 3998 taliter
1366 3935 1485 3998 eontra
1506 3924 1668 3998 eumdem
1687 3947 1806 4022 proce-

394 4038 484 4114 datis
501 4041 598 4134 quod
614 4043 717 4118 ceteri
731 4044 844 4118 simile
857 4067 928 4118 non
942 4057 1161 4141 presumant;
1182 4058 1317 4121 tantum
1333 4071 1437 4144 super
1455 4049 1521 4122 hoc
1534 4049 1697 4122 facientes
1710 4051 1806 4146 quod

393 4165 582 4259 supradicti
611 4167 720 4240 abbas
746 4177 780 4242 et
805 4181 997 4244 conventus
1021 4173 1171 4246 sentiant
1191 4173 1277 4268 ipsis
1300 4183 1456 4246 nostrum
1480 4175 1643 4269 prodesse
1664 4175 1807 4249 manda·

394 4297 480 4382 tum,
498 4291 651 4366 maxime
668 4314 749 4365 oum
769 4293 942 4368 dimittere
965 4297 1114 4370 nolimus
1135 4298 1354 4392 aliquatenus
1370 4298 1627 4394 imperfectum,
1644 4310 1805 4372 caventes

395 4413 582 4508 plurimum
597 4416 695 4512 quod
717 4419 846 4490 clamor
868 4440 989 4492 eorum
1011 4421 1055 4494 de
1073 4431 1187 4495 cetero
1205 4422 1252 4494 ad
1270 4443 1372 4495 aures
1390 4432 1524 4494 nostras
1541 4445 1610 4495 non
1629 4424 1807 4520 perveniat

394 4547 429 4612 et
447 4551 584 4635 propter
599 4541 844 4635 negligentiam
860 4554 1009 4618 vestram
1024 4544 1060 4616 in
1078 4567 1142 4619 vos
1159 4547 1260 4642 culpa
1278 4545 1450 4620 redundet
1465 4547 1670 4642 alienigena.

444 4664 568 4736 Datum
582 4664 678 4760 apud
690 4666 898 4758 Nurinbero‚
917 4669 962 4740 lll
982 4669 1147 4743 kalendas
1160 4669 1325 4760 octobris,
1346 4669 1534 4745 indictione
1546 4683 1682 4766 quarta.
