4642 6106
523 633 581 695 190
1021 632 1234 694 Fllllllllllcl
1260 634 1434 696 securint
1742 635 1823 712 [Aru.
1844 636 1930 700 12³0.

520 768 597 842 ciali
612 765 689 839 talis
703 765 910 862 procuratio,
924 765 1095 863 liceatque
1106 771 1280 864 preposito
1291 779 1327 842 et
1339 769 1513 860 iratribus,
1525 768 1555 840 si
1567 767 1699 841 inutilis
1707 778 1743 842 et
1753 770 1871 864 gravis
1882 771 1941 844 ille

519 891 640 979 luerit,
663 912 744 964 eum
758 911 919 964 amovere
928 900 964 963 et
977 892 1055 964 loco
1065 892 1175 988 ipsius
1187 895 1363 968 meliorem
1381 893 1602 966 substituere.
1625 893 1815 966 statuimus
1831 894 1938 989 igitur

521 1025 560 1087 ut
587 1015 681 1088 nulla
699 1035 844 1109 persona
864 1015 1094 1088 ecelesiastica
1119 1018 1174 1089 vel
1194 1019 1376 1108 secularis,
1396 1019 1463 1090 alta
1480 1018 1538 1090 vel
1555 1017 1717 1106 humilis,
1737 1027 1855 1090 contro
1871 1019 1938 1090 hoc

521 1137 787 1211 confirmationis
806 1147 922 1212 nostre
942 1139 1162 1234 privilegium
1180 1141 1374 1235 predictum
1393 1140 1640 1212 monasterium
1655 1141 1836 1214 molestare
1855 1162 1944 1236 pre-v

520 1273 645 1336 sumat.
661 1262 762 1346 Quod
777 1262 838 1356 qni
849 1264 1107 1360 presumpserit,
1122 1273 1236 1359 preter
1247 1265 1522 1359 indignationem
1533 1265 1641 1337 nostri
1656 1265 1818 1336 culminis
1831 1287 1938 1359 quam

520 1388 684 1478 incurret,
696 1407 821 1482 penam
836 1395 974 1460 centum
987 1387 1154 1461 librarum
1164 1389 1240 1462 auri
1254 1410 1292 1461 se
1305 1389 1440 1462 noverit
1452 1389 1686 1480 incursumm,
1698 1409 1847 1483 quarum
1858 1409 1943 1460 me-

520 1511 631 1584 dietas
645 1531 780 1584 camere
795 1519 922 1603 nostre,
940 1511 1073 1606 reliqua
1091 1512 1374 1608 passisiujuriam
1388 1513 1616 1608 persolvatur.
1633 1510 1688 1584 nd
1703 1511 1808 1604 hujus
1822 1519 1941 1584 autem

520 1635 787 1710 confirmationis
805 1644 920 1708 nostre
936 1636 1136 1710 memoriam
1150 1647 1185 1710 et
1197 1637 1305 1710 robur
1323 1645 1491 1732 perpetuo
1507 1637 1696 1708 valiturum
1712 1655 1852 1730 presens
1869 1633 1942 1730 pri-

519 1761 687 1855 vilegium
704 1759 777 1832 lieri
790 1769 824 1834 et
838 1760 951 1855 sigillo
971 1761 1186 1834 celsitudinis
1199 1761 1489 1854 nostrejussimus
1507 1760 1726 1834 communiri.

569 1886 680 1977 Hujus
694 1885 744 1958 rei
762 1894 866 1958 testes
889 1895 972 1958 suut
990 1885 1196 1959 Bartholdus
1218 1885 1473 1980 Aquilegiensis
1491 1883 1697 1982 patriarcha,
1718 1882 1945 1958 Eberhardus

519 2010 778 2104 salzburgensis
790 2010 1080 2105 archiepiscopus,
1097 2009 1246 2084 Silridus
1256 2010 1513 2106 llatispouonsis
1527 2009 1723 2106 episcopus,
1741 2008 1941 2105 leopoldus

525 2137 599 2211 dux
614 2133 750 2208 Austris
767 2143 802 2206 ct
816 2133 929 2223 Stiria,
946 2133 1185 2208 Wernhardus
1201 2133 1277 2206 dux
1293 2133 1479 2222 Corinthio,
1495 2135 1573 2206 Otto
1595 2134 1672 2208 dux
1688 2133 1857 2224 Morauie,
1875 2133 1944 2204 lla·

524 2271 605 2358 poto
622 2258 793 2354 palatinus
811 2279 943 2349 comes,
963 2258 1144 2332 Heinricns
1162 2259 1266 2332 lraler
1285 2279 1373 2330 suus
1385 2279 1501 2332 nomos
1518 2257 1563 2332 dc
1577 2257 1807 2346 Orteuherch,
1823 2257 1945 2352 Repu-‘-

524 2386 644 2458 bertus
664 2383 711 2456 de
734 2382 894 2474 lllurech,
919 2383 1102 2456 llainricus
1119 2383 1165 2458 ds
1182 2383 1318 2474 Prtiue,
1342 2382 1522 2456 lriulridus
1545 2383 1591 2456 de
1608 2382 1806 2478 Hinnpsroh
1827 2390 1863 2454 ct
1886 2380 1944 2453 alii

524 2509 772 2606 quamplures.

574 2635 659 2708 Acta
675 2643 756 2706 sunt
780 2631 845 2706 hec
864 2653 956 2706 auno
979 2631 1153 2706 dominice
1171 2631 1417 2704 iucamatiouis
1434 2631 1667 2722 Moexxx,
1684 2651 1804 2704 meuse
1821 2627 1942 2725 aprili,

527 2759 625 2834 tertio
643 2756 861 2849 indictionis,
881 2757 1073 2852 imperante
1093 2755 1236 2830 domino
1252 2765 1370 2830 nostro
1384 2755 1558 2830 Friderioo
1576 2754 1639 2828 Dei
1659 2755 1768 2849 gratia
1789 2752 1945 2826 invictis·

527 2883 615 2956 simo
633 2883 865 2954 Romanomm
879 2880 1101 2977 imperatore,
1119 2901 1256 2976 semper
1276 2889 1443 2972 augusto,
1456 2879 1669 2952 iherusalem
1685 2887 1721 2951 et
1733 2877 1848 2951 Sicilie
1863 2897 1946 2973 ruge

527 3006 788 3102 gloriosissimo,
807 3027 899 3078 auno
916 3004 1051 3100 imperii
1069 3005 1145 3097 ejus
1158 3005 1203 3096 X,
1220 3004 1319 3098 regui
1337 3003 1549 3076 iherusalem
1573 3005 1616 3096 V,
1637 3002 1737 3097 regui
1755 3023 1839 3077 vcro
1858 3001 1945 3074 Sici-

526 3131 573 3206 lie
585 3131 729 3219 XXXII,
744 3129 900 3202 feliciter.
918 3128 1042 3201 Amen.

577 3258 663 3328 Data
676 3255 794 3349 Fugio,
807 3275 912 3346 anuo,
929 3274 1048 3326 meuse
1060 3261 1094 3326 et
1108 3250 1297 3326 indictione
1309 3252 1528 3348 pretitulatis.

770 3543 823 3552 -ι-ν-
831 3535 1713 3552 fflfflffl

361 3835 468 3944 Ψ
584 3815 816 3922 FridericuS,
834 3811 1094 3896 Romanorum
1123 3809 1349 3916 imperator,
1381 3801 1431 3884 ad
1461 3795 1660 3910 supplicat
1650 3821 1776 3880 ronam
1794 3790 1948 3879 Ottiliec

530 3952 745 4037 abbatissae
760 3943 979 4032 monasterii
996 3941 1194 4026 (lossensis
1216 3934 1457 4048 privileffi‘um
1477 3931 1526 4014 ab
1542 3931 1769 4040 imperatore
1786 3923 1948 4010 chrioo

531 4087 714 4192 secundo,
725 4108 826 4166 auno
838 4071 1206 4186 1020pnm0ma11‚
1218 4064 1580 4154 eidemmonastemo
1591 4061 1951 4146 rodulumrenovat

531 4231 569 4306 et
584 4218 785 4302 inserendo
798 4211 1013 4297 confirmat.

612 4435 748 4514 (Edidcr.
764 4433 869 4492 Posce
882 4434 912 4488 ct
924 4429 1092 4495 Fuosurcu,
1106 4415 1264 4500 Dlplonrot.
1279 4431 1355 4477 rao.
1371 4409 1469 4475 ἀκοαί.
1485 4411 1614 4492 styriae,
1631 4417 1655 4471 t.
1669 4407 1695 4482 l,
1710 4425 1741 4486 p.
1759 4405 1826 4486 20.)
1875 4471 1879 4484 ‚

582 4625 620 4695 lu
650 4619 791 4694 nomine
812 4624 930 4688 sancte
946 4621 982 4686 et
998 4609 1182 4684 individue
1204 4605 1389 4678 Trinitatis.
1416 4601 1611 4678 fridericus
1631 4595 1809 4670 secundus
1828 4590 1952 4666 divina

533 4751 670 4822 favente
685 4742 864 4818 clementia
878 4743 1110 4844 Romanorum
1121 4735 1323 4830 imperator,
1342 4749 1480 4824 semper
1493 4733 1685 4820 wgustus,
1706 4717 1896 4793 Jerusalem
1915 4725 1952 4789 ot
