4602 6084
344 651 443 712 lucror.
463 648 503 727 l.]
790 640 989 704 HISTORIA
1012 638 1308 702 lllPLOM'll'l'lCll.
1720 637 1760 724 63

344 793 496 858 atrocem
522 777 686 872 injuriam
707 775 859 850 Ecclesie
879 775 1071 871 generalis,
1094 785 1135 847 ut
1160 783 1336 848 taceamus
1359 772 1546 868 apostolice
1563 771 1657 846 sedis
1678 793 1761 846 con-

345 915 515 1004 temptum
541 903 578 976 in
605 923 712 998 quam
737 899 868 974 cadunt
883 922 931 974 ex
945 901 1013 974 hoc
1026 898 1212 994 opprobria
1229 896 1526 994 exprobrantium.
1550 896 1636 969 Cum
1657 897 1763 992 igitur

346 1031 412 1106 hec
430 1049 646 1126 nequeamus
662 1025 739 1100 sine
755 1025 910 1122 periculo
924 1024 1094 1098 sustinere
1108 1024 1170 1118 qui
1188 1022 1309 1096 Christi
1324 1021 1464 1110 vicarii,
1481 1021 1561 1094 licet
1575 1020 1760 1112 immeriti,

346 1153 537 1245 constituti,
558 1171 622 1250 pro
631 1149 763 1222 tuenda
772 1147 953 1242 justitia-ct
964 1145 1184 1220 delendenda
1199 1145 1430 1218 ecclesiastica
1439 1144 1594 1217 libertate
1607 1152 1764 1217 tenemur

347 1279 553 1352 etvclumus
563 1271 766 1370 impendere
780 1272 1021 1366 nosmetipsos,
1037 1271 1139 1344 abeo
1154 1269 1256 1342 nobis
1271 1268 1378 1364 digna
1390 1267 1630 1340 vicissitudine
1643 1289 1764 1364 repen·

349 1401 478 1493 denda,
492 1400 555 1496 qui
570 1395 744 1472 beatificat
756 1395 1013 1469 tribulationem
1026 1403 1166 1491 propter
1174 1394 1341 1488 justitiam
1350 1391 1536 1488 patientes,
1553 1391 1765 1488 imperialem

350 1525 589 1600 celsitudinem
605 1543 786 1596 monemus
803 1529 838 1594 et
854 1521 1032 1593 hortamur
1052 1528 1181 1593 attente
1201 1525 1373 1614 quatenus
1388 1515 1542 1590 ecclesiis
1560 1525 1594 1588 et
1610 1516 1765 1612 personis

351 1649 591 1723 ecclesiasticis
606 1647 720 1720 ablata
737 1645 920 1719 restituens
941 1645 1075 1739 integre
1094 1644 1273 1735 universa,
1293 1644 1339 1716 ab
1356 1643 1510 1738 ipsorum
1530 1641 1766 1714 molestatione

350 1774 489 1870 penitus
498 1772 734 1866 conquiescas,
752 1770 843 1842 lame
857 1778 916 1842 tue
929 1769 1113 1842 consulens
1123 1777 1159 1840 ct
1169 1767 1283 1840 saluti.
1294 1765 1457 1861 Alioquin
1472 1787 1516 1838 ne
1530 1775 1646 1838 contra
1654 1767 1766 1838 Deum

352 1896 484 1970 homini
507 1897 720 1984 deteramus,
748 1915 853 1990 super
876 1894 942 1966 boc
964 1891 1213 1989 procedemus,
1243 1891 1347 1966 dante
1360 1890 1526 1981 Domino,
1552 1889 1642 1962 sicut
1664 1891 1767 1964 luerit

351 2021 625 2117 procedendum.
643 2018 699 2094 Ad
714 2019 782 2092 boc
803 2027 919 2091 antem
939 2017 1081 2120 dilectos
1098 2015 1187 2090 filios
1204 2018 1243 2088 Β.
1261 2025 1295 2090 et
1309 2017 1350 2090 R.
1368 2017 1490 2089 iratres
1502 2015 1652 2102 Minores
1669 2013 1715 2088 ad
1733 2023 1766 2087 te

328 2241 330 2244 Ι
352 2145 538 2238 mittimus,
563 2145 593 2218 si
615 2146 748 2236 lorsan,
771 2143 893 2216 saltem
920 2162 1018 2234 sero,
1044 2141 1227 2216 salubriter
1248 2140 1497 2214 monitionibus
1519 2139 1644 2215 nostris
1665 2159 1767 2214 aures

352 2271 487 2366 aperias
501 2291 591 2365 quas
604 2270 772 2343 hactenus
786 2267 934 2340 nimium
949 2267 1142 2340 inconsulte
1155 2265 1320 2340 clausisti.

401 2396 527 2468 Datum
543 2395 648 2468 Reate
663 2395 732 2490 (t),
747 2393 849 2468 nouis
864 2393 969 2484 maii,
987 2391 1208 2488 pontificatus
1223 2390 1331 2464 nostri
1348 2411 1440 2466 auno
1453 2391 1495 2462 ll.

410 2984 438 3067 F
440 2983 642 3088 rideriouS,
663 2983 924 3066 Romanorum
942 2981 1162 3089 imperator,
1178 2978 1400 3086 comitibus,
1416 2953 1645 3086 baronibus,
1656 2979 1769 3090 justi·
1874 3047 1897 3079 m

356 3117 482 3200 ciariis
497 3115 720 3224 cererisque
734 3113 960 3197 officialibus
975 3113 1082 3224 regni
1099 3113 1244 3196 inhibet
1259 3139 1308 3196 ne
1327 3121 1459 3196 contro
1471 3122 1641 3196 tenorem
1654 3113 1770 3224 priri-

390 3485 530 3560 ltlllense
544 3486 630 3560 aprili,
649 3485 811 3560 Gregorius,
826 3485 957 3543 seditione
970 3490 1065 3542 contra
1084 3484 1174 3559 ipsum
1187 3490 1295 3556 exorta,
1316 3500 1379 3542 cum
1402 3485 1570 3543 contumeliis
1588 3486 1671 3544 Roma
1686 3487 1772 3545 luerat

357 3585 470 3658 ejectus.
484 3583 561 3642 Unde
573 3583 725 3642 viterbium
737 3583 892 3657 confugiens
906 3589 934 3640 et
946 3597 1009 3640 mox
1023 3581 1061 3639 ibi
1075 3599 1092 3640 a
1104 3583 1230 3640 Romanis
1245 3581 1385 3654 obsessus,
1406 3581 1488 3640 Reate
1502 3583 1631 3657 primum,
1648 3585 1711 3643 dein
1724 3587 1772 3645 Pe·

358 3681 462 3740 rusium
476 3682 560 3739 venit.
579 3681 693 3741 Causam
713 3681 752 3738 rei
770 3680 909 3739 Conradus
927 3681 1119 3754 Urspergensis
1139 3679 1273 3738 adfinem
1294 3680 1358 3737 anni
1380 3683 1450 3739 ⁴227
1472 3681 1509 3737 ita
1530 3686 1636 3752 narrat,
1657 3699 1685 3756 p.
1701 3687 1769 3742 ³25:

361 3801 375 3830 ι
389 3777 457 3836 Cum
467 3793 538 3852 papa
548 3777 629 3837 nollet
636 3779 766 3838 desistere
778 3778 813 3836 ab
824 3777 1101 3836 excommunicatione
1112 3777 1289 3852 imperatoris,
1305 3778 1363 3852 ipse
1372 3777 1516 3852 imperator
1526 3781 1684 3837 convocavit
1695 3781 1730 3838 ad
1741 3799 1772 3841 se

362 3897 377 3926 s
391 3875 426 3932 de
437 3874 541 3932 civibus
549 3876 667 3932 romanis
678 3875 878 3950 potentissimos
890 3879 919 3931 et
933 3873 1113 3932 nobilissimos
1131 3874 1165 3932 de
1186 3873 1287 3934 lamilia
1301 3891 1394 3933 coruum
1407 3876 1454 3948 qui
1466 3875 1593 3932 dicuntur
1608 3876 1773 3952 Frcnpentee

362 3989 486 4048 »pem
494 3973 673 4046 (Frangipani)
683 3978 711 4029 et
722 3972 756 4029 de
767 3973 827 4030 aliis
836 3971 945 4046 adquos
956 3971 1100 4046 praecipue
1110 3978 1263 4046 respectum
1272 3973 1509 4048 habebatpopulus
1518 3988 1652 4044 romanus,
1667 3975 1774 4034 babuit-

362 4087 377 4122 »
391 4085 444 4142 que
466 4083 528 4126 cum
550 4069 603 4127 illis
622 4074 766 4127 tractatum
779 4069 893 4142 qualiter
904 4083 952 4126 sos
965 4067 1065 4126 laceret
1076 4069 1190 4126 vasallos
1201 4069 1305 4143 imperii
1317 4073 1346 4126 et
1359 4075 1390 4124 ut
1401 4068 1453 4126 sibi
1475 4067 1573 4126 iaciant
1585 4069 1733 4130 hominium
1745 4080 1775 4132 et

363 4185 377 4218 s
392 4165 505 4224 lidaliter
517 4167 644 4224 ambiant
660 4167 689 4224 in
702 4165 829 4224 omnibus
845 4166 944 4224 causis.
964 4167 1049 4224 lussit
1063 4167 1155 4240 itaque
1168 4166 1277 4224 eosdem
1291 4165 1343 4223 sub
1361 4172 1433 4223 certa
1450 4167 1635 4225 aestimatione
1651 4170 1731 4242 pretii
1744 4178 1773 4228 et

363 4281 377 4316 s
390 4279 488 4322 census
501 4271 657 4340 computare
668 4270 800 4338 quantum
812 4263 921 4322 valeant
931 4279 1025 4322 omnes
1035 4279 1078 4322 res
1091 4265 1210 4339 ipsorum
1224 4263 1374 4322 immobiles
1382 4279 1449 4336 quas
1463 4263 1599 4322 habebant
1611 4265 1640 4322 in
1654 4267 1770 4342 civitate,

364 4381 378 4414 a
393 4367 450 4418 tam
462 4363 490 4418 in
498 4361 625 4421 aedificiis
636 4379 718 4436 quarn
729 4363 757 4420 in
769 4362 848 4436 agris,
856 4361 999 4432 etvinetis,
1007 4368 1035 4419 et
1045 4363 1232 4438 mancipiis,et
1243 4362 1304 4420 aliis
1316 4361 1407 4420 rebus.
1413 4361 1473 4432 Quo
1481 4361 1550 4420 lacto
1558 4378 1705 4424 omnesres
1715 4367 1774 4428 illas

363 4457 553 4533 »datepretio
567 4460 731 4534 comparavit
750 4459 785 4517 ab
799 4459 901 4518 eisdem
915 4465 943 4516 et
954 4458 1062 4516 easdem
1077 4474 1121 4516 res
1139 4457 1204 4533 ipsis
1216 4459 1244 4515 in
1256 4457 1364 4516 lendum
1382 4459 1513 4516 concessit
1525 4460 1627 4518 ratione
1640 4461 1775 4523 fidelitatis
1879 4511 1882 4519 .

363 4573 382 4606 a·
393 4571 474 4628 quarn
486 4555 615 4613 deberent
630 4557 682 4614 sibi
695 4563 723 4615 et
736 4557 858 4632 imperio.
870 4556 1001 4627 Quocirca
1019 4556 1102 4614 iidem
1114 4555 1229 4628 reversi,
1244 4572 1306 4613 cum
1323 4571 1395 4631 papa
1414 4573 1509 4616 rursus
1530 4561 1774 4621 excommunicaret

363 4673 377 4703 n
391 4653 589 4726 imperatorem,
598 4652 721 4712 lecerunt
734 4660 786 4712 uta
796 4654 896 4729 populo
908 4651 1050 4728 pelleretur
1064 4653 1180 4728 turpiter
1190 4659 1266 4711 extra
1272 4653 1500 4725 ciuitatem;unde
1510 4655 1582 4730 apud
1593 4656 1733 4715 Perusium
1741 4674 1774 4717 eo

363 4769 378 4804 ι
393 4765 465 4808 anno
478 4757 506 4808 et
521 4751 646 4826 sequenti
661 4752 835 4826 permansitr
