4642 6106
454 643 516 707 aaa
956 644 1171 706 rnrnnnrcr
1195 644 1371 708 sacunur
1684 647 1764 734 [aaa.
1783 650 1869 712 isar.

456 781 626 878 pertineat
645 779 838 854 declaretur
853 800 917 876 per
932 779 1098 869 arbitros,
1118 801 1268 874 qnorum
1285 802 1349 876 per
1363 789 1397 853 te
1410 781 1559 876 eligatur
1572 805 1684 875 unns,
1701 785 1791 858 alius
1811 807 1872 880 per

456 905 714 1002 Hospitalarios,
726 905 846 978 tertius
858 925 944 978 vero
962 903 1007 977 ab
1025 903 1068 976 iis
1082 903 1220 979 duobos
1232 905 1326 978 vela
1343 905 1456 1000 nobis,
1474 906 1504 978 si
1518 907 1554 978 in
1572 929 1615 980 eo
1630 908 1697 1004 ipsi
1712 930 1783 980 non
1794 931 1873 982 con·

456 1030 630 1117 venerint,
654 1037 862 1103 assumatur.
882 1029 1030 1102 predicti
1055 1051 1196 1125 qnoque
1220 1029 1339 1103 arbitri
1366 1031 1456 1104 inira
1481 1041 1614 1104 oenum
1640 1034 1825 1106 terminum
1850 1057 1873 1108 a

456 1153 614 1250 partibus
630 1155 688 1226 vel
701 1177 723 1227 a
738 1154 853 1236 nobis,
875 1154 905 1226 si
924 1163 1039 1248 partes
1050 1155 1086 1226 in
1101 1155 1160 1226 illo
1173 1153 1414 1244 dissenserint,
1435 1155 1677 1250 prefigendum
1693 1159 1872 1252 negotium

456 1278 707 1368 terminabunt,
725 1287 760 1352 et
782 1277 876 1352 idem
897 1279 1060 1372 magister
1081 1278 1236 1374 predicta
1254 1277 1446 1352 secundum
1469 1300 1589 1352 eornm
1607 1281 1787 1353 arbitrium
1809 1305 1872 1356 re-

456 1403 620 1498 signabit.
638 1405 748 1498 Super
764 1403 841 1475 aliis
859 1411 1060 1496 cutemque
1080 1424 1150 1475 non
1165 1411 1246 1475 sont
1264 1401 1436 1491 feudalia,
1454 1423 1569 1476 coram
1586 1403 1686 1476 nobis
1699 1406 1756 1477 vel
1772 1406 1872 1479 dele-

458 1527 548 1620 gatis
566 1527 691 1599 nostris
702 1527 774 1619 juri
790 1528 962 1622 parebunt
979 1549 1059 1598 cum
1071 1527 1225 1599 volneris
1239 1525 1286 1600 de
1299 1527 1385 1622 ipsis
1392 1527 1560 1619 justitiam
1574 1527 1739 1602 obtinere.
1756 1530 1871 1616 Quare

458 1670 564 1744 snper
577 1648 753 1744 premissis
768 1658 863 1722 tuam
879 1649 980 1722 nobis
993 1669 1055 1744 per
1065 1649 1195 1722 litteras
1205 1650 1419 1723 voluntatem
1430 1669 1598 1744 exponas.

507 1775 633 1844 Datum
647 1773 822 1861 laterani,
843 1773 887 1844 lll
905 1773 1073 1847 kalendas
1088 1773 1189 1864 maii,
1208 1772 1428 1869 pontificatus
1445 1774 1553 1848 nostri
1568 1795 1660 1847 anno
1674 1775 1807 1868 quinto.

327 2407 367 2491 ξω
386 2421 400 2491 .'
513 2390 717 2500 Gregorius
734 2417 835 2500 papa
852 2401 1076 2500 potestatem
1098 2400 1135 2474 et
1153 2389 1340 2500 populum
1359 2391 1626 2474 Pistoriensem
1641 2389 1816 2472 hortetur
1830 2401 1872 2470 nt

457 2523 648 2606 mandatis
671 2523 849 2606 Friderici
865 2524 1126 2609 Romanorum
1147 2525 1385 2634 imperatoris
1409 2533 1447 2607 et
1475 2525 1624 2606 Siciliae
1647 2523 1749 2633 regis
1771 2521 1872 2605 obe-

457 2657 584 2762 diant,
612 2681 701 2740 cum
730 2658 905 2768 princeps
933 2661 983 2742 ad
1014 2657 1299 2742 reformandam
1331 2683 1465 2766 pacem
1497 2659 1536 2738 in
1568 2655 1704 2739 Tuscia
1731 2655 1789 2738 vel
1823 2657 1872 2736 ad

457 2797 613 2898 treugas
631 2787 842 2872 firmandas
861 2789 997 2873 saltem
1015 2817 1138 2900 nsque
1162 2790 1213 2872 ad
1228 2790 1433 2872 adventum
1449 2787 1547 2898 ejus,
1564 2815 1587 2871 a
1605 2815 1645 2870 se
1661 2797 1793 2871 contra
1814 2812 1875 2868 re·

458 2919 576 3003 belles
592 2921 777 3004 auxilium
790 2933 828 3004 et
841 2921 1011 3006 favorem
1024 2923 1296 3032 imploraverit.

542 3158 646 3238 (ltdld.
661 3160 847 3234 mmmm,
863 3157 999 3222 Amdot.
1015 3157 1088 3220 med
1103 3161 1177 3234 acci,
1192 3177 1224 3239 p.
1242 3169 1313 3236 tat,
1328 3177 1367 3222 cx
1380 3159 1492 3222 molitu.
1508 3175 1589 3238 oper.
1605 3160 1637 3221 S.
1652 3157 1776 3237 Jacobt)

509 3375 705 3470 Gregorius,
724 3373 921 3470 episcopus,
941 3395 1063 3446 servus
1079 3393 1256 3448 servornm
1268 3374 1344 3461 Dei,
1359 3373 1494 3448 dilectis
1510 3371 1590 3446 liliis
1593 3425 1700 3444 .......
1717 3370 1874 3466 potestati

460 3509 496 3574 et
517 3502 646 3597 populo
666 3497 860 3572 Pistoriensi
882 3499 1029 3571 salntem
1053 3505 1088 3570 et
1110 3498 1333 3594 apostolicam
1356 3497 1645 3572 benedictionem.
1671 3495 1757 3567 Cum
1783 3493 1876 3566 illins

460 3623 553 3720 regis
565 3621 712 3719 pacifici,
734 3623 814 3696 licet
831 3621 1005 3709 immeriti,
1023 3621 1145 3695 vicarii
1163 3623 1338 3696 constituti
1353 3622 1415 3716 qni
1433 3631 1472 3692 ut
1485 3619 1721 3693 reconciliaret
1736 3637 1876 3689 servum

461 3749 608 3823 Domino
620 3747 735 3822 univit
751 3747 927 3820 hominem
941 3747 1008 3818 sibi
1020 3746 1353 3840 Deo,evangelizare
1368 3766 1489 3842 pacem
1507 3742 1669 3816 omnibus
1682 3751 1874 3830 teneamur,

461 3875 531 3948 biis
552 3873 745 3969 specialiter
763 3893 852 3967 qnos
870 3880 904 3946 et
928 3871 1123 3946 devotionis
1142 3879 1177 3944 et
1199 3871 1388 3944 vicinitatis
1408 3870 1541 3942 ratione
1567 3865 1668 3962 qnasi
1693 3865 1877 3938 familiares

462 3996 701 4087 babemus,ad
714 3995 916 4092 sopiendam
930 3995 1140 4070 discordiam
1155 3995 1192 4066 in
1206 3996 1332 4069 Tuscia
1348 3995 1488 4068 diabolo
1501 3992 1687 4086 instigante
1701 3989 1876 4064 subortam

462 4131 499 4198 et
511 4122 548 4194 in
562 4123 747 4194 multorom
762 4119 946 4216 dispendio
953 4121 1083 4215 ingiter
1094 4119 1370 4194 subcrescentem
1385 4115 1597 4190 multimodis
1609 4112 1877 4212 interposuimus

461 4247 629 4322 hactenus
653 4255 768 4344 partes
788 4253 922 4320 nostras
940 4265 1006 4318 nec
1030 4244 1247 4339 interponere
1273 4243 1472 4317 desinemus
1492 4238 1665 4336 quamdiu
1685 4235 1786 4309 nobis
1807 4237 1878 4308 Do-

462 4371 647 4447 minusad
669 4370 706 4444 id
730 4369 866 4444 dederit
892 4369 1101 4442 facultatem.
1122 4367 1236 4454 Quare
1260 4390 1330 4441 non
1355 4367 1524 4440 immerito
1546 4363 1758 4460 gratulamur
1780 4357 1877 4452 qnod

466 4495 665 4571 carissimus
689 4495 724 4564 in
747 4493 880 4566 Christo
902 4491 994 4565 filius
1014 4501 1129 4564 noster
1146 4490 1360 4582 Fridericus,
1379 4493 1611 4562 Romanorum
1625 4487 1808 4579 imperator
1830 4477 1877 4548 il-

465 4621 597 4712 lustris,
614 4639 748 4714 semper
763 4625 933 4712 angustus
947 4625 982 4688 et
995 4638 1059 4688 ren
1073 4615 1187 4688 Sicilie
1202 4615 1247 4688 ad
1263 4611 1515 4687 reformandam
1525 4621 1650 4706 'pacem
1666 4605 1722 4676 vel
1739 4611 1876 4693 treguas

468 4743 655 4820 firmandas
670 4743 791 4816 saltem
809 4763 921 4837 usqne
934 4740 980 4814 ad
998 4739 1186 4814 adrentum
1202 4761 1305 4812 suum
1319 4738 1508 4834 prudenter
1526 4731 1708 4806 intendens
1723 4721 1825 4800 uobis
1842 4730 1877 4794 et
