4602 6084
325 639 421 698 rere.
441 591 481 716 rs]
768 636 962 699 ursronm
986 635 1276 698 urrcousrrcn
1685 637 1726 698 aa

324 769 562 863 imperatorem
584 768 746 840 videlicet
768 768 996 861 fridericum,
1022 791 1126 864 quem
1153 769 1295 863 quasia
1317 769 1435 840 matris
1462 779 1560 842 utero
1589 770 1727 865 exeepit

324 891 485 985 genibus,
512 891 651 964 lactavit
676 891 853 982 uberibus,
874 892 1026 965 humeris
1049 893 1233 984 bajulavit,
1262 893 1307 965 de
1331 893 1492 966 manibus
1507 893 1725 987 querentium

324 1014 473 1086 animam
503 1015 580 1106 ejus
603 1015 797 1108 frequenter
825 1016 967 1110 eripuit,
1002 1015 1152 1088 educare
1181 1014 1315 1088 studuit
1340 1016 1458 1088 multis
1489 1016 1666 1089 laboribus
1691 1025 1726 1086 et

324 1138 502 1232 expensis,
520 1157 632 1230 nsque
646 1137 692 1210 ad
711 1137 825 1210 virum
844 1141 1032 1235 perfectum
1053 1138 1222 1229 deduxit,
1242 1139 1288 1212 ad
1311 1139 1405 1232 regie
1427 1137 1605 1231 dignitatis
1626 1137 1727 1209 deco

323 1281 395 1332 rem
410 1271 444 1332 et
464 1259 604 1332 tandem
625 1259 672 1332 ad
687 1261 861 1354 fastigium
880 1262 1039 1334 culminis
1054 1262 1239 1356 imperialis
1251 1262 1430 1356 provexit,
1451 1260 1595 1333 credens
1611 1261 1724 1355 ipsum

324 1383 395 1454 fore
416 1381 624 1454 defensionis
647 1384 781 1476 virgam
799 1393 834 1456 et
854 1407 917 1456 suc
939 1385 1102 1457 baculum
1120 1385 1317 1456 senectutis.
1340 1385 1417 1478 lpse
1441 1394 1556 1454 autem
1578 1383 1663 1454 dum
1688 1383 1724 1453 in

311 1505 547 1578 ·Thentoniam
573 1527 611 1578 sc
629 1507 800 1578 transtulit
820 1507 865 1579 ad
886 1507 1038 1580 habenas
1060 1507 1193 1602 imperii
1214 1505 1438 1597 obtinendas,
1459 1505 1611 1599 Jocunda
1638 1527 1724 1599 que·

324 1626 423 1718 dam,
443 1637 483 1698 ut
501 1627 717 1718 credebatur,
740 1629 912 1724 auspicia,
937 1629 1000 1702 sed
1019 1629 1137 1701 verius
1153 1629 1286 1724 spicula
1304 1628 1422 1701 matris
1440 1627 1617 1700 obtutibus
1641 1626 1725 1698 info-

323 1751 430 1822 rebat.
461 1751 548 1822 Nam
575 1759 715 1846 sponte,
746 1773 815 1822 non
843 1752 1016 1838 monitus,
1038 1751 1126 1824 Sede
1148 1751 1334 1846 apostolica
1356 1751 1553 1844 ignorante,
1585 1769 1722 1820 crucem

324 1871 397 1944 suis
422 1872 575 1944 humeris
600 1873 730 1964 affixit,
759 1895 890 1947 vovens
922 1875 1116 1947 solemniter
1144 1895 1182 1946 se
1210 1874 1245 1944 in
1271 1883 1361 1945 terre
1387 1881 1503 1945 sancte
1527 1870 1721 1943 subsidium

323 1997 566 2090 prefecturam.
590 1995 722 2071 Deinde
749 2019 786 2070 se
810 2019 852 2070 ac
872 1999 958 2070 alios
979 1999 1234 2091 crucesignatos
1246 1989 1536 2069 excommunicari
1558 1993 1720 2083 obtinuit,

323 2118 389 2189 nisi
405 2128 497 2191 certo
514 2119 810 2214 proficiscerentur
829 2130 1000 2216 tempore;
1021 2122 1082 2194 sed
1106 2120 1296 2192 incidenter
1311 2119 1560 2192 absolutionem
1576 2118 1674 2212 petiit
1689 2128 1723 2188 et

324 2242 465 2335 accepit,
482 2242 527 2314 de
542 2242 694 2337 parendo
706 2265 809 2338 super
822 2244 888 2316 hoc
903 2244 1073 2318 mandatis
1083 2244 1233 2316 Ecclesia
1246 2243 1344 2339 prius
1358 2241 1499 2338 prestito
1511 2243 1718 2332 juramento.

323 2364 577 2437 lfxuberantem
594 2375 709 2438 autem
732 2367 874 2461 gratiam
900 2389 1004 2462 super
1025 2367 1139 2462 ipsum
1157 2367 1343 2462 apostolica
1363 2365 1464 2438 sedes
1486 2364 1666 2436 effundens
1685 2373 1723 2435 ut

323 2485 541 2558 festinantius
559 2488 606 2563 ad
624 2495 711 2561 terre
725 2497 842 2563 sancte
856 2490 1014 2562 transiret
1029 2489 1247 2576 subsidium,
1270 2489 1382 2584 ipsum
1401 2497 1516 2559 contra
1533 2508 1661 2558 morem
1675 2487 1722 2560 ad

323 2629 484 2682 coronam
498 2612 655 2700 vocavit,
674 2635 744 2706 qua
760 2612 805 2685 ad
820 2615 885 2685 hoc
899 2635 967 2686 non
984 2615 1129 2685 invitare
1144 2612 1207 2686 sed
1223 2613 1360 2685 invitari
1377 2611 1607 2705 multiplicatis
1620 2610 1723 2682 inter·

323 2733 536 2805 cessionibus
559 2755 621 2828 per
641 2735 842 2828 magnificos
865 2736 1005 2808 nuntios
1026 2738 1222 2824 consuevit3
1257 2737 1377 2829 sicque
1403 2733 1496 2806 idem
1517 2731 1584 2804 sub
1610 2733 1722 2802 crucis

323 2855 451 2928 vexillo
471 2877 583 2949 neque
597 2856 644 2929 ad
661 2857 725 2929 hee
743 2867 895 2953 tempora
917 2860 1054 2952 negotia
1077 2860 1214 2955 propria
1235 2859 1371 2954 plenius
1384 2865 1419 2928 et
1433 2856 1618 2952 perfectius
1639 2875 1722 2928 oon·

323 2979 519 3050 summavit.
543 2979 693 3052 Tandem
717 3001 797 3052 cum
814 2983 859 3054 de
877 2982 1036 3054 manibus
1058 2981 1167 3054 felicis
1191 2979 1436 3053 recordationis
1457 2977 1597 3049 Honorii
1619 2999 1720 3072 pape,

323 3099 573 3192 predecessoris
593 3102 718 3192 nostri,
745 3101 781 3172 in
802 3103 894 3174 beati
915 3104 1003 3176 Petri
1022 3104 1164 3176 basilica
1183 3103 1368 3197 recepisset
1385 3100 1518 3195 imperii
1541 3098 1720 3183 diadema,

324 3221 368 3294 de
386 3223 545 3295 manibus
562 3225 702 3315 nostris,
719 3235 802 3296 tunc
820 3225 855 3296 in
868 3225 993 3297 minori
1010 3225 1122 3298 officio
1136 3225 1344 3312 constitutis,
1363 3244 1500 3295 crucem
1516 3223 1720 3317 resumpsit,

323 3353 442 3416 votum
471 3347 607 3440 publice
631 3347 828 3438 innovavit,
853 3348 968 3442 plures
996 3348 1041 3422 de
1064 3371 1125 3444 spe
1146 3350 1200 3421 sui
1224 3347 1371 3420 subsidii
1395 3347 1440 3420 ad
1458 3367 1594 3418 crucem
1616 3347 1725 3418 susci·

324 3467 483 3560 piendam
502 3469 662 3560 induxit,
685 3480 816 3542 certum
830 3471 961 3565 recepit
971 3471 1154 3543 terminum
1171 3468 1424 3543 transfretandi.
1446 3468 1569 3540 llabito
1586 3489 1725 3562 quoquc

323 3589 540 3686 postmodum
561 3589 656 3684 apud
679 3591 821 3662 Verulae
846 3613 925 3662 eum
948 3592 1098 3664 Ecclesia
1119 3593 1269 3664 Romana
1292 3589 1479 3682 colloquio,
1502 3588 1633 3682 iuravit
1659 3611 1724 3684 pu·

324 3711 412 3782 blioe
433 3733 472 3784 se
492 3712 529 3782 in
560 3721 652 3784 certo
674 3713 818 3784 termino
839 3735 860 3785 a
883 3715 1035 3786 Romana
1062 3713 1129 3786 eibi
1154 3712 1296 3785 eeclesia
1328 3711 1529 3807 praefigendo
1559 3721 1723 3804 tanquam

324 3833 560 3928 imperatorem
578 3835 764 3907 honorilice
780 3837 1024 3930 profecturum.
1045 3837 1182 3911 Exinde
1199 3835 1295 3931 apud
1310 3835 1550 3925 Ferentinum,
1571 3834 1607 3904 in
1623 3835 1723 3905 collo-

324 3953 406 4046 quio
423 3955 547 4043 simili,
570 3957 718 4028 duorum
735 3977 904 4030 annorum
929 3957 1169 4031 transfretandi
1189 3958 1256 4028 eibi
1277 3957 1380 4051 clegit
1400 3956 1582 4028 terminum
1596 3963 1632 4027 et
1645 3977 1723 4049 pre-

326 4076 418 4167 fixit,
442 4099 548 4171 seque
573 4088 655 4150 tunc
676 4080 894 4151 transiturum
914 4091 949 4152 et
965 4082 1115 4154 nobilem
1134 4081 1310 4154 mulierem
1329 4087 1444 4150 natam
1470 4075 1660 4148 charissimi
1686 4077 1722 4148 in

324 4197 456 4272 Christo
482 4199 543 4271 lilii
572 4202 678 4273 nostri
702 4201 843 4274 loannis
868 4204 958 4297 regis
980 4203 1278 4299 hierosolymitani
1302 4201 1459 4291 illustris,
1488 4199 1599 4295 ipsius
1626 4201 1723 4294 regni

325 4319 504 4413 heredem,
533 4323 570 4394 in
597 4325 777 4417 conjugem
804 4334 1018 4419 recepturum
1040 4325 1235 4398 solemniter
1262 4323 1402 4418 prestito
1424 4325 1620 4416 juramento
1646 4344 1723 4418 spo

325 4442 463 4535 pondit3
488 4443 697 4538 adjungens,
727 4445 823 4538 quod
845 4467 906 4541 per
929 4447 995 4518 hoc
1018 4446 1065 4520 ad
1090 4447 1294 4540 obsequium
1317 4454 1405 4516 terre
1431 4453 1564 4535 sancte,
1592 4465 1660 4515 non
1685 4453 1724 4515 ut

324 4565 427 4637 ceteri
444 4567 635 4662 peregrini,
661 4569 723 4642 sed
745 4578 784 4640 ut
806 4569 1053 4665 Hospitalarius
1069 4572 1126 4643 vel
1146 4569 1376 4664 Templarius,
1399 4567 1493 4640 sein
1517 4575 1721 4663 perpetuum

323 4685 510 4782 obligabat.
520 4687 825 4786 Appropinquante
837 4689 1103 4784 itaquetermino
1111 4689 1289 4785 prelibato,
1302 4690 1393 4786 cepit
1404 4689 1608 4784 multiplices
1616 4710 1721 4760 excu-

424 4809 478 4870 111.
1543 4821 1561 4870 t
