4602 6084
329 637 428 696 lnnrcr.
447 629 487 714 1.]
778 627 973 690 HISTORIA
1000 626 1292 688 nlrnotlnrlcn.
1696 625 1737 688 ΞΒ

329 764 446 839 omnia
479 764 547 860 ipsi
583 764 776 858 lantgravio
811 765 900 859 patri
939 784 1004 836 suo
1036 764 1213 857 quondam
1241 769 1358 835 nostru
1392 769 1605 834 concesserat
1637 763 1737 834 celsi·

330 889 415 962 tudo
430 887 498 985 (l);
522 887 727 960 mandantes
744 897 779 960 et
794 887 963 983 presentis
984 887 1102 983 scripti
1118 886 1321 958 auctoritato
1341 883 1482 956 firmiter
1497 884 1733 980 injungentes,

330 1021 369 1084 ut
394 1013 489 1084 nulla
510 1011 651 1084 omnino
674 1033 821 1108 persona
839 1033 966 1106 magna
987 1013 1042 1084 vel
1062 1032 1192 1107 parva,
1214 1009 1442 1082 ecclesiastica
1465 1010 1523 1080 vol
1550 1011 1734 1102 secularis,
1822 1089 1826 1098 ,

329 1144 448 1208 contra
468 1135 558 1206 hanc
575 1135 830 1208 concessionem
850 1143 1000 1207 nostram
1023 1156 1113 1208 ausu
1136 1133 1315 1206 temerario
1333 1133 1452 1205 venire
1467 1141 1655 1228 presumat,
1680 1135 1736 1206 vel

332 1259 367 1330 in
390 1258 508 1352 aliquo
529 1259 715 1350 contraire;
736 1259 833 1353 quod
855 1259 916 1354 qui
937 1258 1203 1354 presumpserit,
1229 1256 1501 1351 indignationem
1528 1265 1680 1329 nostram
1704 1268 1739 1329 st

332 1403 455 1477 penam
479 1381 731 1476 quinquaginta
749 1382 915 1454 librarum
936 1381 1012 1455 auri
1038 1404 1077 1454 se
1101 1381 1237 1454 noverit
1260 1381 1498 1472 incursurum,
1521 1381 1739 1454 medietatem

330 1523 467 1575 camere
484 1513 598 1576 nostro
616 1513 651 1576 et
674 1505 817 1576 alteram
840 1504 1059 1576 medietatem
1081 1503 1192 1598 passis
1218 1503 1379 1596 injurium
1395 1504 1671 1598 persolvendam.
1696 1506 1739 1577 Ut

330 1637 445 1700 autem
468 1627 532 1700 hec
554 1638 669 1700 nostra
690 1628 865 1700 concessio
887 1637 961 1702 rata
988 1649 1124 1723 semper
1141 1638 1176 1700 et
1201 1628 1406 1700 inconvulsa
1424 1636 1639 1722 permaneat,
1662 1649 1739 1722 pre-

330 1771 411 1822 sens
427 1751 592 1847 scriptum
616 1751 690 1825 fieri
712 1763 747 1825 et
764 1752 877 1846 sigillo
896 1752 1084 1846 majestatis
1103 1760 1219 1824 nostre
1233 1751 1401 1844 jussimus
1420 1751 1636 1823 communiri.

378 1875 489 1966 liujus
502 1897 586 1948 vero
603 1877 651 1949 roi
671 1887 774 1950 testes
790 1886 891 1966 sunt,
916 1877 957 1948 G.
984 1875 1190 1948 venerabilis
1207 1874 1512 1948 ierusalemitanus
1527 1874 1733 1970 patriarcha,

330 1999 382 2070 Jo.
400 1997 453 2092 (2)
465 1999 616 2093 Reginus
635 2009 669 2072 ct
686 2001 731 2073 M.
747 2000 906 2074 Berensis
919 1999 1185 2094 archiepiscopi,
1209 2001 1249 2070 B.
1267 1997 1320 2095 (3)
1337 1996 1520 2070 Melliensis
1534 2007 1568 2070 et
1582 1999 1611 2070 J.
1630 1997 1738 2070 Acco·

329 2122 446 2194 nensis
469 2123 634 2218 episcopi,
659 2124 767 2197 abbas
790 2123 1035 2215 Morbacensis,
1064 2125 1168 2196 irater
1187 2123 1229 2194 ll.
1258 2123 1420 2218 magister
1442 2123 1567 2196 domus
1592 2123 1738 2195 Theuto

330 2244 425 2337 nice,
446 2247 486 2318 ll.
508 2244 585 2318 dux
607 2247 748 2342 Spoleti,
769 2257 804 2320 et
823 2247 881 2320 alii
897 2269 1003 2342 quam
1019 2249 1150 2343 piures.

377 2369 501 2440 Datum
528 2369 623 2464 apud
653 2369 868 2462 Ydrontnm,
892 2393 984 2444 anno
1003 2371 1176 2444 dominice
1201 2368 1445 2442 incarnationis
1466 2370 1647 2444 millesimo
1671 2371 1737 2444 du·

329 2493 515 2565 contesimo
533 2494 697 2567 vicesimo
712 2495 876 2590 septimo,
893 2517 1012 2568 mense
1025 2493 1245 2590 septembris,
1268 2494 1378 2589 prime
1395 2494 1610 2586 indictionis,
1628 2497 1737 2590 impe-

328 2624 425 2688 ranto
443 2615 585 2688 domino
606 2629 723 2691 nostro
745 2617 918 2692 Friderioo
948 2617 1120 2709 secundo,
1154 2618 1216 2690 llei
1240 2617 1350 2712 gratia
1368 2617 1596 2690 invictissimo
1613 2619 1737 2692 Roma·

330 2757 453 2808 norum
465 2737 682 2834 imperatore,
696 2761 833 2836 semper
842 2747 1004 2835 augusto,
1016 2741 1204 2814 Jerusalem
1215 2751 1250 2812 et
1261 2740 1375 2813 Sicilie
1384 2761 1477 2835 rege,
1494 2762 1585 2813 anno
1594 2742 1737 2814 Romani

329 2864 462 2957 imperii
479 2867 555 2958 ejus
570 2865 729 2958 septimo,
750 2865 847 2958 regni
869 2865 984 2938 Sicilie
1004 2865 1189 2954 tricesimo,
1207 2874 1242 2936 et
1261 2864 1356 2958 regni
1375 2866 1564 2938 Ierusalem
1583 2865 1737 2939 secundo

331 2987 484 3062 feliciter.
504 2988 627 3061 Amen.
845 2991 849 3001 '

382 3523 580 3634 Encyclica
609 3521 778 3632 Gregorii
806 3547 935 3630 papae,
965 3547 1043 3630 qua
1066 3545 1283 3603 memorans
1307 3519 1500 3629 quomodo
1524 3519 1736 3604 Fridericus

330 3655 587 3738 Romanorum
611 3653 830 3761 imperator,
852 3651 1122 3760 promissiones
1140 3677 1210 3759 pro
1233 3650 1454 3734 liberatione
1473 3661 1580 3734 terre
1595 3661 1734 3736 sancte

328 3788 437 3870 toties
459 3786 578 3870 factas
600 3784 774 3892 eluserit,
804 3784 914 3866 illum
935 3783 1306 3868 excommunicatum
1328 3792 1365 3865 et
1389 3783 1438 3866 ab
1456 3783 1634 3866 omnibus
1652 3784 1735 3867 eri-

328 3918 487 4001 tandum
505 3917 722 4023 denuntiat,
746 3942 817 4025 pro
835 3942 881 3998 eo
898 3917 1005 4026 quod
1023 3943 1100 3999 non
1119 3915 1375 3999 transfretavit
1392 3916 1432 3996 in
1446 3915 1608 3998 termino
1625 3942 1733 4024 prae-

363 4233 397 4305 (l)
414 4231 618 4290 successionem
629 4231 830 4290 marchionatus
843 4231 985 4290 Misnmsis
997 4233 1070 4289 undo
1081 4238 1146 4288 tunc
1158 4232 1288 4306 temporis
1298 4231 1390 4304 viginti
1403 4229 1485 4288 millia
1494 4245 1644 4288 maroamm
1658 4239 1735 4288 erant

326 4329 511 4402 percipienda,
525 4329 669 4388 Lndouico
684 4329 831 4402 lantgravio
844 4329 1005 4402 promiserat
1023 4329 1168 4402 imperator
1182 4343 1232 4402 pro
1248 4326 1499 4402 recompensatione
1513 4342 1690 4400 expensarum
1706 4329 1734 4386 iu

326 4431 457 4498 apparatu
469 4424 532 4484 belli
544 4426 613 4484 sacri
624 4425 764 4484 tncnrum.
775 4425 838 4484 vid.
852 4425 962 4482 Froder.
976 4426 1001 4481 ll
1015 4423 1157 4499 epistolam
1173 4428 1189 4480 6
1203 4424 1339 4496 decenn,
1352 4423 1433 4496 hujus
1446 4423 1519 4482 anni.

363 4521 395 4594 (Ξ)
414 4522 511 4578 Lundo
527 4530 632 4595 auum,
647 4539 701 4580 non
714 4524 838 4594 Ioannes,
855 4523 902 4598 qui
921 4523 949 4578 in
966 4521 1086 4595 catalogo
1100 4519 1363 4596 archiepiscoporum
1378 4521 1567 4595 Rhegicnsium
1582 4520 1662 4594 hujus
1676 4523 1734 4578 acri

326 4633 457 4692 numquam
472 4627 593 4694 apparot.

363 4714 397 4787 (a)
415 4715 569 4788 Lugendum
583 4723 673 4775 anoem
687 4719 731 4790 n,
746 4717 851 4776 scilicet
866 4717 1017 4775 litherius.
