4652 6092
927 639 1240 704 acclamata.
1731 641 1792 704 495

374 786 530 884 ipsorum
549 791 585 856 et
600 781 823 856 ecclesiarum
836 777 981 875 diripuit
1000 783 1035 850 et
1052 775 1204 872 quadam
1224 775 1327 850 etiam
1348 797 1411 874 per
1428 799 1553 851 manus
1571 777 1790 852 inimicorum

374 908 489 982 crude
508 905 653 998 Christi,
675 924 843 998 sacraque
862 921 947 975 vasa
968 900 1097 975 divinis
1123 901 1248 976 usibus
1271 899 1437 999 deputata
1458 901 1696 1000 prophanans,
1722 904 1791 978 cle-

374 1031 457 1106 ricis
472 1031 557 1128 ipsis
574 1051 719 1126 aquam,
740 1029 869 1121 ignem,
893 1033 1069 1098 nocturum
1091 1026 1195 1122 panis
1216 1033 1252 1100 et
1274 1026 1341 1100 ulia
1364 1027 1570 1101 commercia
1594 1026 1788 1120 interdixit,

375 1157 557 1252 factusque
583 1155 736 1228 Faraoue
758 1151 908 1228 deterior
930 1149 1087 1224 divinum
1109 1149 1276 1224 ultionem
1299 1171 1369 1223 nou
1396 1159 1554 1224 metuens
1577 1151 1707 1226 clerum
1731 1154 1790 1226 af-

375 1279 468 1354 flixit
490 1279 703 1354 cruciatibus
724 1275 882 1350 infinitis.
909 1273 1010 1350 Unde
1036 1269 1218 1348 adscendit
1248 1274 1296 1349 ad
1318 1295 1382 1348 uos
1409 1275 1554 1367 clamor,
1577 1275 1730 1350 ululatus
1755 1286 1791 1352 et

375 1404 503 1479 stridor
521 1403 740 1494 miserabilis,
756 1401 896 1476 validus
916 1409 952 1473 et
970 1399 1164 1475 horrendus
1181 1401 1405 1475 ecclesiarum
1418 1409 1454 1474 et
1466 1401 1669 1475 clericorum
1691 1401 1789 1497 regui

375 1529 490 1603 Sicilie
513 1537 548 1604 ct
567 1527 710 1625 Apulis,
735 1547 839 1621 quem
860 1525 958 1598 salva
983 1525 1194 1599 conscientia
1217 1525 1350 1600 diutius
1375 1525 1519 1600 tolerare
1544 1525 1787 1622 nequivimus,

375 1653 462 1750 quin
484 1661 704 1726 cortracum
726 1671 968 1724 exerceremus
989 1651 1081 1726 hauc
1101 1651 1367 1726 ecelesiasticam
1390 1651 1568 1743 ultionem,
1589 1673 1669 1724 cum
1687 1651 1791 1744 juxte

376 1799 552 1851 sacrorum
571 1777 712 1850 Patrum
738 1775 921 1850 canonicas
938 1777 1132 1850 sanctiones
1156 1775 1188 1850 ei
1207 1775 1267 1872 qui
1284 1777 1356 1849 Deo
1373 1783 1408 1848 et
1420 1775 1573 1850 Ecclesie
1594 1773 1699 1851 fidem
1720 1797 1790 1850 uon

376 1911 492 1976 servat
504 1911 539 1976 et
552 1909 714 1998 precepta
728 1899 849 1974 divina
866 1901 1047 1974 conculcat
1059 1923 1130 1974 nou
1150 1901 1195 1974 sit
1211 1898 1383 1974 servanda
1399 1897 1547 1974 fidelitas
1561 1910 1597 1974 et
1611 1901 1790 1998 presertim

376 2026 660 2099 acommuniono
690 2023 846 2099 fidelium
871 2035 1042 2122 separato.
1072 2023 1463 2100 Excummuuicavimus
1481 2025 1624 2122 insuper
1646 2034 1680 2099 et
1706 2047 1792 2098 aua-

377 2149 676 2224 tbematizavimus
688 2171 809 2224 omnes
825 2150 887 2244 qui
904 2150 937 2223 ei
952 2159 1072 2224 contra
1083 2152 1272 2225 itomanam
1283 2150 1470 2224 Ecclesiam
1483 2151 1539 2223 vel
1554 2149 1791 2246 impugnando

377 2275 623 2372 patrimonium
639 2277 715 2369 ejus
730 2295 794 2348 seu
810 2275 890 2368 jura
908 2275 1098 2371 spiritualia
1117 2277 1174 2350 vel
1192 2275 1393 2372 temporalia
1411 2273 1511 2348 Sedis
1526 2273 1712 2370 apostolice
1725 2275 1792 2348 illi·
1869 2277 1875 2290 '

377 2399 445 2473 cite
459 2399 660 2496 usurpando
679 2399 852 2473 auxilium
869 2400 1078 2496 prostiterint
1094 2401 1150 2474 vel
1168 2402 1334 2474 favorem.
1351 2399 1406 2474 Ad
1419 2399 1486 2473 boc
1501 2421 1570 2472 non
1585 2400 1660 2472 siue
1673 2397 1792 2474 dolore

378 2543 420 2598 ac
432 2522 568 2620 pudore
581 2524 761 2597 referimus
780 2523 877 2619 quod
896 2545 977 2596 cum
991 2523 1086 2597 idem
1103 2525 1288 2621 imperator
1300 2525 1438 2622 propria
1453 2547 1559 2597 mauu
1569 2525 1738 2618 juraverit
1751 2545 1790 2599 se

378 2647 526 2720 termino
537 2669 641 2743 quem
654 2645 722 2722 sibi
739 2647 926 2745 prebuerat
946 2647 983 2720 iu
999 2649 1102 2722 Terre
1119 2651 1242 2723 Sancte
1259 2650 1456 2725 subsidium
1469 2650 1691 2724 transiturum
1708 2674 1790 2724 cum

379 2770 601 2846 multitudiue
620 2771 782 2864 militum,
801 2772 1041 2847 celandrarum
1055 2781 1090 2846 et
1110 2775 1306 2869 galearum,
1326 2774 1520 2848 secuudum
1539 2775 1636 2871 quod
1653 2775 1790 2849 culmen

379 2893 567 2991 imperialis
583 2896 798 2971 celsitudinis
816 2897 992 2992 exigebat,
1015 2905 1049 2969 ct
1069 2897 1187 2971 fecerit
1205 2897 1240 2969 in
1262 2920 1300 2971 se
1323 2898 1405 2972 ferri
1423 2899 1792 2973 excommunicationis

378 3020 584 3094 senteutiam
603 3021 633 3093 si
651 3021 716 3094 bec
734 3021 825 3094 sicut
849 3021 1053 3117 promiserat
1065 3043 1135 3096 non
1158 3022 1331 3118 impleret,
1357 3024 1531 3098 nescimus
1552 3046 1701 3120 quorum
1725 3025 1791 3098 im·

379 3144 527 3240 provido
552 3167 639 3218 usus
665 3145 808 3219 consilio
833 3145 891 3219 val
913 3146 1030 3242 potius
1055 3145 1227 3221 diabolica
1254 3148 1377 3222 fraude
1396 3147 1582 3246 deceptus,
1605 3149 1791 3247 assumptis

379 3267 591 3364 quibusdam
615 3270 756 3366 prelatis
778 3278 814 3343 et
840 3270 1007 3343 militibus
1032 3271 1173 3367 paucis,
1199 3273 1295 3344 nulla
1319 3273 1549 3347 satisfactione
1576 3275 1718 3370 prestita
1736 3275 1793 3348 vel

380 3392 596 3467 absolutione
615 3405 766 3491 recepta,
785 3405 923 3492 portum
937 3395 1123 3468 brundusii
1146 3391 1291 3470 latenter
1310 3397 1511 3491 egrediens,
1533 3419 1604 3492 quo
1626 3419 1687 3494 pro
1701 3407 1795 3471 serto

380 3517 484 3592 iverit
503 3519 694 3613 ignoratur.
722 3520 760 3592 Si
784 3527 902 3593 autem
921 3520 969 3593 ita
994 3519 1213 3616 impotenter,
1236 3522 1284 3596 itu
1309 3519 1469 3596 debiliter
1490 3521 1527 3594 in
1546 3523 1648 3594 Teme
1671 3523 1794 3594 Sancte

381 3641 576 3716 subsidium
591 3644 835 3734 transfretaret,
851 3643 1116 3718 irremediabilis
1134 3643 1290 3718 confusio
1310 3655 1400 3718 esset
1420 3645 1526 3718 totius
1548 3645 1668 3741 populi
1686 3645 1795 3719 cbris-

382 3745 479 3858 tiaui,
496 3766 581 3861 quia
598 3767 692 3840 illius
711 3769 862 3864 potentia
879 3769 941 3864 qui
964 3790 1027 3866 pre
1047 3771 1180 3842 cunctis
1194 3769 1389 3844 christianis
1407 3771 1624 3869 principibus
1645 3771 1796 3846 creditur

381 3911 458 3964 esse
474 3891 658 3986 potentior,
677 3891 773 3987 apud
789 3893 977 3966 Saracenos
993 3893 1282 3990 periculosissime
1295 3895 1496 3988 vilescente,
1509 3895 1574 3970 vix
1587 3906 1678 3970 esset
1690 3918 1794 3992 quem

383 4013 429 4088 de
455 4024 569 4088 cetero
589 4015 830 4110 formidarent,
855 4017 962 4091 immo
982 4028 1101 4092 contra
1122 4019 1327 4093 christianos
1348 4019 1551 4094 insultarent
1573 4019 1738 4094 audacter
1763 4031 1797 4094 et

383 4160 504 4213 secure
521 4139 685 4213 sevirent.
705 4141 744 4212 In
763 4150 863 4236 portu
882 4149 997 4216 autem
1016 4143 1121 4242 paulo
1140 4152 1221 4217 ante
1242 4151 1370 4217 statuta
1386 4141 1498 4218 edidit
1516 4151 1551 4217 et
1565 4143 1695 4217 litteras
1713 4143 1797 4218 des-

387 4263 510 4336 tinavit
538 4263 584 4337 ad
613 4264 890 4360 impugnandum
918 4275 954 4338 et
981 4267 1222 4364 usurpandum
1250 4267 1497 4365 patrimonium
1524 4270 1710 4366 apostolice
1735 4271 1795 4342 Se-

385 4383 440 4462 dis
454 4383 522 4484 (l),
540 4388 817 4463 Benevemmum
832 4389 985 4464 obsideri
997 4390 1127 4466 faciens
1142 4391 1317 4466 civitatem
1330 4413 1400 4488 que
1417 4401 1470 4466 est
1481 4392 1633 4466 Ecclesie
1645 4393 1797 4468 llcmaue

421 4773 968 4852 (rru.upnp.ss,epuuumuum
981 4777 1359 4854 smmunmrjunsuss.
1413 4735 1416 4742 ¹
