4658 6132
503 645 562 707 102
999 646 1211 710 bolonitici
1236 647 1409 710 SECUNDI
1724 645 1802 732 [bu.
1821 648 1906 712 1229.

501 787 670 874 quantum
694 779 805 874 placet
820 778 1018 854 horninibus
1034 781 1261 878 imperatoris.
1276 783 1348 856 llec
1369 779 1524 856 vidimus
1543 789 1579 854 et
1593 781 1795 856 audivimus
1807 793 1843 856 ct
1859 783 1909 856 sic

501 901 699 976 inveritate
714 903 781 975 luit
794 903 894 976 nobis
906 905 1036 978 ibidem
1051 905 1281 980 existentibus
1292 905 1508 996 ordinetum3
1522 905 1714 980 oblationes
1724 906 1828 980 etiem
1839 928 1910 1002 que

502 1025 539 1097 in
558 1027 685 1122 templo
700 1027 837 1099 Domini
855 1029 1045 1102 offeruntur
1060 1027 1108 1102 ed
1127 1029 1279 1125 lapidem
1301 1029 1364 1104 ubi
1385 1031 1486 1104 lesus
1502 1027 1656 1102 Christus
1682 1029 1749 1102 luit
1772 1030 1913 1104 oblatus

500 1148 673 1244 recipiunt
686 1149 875 1224 christiani.
890 1151 1022 1226 Dicitur
1035 1153 1139 1226 etiarn
1154 1153 1201 1226 ob
1216 1153 1368 1248 antiquis
1381 1152 1477 1248 quod
1491 1161 1572 1228 ento
1586 1153 1806 1228 amissionem
1821 1162 1911 1228 terre

500 1282 618 1348 sancte
632 1275 810 1348 Senaceni
826 1275 897 1350 lere
912 1276 949 1347 in
960 1277 1122 1350 omnibus
1137 1277 1335 1352 civitatibus
1350 1277 1613 1352 christianorum
1628 1279 1722 1372 leges
1737 1299 1818 1352 sues
1833 1301 1913 1354 ser-

502 1399 633 1472 vubent
654 1407 689 1473 et
715 1399 750 1471 in
772 1401 929 1474 oratoriis
952 1402 1026 1475 suis
1043 1423 1103 1476 eus
1129 1403 1335 1496 clamabunt,
1355 1403 1445 1478 sicut
1461 1403 1565 1476 etium
1587 1402 1763 1476 christiani
1786 1403 1824 1475 in
1842 1405 1911 1478 Da-

502 1543 618 1596 masco
635 1533 671 1596 et
690 1524 818 1596 inullis
833 1525 1207 1600 terrisSerrucenoruun
1223 1525 1529 1622 custodiuntlegee
1544 1545 1637 1600 suos.
1656 1527 1728 1598 lloc
1740 1547 1824 1600 vero
1838 1548 1912 1600 non

501 1646 582 1722 ideo
603 1647 705 1721 vobis
733 1648 916 1722 scribimus
934 1648 1030 1744 quod
1049 1651 1142 1726 idem
1155 1651 1290 1746 placent
1307 1651 1448 1726 donnino
1463 1649 1660 1748 imperatori
1677 1658 1712 1724 et
1725 1649 1822 1744 quod
1839 1672 1909 1724 non

501 1772 647 1846 libenter
660 1773 690 1844 si
704 1774 873 1868 potuisset
885 1775 984 1848 eliter
998 1776 1203 1850 ordinasset.
1221 1775 1302 1864 Sed,
1317 1775 1506 1850 sicutlleus
1515 1775 1625 1867 novit,
1638 1796 1758 1871 paoem
1772 1787 1808 1848 et
1817 1783 1910 1850 treu-

503 1917 590 1990 gnns
612 1918 684 1998 non
702 1897 813 1992 potuit
833 1898 932 1972 uliter
955 1900 1118 1973 stabilire.
1140 1899 1262 1972 Omnis
1277 1900 1431 1996 predicto
1447 1899 1577 1974 ideireo
1594 1899 1697 1972 vobis
1709 1899 1913 1994 scripsimus

504 2028 545 2092 ut
555 2021 641 2092 forte
648 2021 678 2092 si
690 2020 845 2094 vobisab
854 2023 922 2094 elio
933 2023 1031 2096 aliter
1041 2023 1260 2114 scriberetur,
1276 2023 1679 2098 scintisveritotem-sic
1690 2031 1742 2097 est
1755 2033 1793 2096 ut
1802 2025 1912 2120 scrip·

504 2142 615 2216 simus
631 2181 674 2196 -
689 2151 724 2216 et
738 2143 834 2216 omui
848 2143 985 2240 spiritui
1000 2167 1071 2219 non
1088 2145 1256 2236 credetis3
1274 2155 1309 2220 et
1322 2147 1406 2240 quio
1419 2146 1548 2222 scimus
1561 2147 1664 2220 etium
1678 2145 1775 2242 quod
1789 2168 1911 2243 puoern

504 2275 541 2342 et
550 2266 770 2342 concordiam
785 2268 873 2343 iuter
887 2269 1075 2344 Ecclesiam
1091 2280 1127 2344 et
1140 2271 1379 2368 imporatorum
1391 2271 1536 2367 diligitis
1547 2281 1583 2346 et
1594 2291 1658 2366 pru
1670 2271 1745 2366 ipsu
1755 2271 1913 2348 brenna

504 2391 650 2466 sollicite
667 2393 848 2482 laboratis,
868 2415 930 2491 pro
952 2417 1023 2492 quo
1042 2417 1106 2470 vos
1123 2417 1341 2470 moneremus
1360 2405 1488 2472 attente
1505 2396 1536 2470 si
1556 2405 1647 2471 esset
1672 2415 1824 2470 neccsse.
1844 2395 1912 2470 Ge-
1982 2463 1987 2474 .

506 2525 617 2591 terum
633 2518 721 2591 letor
737 2519 949 2616 presentium
970 2522 1073 2594 bnon
1087 2523 1122 2595 S.
1147 2543 1302 2596 rumores
1320 2543 1442 2596 omncs
1456 2521 1557 2596 vobis
1571 2519 1709 2618 plonius
1725 2519 1908 2594 intimabit.

560 3079 765 3187 Geroldus,
785 3080 1002 3190 patriarcha
1018 3075 1403 3190 Hierosolymitenus‚
1423 3100 1545 3186 papae
1572 3073 1703 3158 scribit
1726 3069 1915 3184 quidquid

505 3211 718 3298 Fridericus
744 3213 950 3322 imperator
972 3211 1012 3293 in
1035 3219 1137 3293 terre
1159 3219 1290 3293 sanctu
1319 3218 1406 3320 post
1429 3233 1624 3292 accessum
1655 3231 1770 3290 suurn
1795 3203 1915 3316 egerit

505 3356 543 3430 et
555 3347 749 3457 quomodo
759 3372 848 3430 oum
858 3345 1026 3428 Soldano
1035 3343 1406 3454 Bnbyloniaepsoem
1419 3339 1719 3446 fraudulentam,
1734 3335 1915 3448 neglectis

505 3489 628 3564 terrae
645 3477 894 3586 utilitatibus,
913 3477 1052 3560 inierit.

584 3693 868 3768 (tubulorum,
883 3687 995 3754 Annei.
1010 3687 1117 3766 archs,
1131 3689 1172 3753 od
1183 3705 1254 3752 unu.
1273 3697 1358 3765 trec,
1370 3685 1389 3770 ς
1399 3689 1457 3768 111,
1466 3704 1506 3750 ox
1513 3687 1632 3768 Rogost.
1642 3683 1763 3764 Gregor.
1776 3699 1847 3745 nun.
1857 3679 1914 3760 111,

623 3801 710 3878 epist.
725 3807 779 3874 st,
793 3799 862 3860 coll.
877 3814 946 3862 cum
958 3797 1129 3860 collectione
1141 3793 1321 3874 Perlsleusl.)

555 3994 774 4068 Sanctissimo
800 3993 836 4064 in
859 3991 992 4066 Christo
1011 3989 1101 4086 patri
1124 3998 1159 4062 et
1186 3987 1328 4062 domino
1353 3986 1517 4081 Gregorio
1547 3983 1667 4058 divine
1696 3979 1916 4056 Providentia

506 4139 642 4192 summo
659 4116 831 4214 pontifici,
852 4117 893 4190 G.
914 4115 1131 4188 miseratione
1154 4112 1274 4186 divina
1291 4109 1484 4208 patriarche
1505 4107 1836 4204 Hierosolymitsnus
1849 4103 1916 4175 hue

507 4243 598 4315 milis
614 4249 649 4316 et
662 4242 827 4334 indignus
843 4239 988 4313 salutern
1005 4261 1085 4310 cum
1102 4259 1238 4311 summu
1251 4233 1444 4308 reverentia
1460 4243 1495 4307 et
1512 4231 1639 4307 devote
1655 4231 1785 4328 pedum
1798 4227 1917 4302 oscula

506 4369 699 4441 beatorum.
730 4365 949 4438 sanctitatem
971 4372 1139 4454 uestram,
1164 4369 1261 4458 puter
1285 4369 1414 4447 sancte,
1437 4380 1543 4454 snper
1567 4364 1659 4430 statu
1679 4353 1809 4450 negotii
1828 4362 1917 4426 terro

507 4501 625 4566 eenole
655 4490 822 4564 duximus
847 4489 1065 4583 presentibus
1094 4484 1333 4560 instruendum
1356 4492 1397 4555 ut
1422 4505 1469 4556 ex
1488 4481 1593 4554 rebus
1611 4479 1748 4576 plenius
1770 4475 1918 4572 cognitis

506 4624 621 4688 motus
637 4625 751 4687 vestre
778 4611 1003 4684 beatitudinis
1033 4613 1148 4683 velent
1177 4607 1223 4682 de
1247 4607 1395 4703 singulis
1425 4605 1574 4702 amplius
1603 4599 1790 4676 informari.
1824 4597 1917 4671 Scint

507 4739 612 4835 igitur
625 4737 788 4812 sanctitas
804 4743 919 4809 vestra
934 4735 1133 4830 quodcirca
1149 4735 1272 4807 testum
1285 4731 1377 4806 beati
1391 4730 1573 4804 Clementis
1586 4728 1771 4832 imperator
1783 4725 1916 4822 Ioppeu
