<?xml version="1.0" encoding="UTF-8"?>
<!DOCTYPE html PUBLIC "-//W3C//DTD XHTML 1.0 Transitional//EN"
    "http://www.w3.org/TR/xhtml1/DTD/xhtml1-transitional.dtd">
<html xmlns="http://www.w3.org/1999/xhtml" xml:lang="en" lang="en">
 <head>
  <title>
</title>
<meta http-equiv="Content-Type" content="text/html;charset=utf-8" />
  <meta name='ocr-system' content='tesseract 3.04.00' />
  <meta name='ocr-capabilities' content='ocr_page ocr_carea ocr_par ocr_line ocrx_word'/>
</head>
<body>
  <div class='ocr_page' id='page_1' title='image "./historiadiploma03fredgoog/historiadiploma03fredgoog_0349.png"; bbox 0 0 4710 6076; ppageno 0'>
   <div class='ocr_carea' id='block_1_1' title="bbox 541 547 1949 646">
    <p class='ocr_par' dir='ltr' id='par_1_1' title="bbox 541 547 1949 646">
     <span class='ocr_line' id='line_1_1' title="bbox 541 547 1949 646; baseline 0.011 -37"><span class='ocrx_word' id='word_1_1' title='bbox 541 547 603 610; x_wconf 79' lang='lat' dir='ltr'><strong>sto</strong></span> <span class='ocrx_word' id='word_1_2' title='bbox 1069 553 1239 617; x_wconf 71' lang='lat' dir='ltr'><strong>uruntur</strong></span> <span class='ocrx_word' id='word_1_3' title='bbox 1263 555 1429 620; x_wconf 76' lang='lat' dir='ltr'><strong>sartum</strong></span> <span class='ocrx_word' id='word_1_4' title='bbox 1765 559 1846 646; x_wconf 74' lang='lat' dir='ltr'><strong>[Ass.</strong></span> <span class='ocrx_word' id='word_1_5' title='bbox 1864 561 1949 624; x_wconf 70' lang='lat' dir='ltr'><strong>tart.</strong></span> 
     </span>
    </p>
   </div>
   <div class='ocr_carea' id='block_1_2' title="bbox 543 678 1954 1452">
    <p class='ocr_par' dir='ltr' id='par_1_2' title="bbox 543 678 1954 1452">
     <span class='ocr_line' id='line_1_2' title="bbox 543 678 1953 804; baseline 0.012 -43"><span class='ocrx_word' id='word_1_6' title='bbox 543 679 641 762; x_wconf 90' lang='lat' dir='ltr'><strong>nuit.</strong></span> <span class='ocrx_word' id='word_1_7' title='bbox 658 678 856 766; x_wconf 88' lang='lat' dir='ltr'><strong>Heinricus</strong></span> <span class='ocrx_word' id='word_1_8' title='bbox 877 685 1115 794; x_wconf 90' lang='lat' dir='ltr'><strong>imperatoris</strong></span> <span class='ocrx_word' id='word_1_9' title='bbox 1135 686 1239 771; x_wconf 91' lang='lat' dir='ltr'><strong>filius</strong></span> <span class='ocrx_word' id='word_1_10' title='bbox 1259 689 1449 772; x_wconf 88' lang='lat' dir='ltr'><strong>civitatem</strong></span> <span class='ocrx_word' id='word_1_11' title='bbox 1466 687 1668 802; x_wconf 83' lang='lat' dir='ltr'><strong>Brunswig</strong></span> <span class='ocrx_word' id='word_1_12' title='bbox 1688 715 1759 800; x_wconf 95' lang='lat' dir='ltr'><strong>pro</strong></span> <span class='ocrx_word' id='word_1_13' title='bbox 1780 717 1827 776; x_wconf 95' lang='lat' dir='ltr'><strong>eo</strong></span> <span class='ocrx_word' id='word_1_14' title='bbox 1847 695 1953 804; x_wconf 90' lang='lat' dir='ltr'><strong>quod</strong></span> 
     </span>
     <span class='ocr_line' id='line_1_3' title="bbox 545 812 1952 934; baseline 0.01 -40"><span class='ocrx_word' id='word_1_15' title='bbox 545 812 849 922; x_wconf 76' lang='lat' dir='ltr'>imperatorem</span> <span class='ocrx_word' id='word_1_16' title='bbox 864 843 887 898; x_wconf 92' lang='lat' dir='ltr'><strong>a</strong></span> <span class='ocrx_word' id='word_1_17' title='bbox 901 817 1046 927; x_wconf 89' lang='lat' dir='ltr'><strong>maj0re</strong></span> <span class='ocrx_word' id='word_1_18' title='bbox 1057 819 1145 901; x_wconf 92' lang='lat' dir='ltr'><strong>dicti</strong></span> <span class='ocrx_word' id='word_1_19' title='bbox 1161 819 1342 930; x_wconf 89' lang='lat' dir='ltr'><strong>principis</strong></span> <span class='ocrx_word' id='word_1_20' title='bbox 1353 821 1434 904; x_wconf 87' lang='lat' dir='ltr'><strong>filia</strong></span> <span class='ocrx_word' id='word_1_21' title='bbox 1443 833 1741 932; x_wconf 86' lang='lat' dir='ltr'><strong>comparaverat,</strong></span> <span class='ocrx_word' id='word_1_22' title='bbox 1751 826 1952 934; x_wconf 90' lang='lat' dir='ltr'><strong>emptionis</strong></span> 
     </span>
     <span class='ocr_line' id='line_1_4' title="bbox 544 945 1952 1068; baseline 0.007 -38"><span class='ocrx_word' id='word_1_23' title='bbox 544 945 656 1030; x_wconf 92' lang='lat' dir='ltr'><strong>titulo</strong></span> <span class='ocrx_word' id='word_1_24' title='bbox 668 947 886 1057; x_wconf 79' lang='lat' dir='ltr'><strong>impetebat,</strong></span> <span class='ocrx_word' id='word_1_25' title='bbox 904 959 942 1033; x_wconf 92' lang='lat' dir='ltr'><strong>et</strong></span> <span class='ocrx_word' id='word_1_26' title='bbox 961 951 1041 1034; x_wconf 83' lang='lat' dir='ltr'><strong>dux</strong></span> <span class='ocrx_word' id='word_1_27' title='bbox 1060 949 1254 1035; x_wconf 88' lang='lat' dir='ltr'><strong>Bavvariae</strong></span> <span class='ocrx_word' id='word_1_28' title='bbox 1271 978 1341 1061; x_wconf 94' lang='lat' dir='ltr'><strong>pro</strong></span> <span class='ocrx_word' id='word_1_29' title='bbox 1357 979 1403 1038; x_wconf 95' lang='lat' dir='ltr'><strong>eo</strong></span> <span class='ocrx_word' id='word_1_30' title='bbox 1421 955 1526 1063; x_wconf 90' lang='lat' dir='ltr'><strong>quod</strong></span> <span class='ocrx_word' id='word_1_31' title='bbox 1542 953 1713 1065; x_wconf 89' lang='lat' dir='ltr'><strong>ejusdem</strong></span> <span class='ocrx_word' id='word_1_32' title='bbox 1728 955 1859 1068; x_wconf 87' lang='lat' dir='ltr'><strong>junior</strong></span> <span class='ocrx_word' id='word_1_33' title='bbox 1873 957 1952 1040; x_wconf 87' lang='lat' dir='ltr'><strong>filia</strong></span> 
     </span>
     <span class='ocr_line' id='line_1_5' title="bbox 546 1077 1953 1196; baseline 0.007 -36"><span class='ocrx_word' id='word_1_34' title='bbox 546 1102 618 1162; x_wconf 91' lang='lat' dir='ltr'><strong>suo</strong></span> <span class='ocrx_word' id='word_1_35' title='bbox 640 1077 720 1162; x_wconf 89' lang='lat' dir='ltr'><strong>filio</strong></span> <span class='ocrx_word' id='word_1_36' title='bbox 746 1091 927 1190; x_wconf 79' lang='lat' dir='ltr'><strong>nupserat</strong></span> <span class='ocrx_word' id='word_1_37' title='bbox 946 1079 1012 1192; x_wconf 84' lang='lat' dir='ltr'><strong>jus</strong></span> <span class='ocrx_word' id='word_1_38' title='bbox 1033 1083 1328 1166; x_wconf 82' lang='lat' dir='ltr'><strong>haereditarium</strong></span> <span class='ocrx_word' id='word_1_39' title='bbox 1353 1085 1562 1196; x_wconf 78' lang='lat' dir='ltr'><strong>allegabat,</strong></span> <span class='ocrx_word' id='word_1_40' title='bbox 1582 1112 1670 1170; x_wconf 93' lang='lat' dir='ltr'><strong>cum</strong></span> <span class='ocrx_word' id='word_1_41' title='bbox 1693 1089 1844 1171; x_wconf 91' lang='lat' dir='ltr'><strong>interim</strong></span> <span class='ocrx_word' id='word_1_42' title='bbox 1862 1089 1953 1174; x_wconf 88' lang='lat' dir='ltr'><strong>Otto</strong></span> 
     </span>
     <span class='ocr_line' id='line_1_6' title="bbox 544 1209 1954 1327; baseline 0.009 -36"><span class='ocrx_word' id='word_1_43' title='bbox 544 1209 725 1293; x_wconf 91' lang='lat' dir='ltr'><strong>dominus</strong></span> <span class='ocrx_word' id='word_1_44' title='bbox 745 1211 794 1294; x_wconf 90' lang='lat' dir='ltr'><strong>de</strong></span> <span class='ocrx_word' id='word_1_45' title='bbox 811 1211 1018 1323; x_wconf 85' lang='lat' dir='ltr'><strong>Luneburg</strong></span> <span class='ocrx_word' id='word_1_46' title='bbox 1034 1223 1163 1322; x_wconf 88' lang='lat' dir='ltr'><strong>portas</strong></span> <span class='ocrx_word' id='word_1_47' title='bbox 1180 1213 1403 1302; x_wconf 82' lang='lat' dir='ltr'><strong>brunswich</strong></span> <span class='ocrx_word' id='word_1_48' title='bbox 1421 1217 1558 1327; x_wconf 78' lang='lat' dir='ltr'>irrupit</span> <span class='ocrx_word' id='word_1_49' title='bbox 1574 1229 1612 1300; x_wconf 92' lang='lat' dir='ltr'><strong>et</strong></span> <span class='ocrx_word' id='word_1_50' title='bbox 1628 1245 1711 1301; x_wconf 91' lang='lat' dir='ltr'><strong>cam</strong></span> <span class='ocrx_word' id='word_1_51' title='bbox 1735 1219 1775 1302; x_wconf 94' lang='lat' dir='ltr'><strong>in</strong></span> <span class='ocrx_word' id='word_1_52' title='bbox 1793 1221 1954 1303; x_wconf 89' lang='lat' dir='ltr'><strong>deditio·</strong></span> 
     </span>
     <span class='ocr_line' id='line_1_7' title="bbox 545 1343 1951 1452; baseline 0.009 -30"><span class='ocrx_word' id='word_1_53' title='bbox 545 1367 634 1424; x_wconf 91' lang='lat' dir='ltr'><strong>nem</strong></span> <span class='ocrx_word' id='word_1_54' title='bbox 661 1343 800 1452; x_wconf 90' lang='lat' dir='ltr'><strong>recepit</strong></span> <span class='ocrx_word' id='word_1_55' title='bbox 804 1405 936 1426; x_wconf 94' lang='grc'><strong>.....</strong></span> <span class='ocrx_word' id='word_1_56' title='bbox 953 1346 1151 1430; x_wconf 91' lang='lat' dir='ltr'><strong>Heinricns</strong></span> <span class='ocrx_word' id='word_1_57' title='bbox 1164 1374 1230 1430; x_wconf 80' lang='lat' dir='ltr'><strong>rex</strong></span> <span class='ocrx_word' id='word_1_58' title='bbox 1244 1359 1288 1432; x_wconf 91' lang='lat' dir='ltr'><strong>ut</strong></span> <span class='ocrx_word' id='word_1_59' title='bbox 1306 1347 1528 1434; x_wconf 89' lang='lat' dir='ltr'><strong>Brunswich</strong></span> <span class='ocrx_word' id='word_1_60' title='bbox 1545 1349 1732 1436; x_wconf 84' lang='lat' dir='ltr'><strong>obtineret</strong></span> <span class='ocrx_word' id='word_1_61' title='bbox 1748 1352 1951 1436; x_wconf 80' lang='lat' dir='ltr'><strong>Samnium</strong></span> 
     </span>
    </p>
   </div>
   <div class='ocr_carea' id='block_1_3' title="bbox 546 1473 1953 1720">
    <p class='ocr_par' dir='ltr' id='par_1_3' title="bbox 546 1473 1953 1720">
     <span class='ocr_line' id='line_1_8' title="bbox 546 1473 1953 1596; baseline 0.009 -41"><span class='ocrx_word' id='word_1_62' title='bbox 546 1473 663 1557; x_wconf 80' lang='lat' dir='ltr'><strong>intrat</strong></span> <span class='ocrx_word' id='word_1_63' title='bbox 692 1502 781 1559; x_wconf 91' lang='lat' dir='ltr'><strong>cum</strong></span> <span class='ocrx_word' id='word_1_64' title='bbox 807 1479 904 1562; x_wconf 88' lang='lat' dir='ltr'><strong>duee</strong></span> <span class='ocrx_word' id='word_1_65' title='bbox 929 1477 1147 1588; x_wconf 83' lang='lat' dir='ltr'><strong>bawariae,</strong></span> <span class='ocrx_word' id='word_1_66' title='bbox 1172 1481 1238 1564; x_wconf 90' lang='lat' dir='ltr'><strong>sed</strong></span> <span class='ocrx_word' id='word_1_67' title='bbox 1264 1481 1476 1592; x_wconf 80' lang='lat' dir='ltr'><strong>regreditur</strong></span> <span class='ocrx_word' id='word_1_68' title='bbox 1498 1483 1578 1566; x_wconf 92' lang='lat' dir='ltr'><strong>sine</strong></span> <span class='ocrx_word' id='word_1_69' title='bbox 1601 1485 1661 1568; x_wconf 91' lang='lat' dir='ltr'><strong>sni</strong></span> <span class='ocrx_word' id='word_1_70' title='bbox 1682 1485 1862 1596; x_wconf 83' lang='lat' dir='ltr'><strong>propositi</strong></span> <span class='ocrx_word' id='word_1_71' title='bbox 1890 1511 1953 1568; x_wconf 89' lang='lat' dir='ltr'><strong>ao-</strong></span> 
     </span>
     <span class='ocr_line' id='line_1_9' title="bbox 546 1607 1406 1720; baseline 0.007 -32"><span class='ocrx_word' id='word_1_72' title='bbox 546 1607 648 1694; x_wconf 86' lang='lat' dir='ltr'><strong>tione</strong></span> <span class='ocrx_word' id='word_1_73' title='bbox 671 1607 746 1718; x_wconf 86' lang='lat'>(1).</span> <span class='ocrx_word' id='word_1_74' title='bbox 770 1610 928 1692; x_wconf 80' lang='lat' dir='ltr'><strong>Atnsnr.</strong></span> <span class='ocrx_word' id='word_1_75' title='bbox 950 1611 1080 1720; x_wconf 78' lang='lat' dir='ltr'><strong>Saum,</strong></span> <span class='ocrx_word' id='word_1_76' title='bbox 1105 1613 1156 1696; x_wconf 91' lang='lat' dir='ltr'><strong>ad</strong></span> <span class='ocrx_word' id='word_1_77' title='bbox 1173 1639 1264 1696; x_wconf 88' lang='lat' dir='ltr'><strong>ann.</strong></span> <span class='ocrx_word' id='word_1_78' title='bbox 1290 1615 1406 1694; x_wconf 76' lang='lat'><strong>1227.</strong></span> 
     </span>
    </p>
   </div>
   <div class='ocr_carea' id='block_1_4' title="bbox 780 1923 1719 1936">
    <p class='ocr_par' dir='ltr' id='par_1_4' title="bbox 780 1923 1719 1936">
     <span class='ocr_line' id='line_1_10' title="bbox 780 1923 1719 1936; baseline 0.009 -4"><span class='ocrx_word' id='word_1_79' title='bbox 780 1923 919 1932; x_wconf 71' lang='lat'><strong>0—-—---</strong></span> <span class='ocrx_word' id='word_1_80' title='bbox 923 1927 933 1931; x_wconf 89' lang='lat'>-</span> <span class='ocrx_word' id='word_1_81' title='bbox 943 1925 1719 1936; x_wconf 46' lang='lat' dir='ltr'><strong>*cun—ffl—</strong></span> 
     </span>
    </p>
   </div>
   <div class='ocr_carea' id='block_1_5' title="bbox 545 2216 1954 2726">
    <p class='ocr_par' dir='ltr' id='par_1_5' title="bbox 545 2216 1954 2726">
     <span class='ocr_line' id='line_1_11' title="bbox 599 2216 1950 2305; baseline 0.002 -5"><span class='ocrx_word' id='word_1_82' title='bbox 599 2217 782 2300; x_wconf 90' lang='lat' dir='ltr'><strong>Henricns</strong></span> <span class='ocrx_word' id='word_1_83' title='bbox 803 2216 1062 2300; x_wconf 88' lang='lat' dir='ltr'><strong>Romanorum</strong></span> <span class='ocrx_word' id='word_1_84' title='bbox 1088 2242 1155 2298; x_wconf 82' lang='lat' dir='ltr'><strong>rex</strong></span> <span class='ocrx_word' id='word_1_85' title='bbox 1179 2217 1414 2300; x_wconf 85' lang='lat' dir='ltr'><strong>advocatiam</strong></span> <span class='ocrx_word' id='word_1_86' title='bbox 1435 2218 1563 2301; x_wconf 80' lang='lat' dir='ltr'><strong>cunae</strong></span> <span class='ocrx_word' id='word_1_87' title='bbox 1585 2220 1625 2300; x_wconf 91' lang='lat' dir='ltr'><strong>in</strong></span> <span class='ocrx_word' id='word_1_88' title='bbox 1648 2217 1950 2305; x_wconf 88' lang='lat' dir='ltr'><strong>Friclenhausen</strong></span> 
     </span>
     <span class='ocr_line' id='line_1_12' title="bbox 546 2349 1954 2462; baseline 0.001 -30"><span class='ocrx_word' id='word_1_89' title='bbox 546 2351 596 2433; x_wconf 89' lang='lat' dir='ltr'><strong>ad</strong></span> <span class='ocrx_word' id='word_1_90' title='bbox 618 2349 891 2434; x_wconf 86' lang='lat' dir='ltr'><strong>monasterium</strong></span> <span class='ocrx_word' id='word_1_91' title='bbox 909 2349 1087 2434; x_wconf 83' lang='lat' dir='ltr'><strong>Abensen</strong></span> <span class='ocrx_word' id='word_1_92' title='bbox 1107 2358 1338 2458; x_wconf 78' lang='lat' dir='ltr'><strong>spectantem</strong></span> <span class='ocrx_word' id='word_1_93' title='bbox 1362 2375 1480 2461; x_wconf 87' lang='lat' dir='ltr'><strong>quam</strong></span> <span class='ocrx_word' id='word_1_94' title='bbox 1505 2349 1555 2433; x_wconf 94' lang='lat' dir='ltr'><strong>ab</strong></span> <span class='ocrx_word' id='word_1_95' title='bbox 1581 2351 1797 2462; x_wconf 86' lang='lat' dir='ltr'><strong>episcopatu</strong></span> <span class='ocrx_word' id='word_1_96' title='bbox 1819 2352 1954 2436; x_wconf 89' lang='lat' dir='ltr'><strong>Herbi-</strong></span> 
     </span>
     <span class='ocr_line' id='line_1_13' title="bbox 545 2467 1953 2596; baseline 0.001 -30"><span class='ocrx_word' id='word_1_97' title='bbox 545 2483 691 2594; x_wconf 90' lang='lat' dir='ltr'><strong>polensi</strong></span> <span class='ocrx_word' id='word_1_98' title='bbox 714 2484 753 2566; x_wconf 95' lang='lat' dir='ltr'><strong>in</strong></span> <span class='ocrx_word' id='word_1_99' title='bbox 772 2483 883 2568; x_wconf 86' lang='lat' dir='ltr'><strong>feodo</strong></span> <span class='ocrx_word' id='word_1_100' title='bbox 904 2467 1047 2590; x_wconf 86' lang='lat' dir='ltr'><strong>tenuit,</strong></span> <span class='ocrx_word' id='word_1_101' title='bbox 1071 2482 1289 2566; x_wconf 88' lang='lat' dir='ltr'><strong>Hermanno</strong></span> <span class='ocrx_word' id='word_1_102' title='bbox 1307 2482 1483 2593; x_wconf 89' lang='lat' dir='ltr'><strong>episcopo</strong></span> <span class='ocrx_word' id='word_1_103' title='bbox 1499 2482 1759 2594; x_wconf 89' lang='lat' dir='ltr'><strong>Herbipolensi</strong></span> <span class='ocrx_word' id='word_1_104' title='bbox 1784 2485 1953 2596; x_wconf 84' lang='lat' dir='ltr'><strong>resignat</strong></span> 
     </span>
     <span class='ocr_line' id='line_1_14' title="bbox 546 2617 1889 2726; baseline 0 -26"><span class='ocrx_word' id='word_1_105' title='bbox 546 2627 584 2700; x_wconf 92' lang='lat' dir='ltr'><strong>et</strong></span> <span class='ocrx_word' id='word_1_106' title='bbox 597 2617 647 2700; x_wconf 92' lang='lat' dir='ltr'><strong>ab</strong></span> <span class='ocrx_word' id='word_1_107' title='bbox 663 2617 797 2702; x_wconf 89' lang='lat' dir='ltr'><strong>eodem</strong></span> <span class='ocrx_word' id='word_1_108' title='bbox 815 2617 991 2726; x_wconf 88' lang='lat' dir='ltr'><strong>episcopo</strong></span> <span class='ocrx_word' id='word_1_109' title='bbox 1007 2617 1207 2700; x_wconf 87' lang='lat' dir='ltr'><strong>remissam</strong></span> <span class='ocrx_word' id='word_1_110' title='bbox 1224 2617 1417 2726; x_wconf 89' lang='lat' dir='ltr'><strong>praedicto</strong></span> <span class='ocrx_word' id='word_1_111' title='bbox 1430 2617 1660 2702; x_wconf 87' lang='lat' dir='ltr'><strong>monasterio</strong></span> <span class='ocrx_word' id='word_1_112' title='bbox 1677 2617 1889 2702; x_wconf 90' lang='lat' dir='ltr'><strong>confirmat.</strong></span> 
     </span>
    </p>
   </div>
   <div class='ocr_carea' id='block_1_6' title="bbox 625 2831 1949 3016">
    <p class='ocr_par' dir='ltr' id='par_1_6' title="bbox 625 2831 1949 3016">
     <span class='ocr_line' id='line_1_15' title="bbox 625 2831 1949 2914; baseline 0.002 -21"><span class='ocrx_word' id='word_1_113' title='bbox 625 2832 719 2904; x_wconf 75' lang='lat' dir='ltr'><strong>(mut.</strong></span> <span class='ocrx_word' id='word_1_114' title='bbox 735 2833 767 2892; x_wconf 83' lang='lat' dir='ltr'><strong>in</strong></span> <span class='ocrx_word' id='word_1_115' title='bbox 780 2833 910 2892; x_wconf 78' lang='lat' dir='ltr'><strong>Monam.</strong></span> <span class='ocrx_word' id='word_1_116' title='bbox 925 2833 1017 2905; x_wconf 73' lang='lat' dir='ltr'><strong>Boia,</strong></span> <span class='ocrx_word' id='word_1_117' title='bbox 1030 2839 1054 2894; x_wconf 83' lang='lat' dir='ltr'><strong>t.</strong></span> <span class='ocrx_word' id='word_1_118' title='bbox 1068 2833 1180 2912; x_wconf 83' lang='lat' dir='ltr'>XXXI,</span> <span class='ocrx_word' id='word_1_119' title='bbox 1195 2849 1263 2910; x_wconf 87' lang='lat' dir='ltr'><strong>pars</strong></span> <span class='ocrx_word' id='word_1_120' title='bbox 1280 2839 1320 2912; x_wconf 83' lang='lat'><strong>1¹,</strong></span> <span class='ocrx_word' id='word_1_121' title='bbox 1332 2849 1363 2909; x_wconf 92' lang='lat' dir='ltr'><strong>p.</strong></span> <span class='ocrx_word' id='word_1_122' title='bbox 1379 2841 1449 2907; x_wconf 79' lang='lat'><strong>5²7,</strong></span> <span class='ocrx_word' id='word_1_123' title='bbox 1464 2831 1561 2893; x_wconf 83' lang='lat' dir='ltr'><strong>abbr.</strong></span> <span class='ocrx_word' id='word_1_124' title='bbox 1577 2849 1643 2911; x_wconf 88' lang='lat' dir='ltr'><strong>cop.</strong></span> <span class='ocrx_word' id='word_1_125' title='bbox 1660 2833 1792 2896; x_wconf 88' lang='lat' dir='ltr'><strong>erceb.</strong></span> <span class='ocrx_word' id='word_1_126' title='bbox 1806 2837 1881 2914; x_wconf 80' lang='lat' dir='ltr'><strong>sign.</strong></span> <span class='ocrx_word' id='word_1_127' title='bbox 1902 2844 1949 2907; x_wconf 73' lang='lat' dir='ltr'><strong>tr,</strong></span> 
     </span>
     <span class='ocr_line' id='line_1_16' title="bbox 667 2937 1131 3016; baseline -0.004 -16"><span class='ocrx_word' id='word_1_128' title='bbox 667 2941 830 3015; x_wconf 81' lang='lat' dir='ltr'><strong>commpto</strong></span> <span class='ocrx_word' id='word_1_129' title='bbox 842 2941 921 3000; x_wconf 83' lang='lat' dir='ltr'><strong>clrm</strong></span> <span class='ocrx_word' id='word_1_130' title='bbox 932 2955 1004 3000; x_wconf 88' lang='lat' dir='ltr'><strong>ann.</strong></span> <span class='ocrx_word' id='word_1_131' title='bbox 1022 2937 1131 3016; x_wconf 75' lang='lat' dir='ltr'><strong>leot.)</strong></span> 
     </span>
    </p>
   </div>
   <div class='ocr_carea' id='block_1_7' title="bbox 545 3123 1953 3962">
    <p class='ocr_par' dir='ltr' id='par_1_7' title="bbox 545 3123 1953 3962">
     <span class='ocr_line' id='line_1_17' title="bbox 596 3123 1950 3222; baseline 0.002 -27"><span class='ocrx_word' id='word_1_132' title='bbox 596 3123 777 3196; x_wconf 89' lang='lat' dir='ltr'><strong>Heinrions</strong></span> <span class='ocrx_word' id='word_1_133' title='bbox 790 3123 957 3220; x_wconf 91' lang='lat' dir='ltr'><strong>septimus</strong></span> <span class='ocrx_word' id='word_1_134' title='bbox 969 3123 1090 3197; x_wconf 90' lang='lat' dir='ltr'><strong>divina</strong></span> <span class='ocrx_word' id='word_1_135' title='bbox 1104 3123 1241 3198; x_wconf 84' lang='lat' dir='ltr'><strong>favente</strong></span> <span class='ocrx_word' id='word_1_136' title='bbox 1252 3125 1361 3220; x_wconf 80' lang='lat' dir='ltr'><strong>gratia</strong></span> <span class='ocrx_word' id='word_1_137' title='bbox 1377 3125 1604 3199; x_wconf 86' lang='lat' dir='ltr'><strong>Romanomm</strong></span> <span class='ocrx_word' id='word_1_138' title='bbox 1615 3145 1678 3198; x_wconf 83' lang='lat' dir='ltr'><strong>rex</strong></span> <span class='ocrx_word' id='word_1_139' title='bbox 1692 3133 1726 3198; x_wconf 90' lang='lat' dir='ltr'><strong>et</strong></span> <span class='ocrx_word' id='word_1_140' title='bbox 1741 3145 1875 3222; x_wconf 90' lang='lat' dir='ltr'><strong>semper</strong></span> <span class='ocrx_word' id='word_1_141' title='bbox 1887 3148 1950 3200; x_wconf 87' lang='lat' dir='ltr'><strong>an-</strong></span> 
     </span>
     <span class='ocr_line' id='line_1_18' title="bbox 547 3247 1950 3346; baseline 0.001 -26"><span class='ocrx_word' id='word_1_142' title='bbox 547 3259 683 3343; x_wconf 81' lang='lat' dir='ltr'><strong>gustus,</strong></span> <span class='ocrx_word' id='word_1_143' title='bbox 694 3247 854 3320; x_wconf 91' lang='lat' dir='ltr'><strong>omnibns</strong></span> <span class='ocrx_word' id='word_1_144' title='bbox 869 3257 1061 3342; x_wconf 89' lang='lat' dir='ltr'><strong>presentem</strong></span> <span class='ocrx_word' id='word_1_145' title='bbox 1075 3247 1236 3344; x_wconf 76' lang='lat' dir='ltr'><strong>paginam</strong></span> <span class='ocrx_word' id='word_1_146' title='bbox 1251 3249 1465 3321; x_wconf 87' lang='lat' dir='ltr'><strong>intuentibus</strong></span> <span class='ocrx_word' id='word_1_147' title='bbox 1476 3249 1512 3320; x_wconf 92' lang='lat' dir='ltr'><strong>in</strong></span> <span class='ocrx_word' id='word_1_148' title='bbox 1525 3257 1740 3346; x_wconf 90' lang='lat' dir='ltr'><strong>perpetuum.</strong></span> <span class='ocrx_word' id='word_1_149' title='bbox 1753 3248 1808 3323; x_wconf 85' lang='lat' dir='ltr'><strong>Ad</strong></span> <span class='ocrx_word' id='word_1_150' title='bbox 1822 3249 1950 3322; x_wconf 88' lang='lat' dir='ltr'><strong>utrius-</strong></span> 
     </span>
     <span class='ocr_line' id='line_1_19' title="bbox 546 3371 1949 3468; baseline 0 -24"><span class='ocrx_word' id='word_1_151' title='bbox 546 3394 617 3466; x_wconf 90' lang='lat' dir='ltr'><strong>que</strong></span> <span class='ocrx_word' id='word_1_152' title='bbox 637 3374 708 3446; x_wconf 87' lang='lat' dir='ltr'><strong>vite</strong></span> <span class='ocrx_word' id='word_1_153' title='bbox 723 3372 918 3444; x_wconf 80' lang='lat' dir='ltr'><strong>felicitatem</strong></span> <span class='ocrx_word' id='word_1_154' title='bbox 940 3371 1040 3445; x_wconf 88' lang='lat' dir='ltr'><strong>nobis</strong></span> <span class='ocrx_word' id='word_1_155' title='bbox 1056 3372 1220 3468; x_wconf 84' lang='lat' dir='ltr'><strong>prodesse</strong></span> <span class='ocrx_word' id='word_1_156' title='bbox 1237 3394 1307 3446; x_wconf 96' lang='lat' dir='ltr'><strong>non</strong></span> <span class='ocrx_word' id='word_1_157' title='bbox 1323 3373 1532 3468; x_wconf 81' lang='lat' dir='ltr'><strong>ambigimus</strong></span> <span class='ocrx_word' id='word_1_158' title='bbox 1555 3373 1585 3446; x_wconf 91' lang='lat' dir='ltr'><strong>si</strong></span> <span class='ocrx_word' id='word_1_159' title='bbox 1608 3373 1682 3446; x_wconf 90' lang='lat' dir='ltr'><strong>loca</strong></span> <span class='ocrx_word' id='word_1_160' title='bbox 1700 3371 1821 3446; x_wconf 91' lang='lat' dir='ltr'><strong>divino</strong></span> <span class='ocrx_word' id='word_1_161' title='bbox 1841 3373 1949 3447; x_wconf 88' lang='lat' dir='ltr'><strong>cultui</strong></span> 
     </span>
     <span class='ocr_line' id='line_1_20' title="bbox 545 3495 1951 3593; baseline 0 -22"><span class='ocrx_word' id='word_1_162' title='bbox 545 3497 740 3592; x_wconf 88' lang='lat' dir='ltr'><strong>mancipata</strong></span> <span class='ocrx_word' id='word_1_163' title='bbox 755 3495 954 3569; x_wconf 90' lang='lat' dir='ltr'><strong>curavimus</strong></span> <span class='ocrx_word' id='word_1_164' title='bbox 978 3495 1142 3591; x_wconf 89' lang='lat' dir='ltr'><strong>ampliare</strong></span> <span class='ocrx_word' id='word_1_165' title='bbox 1164 3505 1198 3568; x_wconf 94' lang='lat' dir='ltr'><strong>et</strong></span> <span class='ocrx_word' id='word_1_166' title='bbox 1217 3496 1333 3569; x_wconf 89' lang='lat' dir='ltr'><strong>innata</strong></span> <span class='ocrx_word' id='word_1_167' title='bbox 1349 3496 1449 3570; x_wconf 91' lang='lat' dir='ltr'><strong>nobis</strong></span> <span class='ocrx_word' id='word_1_168' title='bbox 1472 3497 1609 3592; x_wconf 89' lang='lat' dir='ltr'><strong>pietatis</strong></span> <span class='ocrx_word' id='word_1_169' title='bbox 1630 3496 1787 3570; x_wconf 86' lang='lat' dir='ltr'><strong>subsidio</strong></span> <span class='ocrx_word' id='word_1_170' title='bbox 1805 3519 1951 3593; x_wconf 92' lang='lat' dir='ltr'><strong>promo-</strong></span> 
     </span>
     <span class='ocr_line' id='line_1_21' title="bbox 546 3617 1951 3716; baseline 0.001 -23"><span class='ocrx_word' id='word_1_171' title='bbox 546 3643 641 3696; x_wconf 90' lang='lat' dir='ltr'><strong>vere.</strong></span> <span class='ocrx_word' id='word_1_172' title='bbox 665 3621 736 3693; x_wconf 86' lang='lat' dir='ltr'><strong>liac</strong></span> <span class='ocrx_word' id='word_1_173' title='bbox 758 3618 873 3712; x_wconf 86' lang='lat' dir='ltr'><strong>itaque</strong></span> <span class='ocrx_word' id='word_1_174' title='bbox 894 3617 1025 3692; x_wconf 88' lang='lat' dir='ltr'><strong>ratione</strong></span> <span class='ocrx_word' id='word_1_175' title='bbox 1042 3619 1156 3708; x_wconf 90' lang='lat' dir='ltr'><strong>docti,</strong></span> <span class='ocrx_word' id='word_1_176' title='bbox 1176 3641 1223 3691; x_wconf 81' lang='lat' dir='ltr'><strong>ex</strong></span> <span class='ocrx_word' id='word_1_177' title='bbox 1244 3619 1476 3693; x_wconf 87' lang='lat' dir='ltr'><strong>insinuatione</strong></span> <span class='ocrx_word' id='word_1_178' title='bbox 1495 3619 1705 3716; x_wconf 89' lang='lat' dir='ltr'><strong>presentium</strong></span> <span class='ocrx_word' id='word_1_179' title='bbox 1726 3618 1774 3694; x_wconf 91' lang='lat' dir='ltr'><strong>ad</strong></span> <span class='ocrx_word' id='word_1_180' title='bbox 1795 3621 1951 3694; x_wconf 91' lang='lat' dir='ltr'><strong>notitiam</strong></span> 
     </span>
     <span class='ocr_line' id='line_1_22' title="bbox 546 3741 1951 3839; baseline 0.001 -23"><span class='ocrx_word' id='word_1_181' title='bbox 546 3744 788 3816; x_wconf 88' lang='lat' dir='ltr'><strong>universorum</strong></span> <span class='ocrx_word' id='word_1_182' title='bbox 804 3742 965 3814; x_wconf 88' lang='lat' dir='ltr'><strong>volumus</strong></span> <span class='ocrx_word' id='word_1_183' title='bbox 982 3741 1163 3839; x_wconf 90' lang='lat' dir='ltr'><strong>pervenire</strong></span> <span class='ocrx_word' id='word_1_184' title='bbox 1185 3741 1282 3837; x_wconf 90' lang='lat' dir='ltr'><strong>quod</strong></span> <span class='ocrx_word' id='word_1_185' title='bbox 1304 3763 1384 3814; x_wconf 90' lang='lat' dir='ltr'><strong>cnm</strong></span> <span class='ocrx_word' id='word_1_186' title='bbox 1401 3741 1619 3817; x_wconf 84' lang='lat' dir='ltr'><strong>advocatiam</strong></span> <span class='ocrx_word' id='word_1_187' title='bbox 1632 3741 1813 3834; x_wconf 87' lang='lat' dir='ltr'><strong>cujusdam</strong></span> <span class='ocrx_word' id='word_1_188' title='bbox 1834 3743 1951 3816; x_wconf 88' lang='lat' dir='ltr'><strong>curiae</strong></span> 
     </span>
     <span class='ocr_line' id='line_1_23' title="bbox 546 3864 1953 3962; baseline -0.001 -22"><span class='ocrx_word' id='word_1_189' title='bbox 546 3869 583 3940; x_wconf 94' lang='lat' dir='ltr'><strong>in</strong></span> <span class='ocrx_word' id='word_1_190' title='bbox 610 3865 864 3938; x_wconf 83' lang='lat' dir='ltr'><strong>Friclrenbnsen</strong></span> <span class='ocrx_word' id='word_1_191' title='bbox 888 3865 1088 3939; x_wconf 86' lang='lat' dir='ltr'><strong>attinentem</strong></span> <span class='ocrx_word' id='word_1_192' title='bbox 1119 3865 1236 3940; x_wconf 88' lang='lat' dir='ltr'><strong>abbati</strong></span> <span class='ocrx_word' id='word_1_193' title='bbox 1264 3874 1299 3938; x_wconf 87' lang='lat' dir='ltr'><strong>et</strong></span> <span class='ocrx_word' id='word_1_194' title='bbox 1322 3866 1507 3940; x_wconf 88' lang='lat' dir='ltr'><strong>conventui</strong></span> <span class='ocrx_word' id='word_1_195' title='bbox 1528 3867 1565 3938; x_wconf 94' lang='lat' dir='ltr'><strong>in</strong></span> <span class='ocrx_word' id='word_1_196' title='bbox 1588 3864 1730 3938; x_wconf 80' lang='lat' dir='ltr'><strong>Abnsen</strong></span> <span class='ocrx_word' id='word_1_197' title='bbox 1751 3865 1796 3938; x_wconf 89' lang='lat' dir='ltr'><strong>ab</strong></span> <span class='ocrx_word' id='word_1_198' title='bbox 1813 3867 1953 3962; x_wconf 90' lang='lat' dir='ltr'><strong>episco-</strong></span> 
     </span>
    </p>
   </div>
   <div class='ocr_carea' id='block_1_8' title="bbox 545 4169 1952 4734">
    <p class='ocr_par' dir='ltr' id='par_1_8' title="bbox 545 4169 1952 4734">
     <span class='ocr_line' id='line_1_24' title="bbox 583 4169 1952 4246; baseline -0.001 -17"><span class='ocrx_word' id='word_1_199' title='bbox 583 4173 617 4245; x_wconf 75' lang='lat' dir='ltr'><strong>(t)</strong></span> <span class='ocrx_word' id='word_1_200' title='bbox 634 4171 701 4230; x_wconf 85' lang='lat' dir='ltr'><strong>Cum</strong></span> <span class='ocrx_word' id='word_1_201' title='bbox 714 4171 742 4228; x_wconf 91' lang='lat' dir='ltr'><strong>in</strong></span> <span class='ocrx_word' id='word_1_202' title='bbox 754 4171 855 4245; x_wconf 87' lang='lat' dir='ltr'><strong>praelio</strong></span> <span class='ocrx_word' id='word_1_203' title='bbox 867 4171 939 4246; x_wconf 92' lang='lat' dir='ltr'><strong>apud</strong></span> <span class='ocrx_word' id='word_1_204' title='bbox 951 4169 1135 4243; x_wconf 81' lang='lat' dir='ltr'><strong>Bornhbvede‚</strong></span> <span class='ocrx_word' id='word_1_205' title='bbox 1145 4175 1181 4232; x_wconf 63' lang='grc' dir='ltr'><strong>ἥ</strong></span> <span class='ocrx_word' id='word_1_206' title='bbox 1187 4169 1246 4245; x_wconf 82' lang='lat' dir='ltr'><strong>judii</strong></span> <span class='ocrx_word' id='word_1_207' title='bbox 1259 4171 1339 4244; x_wconf 75' lang='lat' dir='ltr'><strong>bolus</strong></span> <span class='ocrx_word' id='word_1_208' title='bbox 1351 4171 1423 4241; x_wconf 86' lang='lat' dir='ltr'><strong>anni,</strong></span> <span class='ocrx_word' id='word_1_209' title='bbox 1437 4171 1500 4229; x_wconf 88' lang='lat' dir='ltr'><strong>Otto</strong></span> <span class='ocrx_word' id='word_1_210' title='bbox 1512 4171 1547 4230; x_wconf 82' lang='lat' dir='ltr'><strong>de</strong></span> <span class='ocrx_word' id='word_1_211' title='bbox 1557 4171 1700 4246; x_wconf 83' lang='lat' dir='ltr'><strong>Liineburg</strong></span> <span class='ocrx_word' id='word_1_212' title='bbox 1708 4169 1871 4228; x_wconf 88' lang='lat' dir='ltr'><strong>Waldemari</strong></span> <span class='ocrx_word' id='word_1_213' title='bbox 1882 4171 1952 4245; x_wconf 82' lang='lat' dir='ltr'><strong>regis</strong></span> 
     </span>
     <span class='ocr_line' id='line_1_25' title="bbox 545 4267 1951 4344; baseline -0.003 -16"><span class='ocrx_word' id='word_1_214' title='bbox 545 4271 680 4328; x_wconf 85' lang='lat' dir='ltr'><strong>Danomm</strong></span> <span class='ocrx_word' id='word_1_215' title='bbox 696 4275 788 4344; x_wconf 86' lang='lat' dir='ltr'><strong>partes</strong></span> <span class='ocrx_word' id='word_1_216' title='bbox 803 4269 896 4327; x_wconf 80' lang='lat' dir='ltr'><strong>lovena</strong></span> <span class='ocrx_word' id='word_1_217' title='bbox 911 4269 946 4327; x_wconf 90' lang='lat' dir='ltr'><strong>ab</strong></span> <span class='ocrx_word' id='word_1_218' title='bbox 961 4269 1077 4327; x_wconf 82' lang='lat' dir='ltr'><strong>ilenrico</strong></span> <span class='ocrx_word' id='word_1_219' title='bbox 1096 4270 1195 4327; x_wconf 85' lang='lat' dir='ltr'><strong>comite</strong></span> <span class='ocrx_word' id='word_1_220' title='bbox 1206 4269 1241 4326; x_wconf 87' lang='lat' dir='ltr'><strong>de</strong></span> <span class='ocrx_word' id='word_1_221' title='bbox 1259 4267 1399 4326; x_wconf 81' lang='lat' dir='ltr'><strong>Schwerin</strong></span> <span class='ocrx_word' id='word_1_222' title='bbox 1414 4274 1511 4343; x_wconf 85' lang='lat' dir='ltr'><strong>eaptm</strong></span> <span class='ocrx_word' id='word_1_223' title='bbox 1529 4267 1634 4340; x_wconf 83' lang='lat' dir='ltr'><strong>brisset,</strong></span> <span class='ocrx_word' id='word_1_224' title='bbox 1647 4267 1778 4326; x_wconf 78' lang='lat' dir='ltr'><strong>ilenricm</strong></span> <span class='ocrx_word' id='word_1_225' title='bbox 1791 4283 1840 4326; x_wconf 84' lang='lat' dir='ltr'><strong>rex</strong></span> <span class='ocrx_word' id='word_1_226' title='bbox 1852 4274 1878 4325; x_wconf 85' lang='lat' dir='ltr'><strong>ct</strong></span> <span class='ocrx_word' id='word_1_227' title='bbox 1895 4267 1951 4325; x_wconf 84' lang='lat' dir='ltr'><strong>dux</strong></span> 
     </span>
     <span class='ocr_line' id='line_1_26' title="bbox 546 4363 1951 4440; baseline -0.004 -14"><span class='ocrx_word' id='word_1_228' title='bbox 546 4367 672 4426; x_wconf 63' lang='lat' dir='ltr'><strong>&amp;variae</strong></span> <span class='ocrx_word' id='word_1_229' title='bbox 685 4367 851 4425; x_wconf 73' lang='lat' dir='ltr'><strong>ommionem</strong></span> <span class='ocrx_word' id='word_1_230' title='bbox 867 4371 1046 4440; x_wconf 89' lang='lat' dir='ltr'><strong>opportunam</strong></span> <span class='ocrx_word' id='word_1_231' title='bbox 1059 4367 1130 4424; x_wconf 87' lang='lat' dir='ltr'><strong>nacti</strong></span> <span class='ocrx_word' id='word_1_232' title='bbox 1142 4365 1283 4424; x_wconf 68' lang='lat' dir='ltr'><strong>&amp;romam</strong></span> <span class='ocrx_word' id='word_1_233' title='bbox 1294 4365 1475 4437; x_wconf 78' lang='lat' dir='ltr'><strong>intraverunt3</strong></span> <span class='ocrx_word' id='word_1_234' title='bbox 1488 4366 1537 4424; x_wconf 89' lang='lat' dir='ltr'><strong>sed</strong></span> <span class='ocrx_word' id='word_1_235' title='bbox 1556 4365 1625 4424; x_wconf 87' lang='lat' dir='ltr'><strong>male</strong></span> <span class='ocrx_word' id='word_1_236' title='bbox 1643 4363 1827 4440; x_wconf 85' lang='lat' dir='ltr'><strong>proiecerunt,</strong></span> <span class='ocrx_word' id='word_1_237' title='bbox 1846 4363 1951 4422; x_wconf 85' lang='lat' dir='ltr'><strong>civibus</strong></span> 
     </span>
     <span class='ocr_line' id='line_1_27' title="bbox 548 4449 1951 4539; baseline -0.003 -17"><span class='ocrx_word' id='word_1_238' title='bbox 548 4465 583 4522; x_wconf 90' lang='lat' dir='ltr'><strong>de</strong></span> <span class='ocrx_word' id='word_1_239' title='bbox 596 4463 802 4538; x_wconf 79' lang='lat' dir='ltr'><strong>annsehweig</strong></span> <span class='ocrx_word' id='word_1_240' title='bbox 815 4463 925 4522; x_wconf 83' lang='lat' dir='ltr'><strong>viviliter</strong></span> <span class='ocrx_word' id='word_1_241' title='bbox 938 4463 1018 4522; x_wconf 85' lang='lat' dir='ltr'><strong>fidem</strong></span> <span class='ocrx_word' id='word_1_242' title='bbox 1029 4464 1120 4523; x_wconf 86' lang='lat' dir='ltr'><strong>Ottoni</strong></span> <span class='ocrx_word' id='word_1_243' title='bbox 1127 4465 1296 4522; x_wconf 86' lang='lat' dir='ltr'><strong>servantibus</strong></span> <span class='ocrx_word' id='word_1_244' title='bbox 1309 4484 1316 4522; x_wconf 92' lang='lat'>:</span> <span class='ocrx_word' id='word_1_245' title='bbox 1330 4463 1402 4522; x_wconf 88' lang='lat' dir='ltr'><strong>unda</strong></span> <span class='ocrx_word' id='word_1_246' title='bbox 1414 4449 1578 4539; x_wconf 82' lang='lat' dir='ltr'><strong>privilegium</strong></span> <span class='ocrx_word' id='word_1_247' title='bbox 1589 4463 1643 4522; x_wconf 89' lang='lat' dir='ltr'><strong>boc</strong></span> <span class='ocrx_word' id='word_1_248' title='bbox 1653 4463 1747 4522; x_wconf 87' lang='lat' dir='ltr'><strong>eodem</strong></span> <span class='ocrx_word' id='word_1_249' title='bbox 1757 4477 1828 4521; x_wconf 88' lang='lat' dir='ltr'><strong>anno</strong></span> <span class='ocrx_word' id='word_1_250' title='bbox 1841 4465 1875 4518; x_wconf 80' lang='grc'><strong>43</strong></span> <span class='ocrx_word' id='word_1_251' title='bbox 1891 4477 1951 4536; x_wconf 86' lang='lat' dir='ltr'><strong>sep</strong></span> 
     </span>
     <span class='ocr_line' id='line_1_28' title="bbox 549 4559 1949 4637; baseline -0.002 -18"><span class='ocrx_word' id='word_1_252' title='bbox 549 4561 634 4620; x_wconf 84' lang='lat' dir='ltr'><strong>ternb.</strong></span> <span class='ocrx_word' id='word_1_253' title='bbox 648 4579 737 4636; x_wconf 72' lang='lat' dir='ltr'><strong>araga</strong></span> <span class='ocrx_word' id='word_1_254' title='bbox 747 4561 918 4620; x_wconf 83' lang='lat' dir='ltr'><strong>Waldsmam</strong></span> <span class='ocrx_word' id='word_1_255' title='bbox 927 4577 978 4637; x_wconf 91' lang='lat' dir='ltr'><strong>pro</strong></span> <span class='ocrx_word' id='word_1_256' title='bbox 990 4561 1118 4620; x_wconf 83' lang='lat' dir='ltr'><strong>fidelitate</strong></span> <span class='ocrx_word' id='word_1_257' title='bbox 1128 4565 1341 4636; x_wconf 84' lang='lat' dir='ltr'><strong>reportaverunt.</strong></span> <span class='ocrx_word' id='word_1_258' title='bbox 1350 4560 1390 4618; x_wconf 81' lang='lat' dir='ltr'><strong>Gi.</strong></span> <span class='ocrx_word' id='word_1_259' title='bbox 1404 4561 1625 4632; x_wconf 62' lang='lat' dir='ltr'><strong>dummsrsn„</strong></span> <span class='ocrx_word' id='word_1_260' title='bbox 1638 4559 1690 4620; x_wconf 85' lang='lat' dir='ltr'><strong>loc·</strong></span> <span class='ocrx_word' id='word_1_261' title='bbox 1702 4559 1831 4618; x_wconf 78' lang='lat' dir='ltr'><strong>citata·</strong></span> <span class='ocrx_word' id='word_1_262' title='bbox 1839 4559 1949 4633; x_wconf 81' lang='lat' dir='ltr'><strong>Oripio.</strong></span> 
     </span>
     <span class='ocr_line' id='line_1_29' title="bbox 547 4658 1439 4734; baseline -0.001 -17"><span class='ocrx_word' id='word_1_263' title='bbox 547 4659 649 4732; x_wconf 69' lang='lat' dir='ltr'><strong>duell„</strong></span> <span class='ocrx_word' id='word_1_264' title='bbox 662 4661 706 4730; x_wconf 80' lang='grc' dir='ltr'><strong>Ν,</strong></span> <span class='ocrx_word' id='word_1_265' title='bbox 720 4663 825 4732; x_wconf 86' lang='lat' dir='ltr'><strong>ttt‚-</strong></span> <span class='ocrx_word' id='word_1_266' title='bbox 836 4659 911 4717; x_wconf 73' lang='lat' dir='ltr'><strong>Birt.</strong></span> <span class='ocrx_word' id='word_1_267' title='bbox 926 4658 1116 4732; x_wconf 67' lang='lat' dir='ltr'><strong>aramma,</strong></span> <span class='ocrx_word' id='word_1_268' title='bbox 1127 4675 1174 4734; x_wconf 85' lang='lat' dir='ltr'><strong>cp.</strong></span> <span class='ocrx_word' id='word_1_269' title='bbox 1189 4659 1382 4732; x_wconf 72' lang='lat' dir='ltr'><strong>Lemmata,</strong></span> <span class='ocrx_word' id='word_1_270' title='bbox 1396 4661 1439 4716; x_wconf 83' lang='lat' dir='ltr'><strong>tt.</strong></span> 
     </span>
    </p>
   </div>
   <div class='ocr_carea' id='block_1_9' title="bbox 0 0 2366 6068">
    <p class='ocr_par' dir='ltr' id='par_1_9' title="bbox 0 0 2366 6068">
     <span class='ocr_line' id='line_1_30' title="bbox 0 0 2366 6068; baseline 0 0"><span class='ocrx_word' id='word_1_271' title='bbox 0 0 2366 6068; x_wconf 95' lang='lat' dir='ltr'><strong> </strong></span> 
     </span>
    </p>
   </div>
  </div>
 </body>
</html>
