4710 6076
375 649 473 710 luntas.
492 645 533 724 l.]
821 637 1019 702 tttsvoltta
1042 633 1335 698 DlPLOliATlCA.
1724 627 1785 692 363

376 779 650 878 procurationem
667 775 869 850 habentium
889 773 1070 850 advocatie
1084 771 1306 846 Assindensis
1320 769 1471 864 aliquam
1490 766 1704 848 exactionem
1727 767 1786 840 vel

376 903 543 1000 obsequia
560 902 606 976 ab
623 899 823 974 bominibus
844 909 880 973 et
894 898 997 973 bonis
1010 899 1161 994 sepefata
1179 895 1323 970 ecclesie
1340 893 1483 988 exigere
1505 891 1560 966 vel
1582 899 1786 986 mmrquera

376 1036 570 1126 presumat3
587 1023 683 1121 quod
696 1025 759 1120 qui
774 1023 1039 1120 attemptaverit,
1056 1043 1198 1118 gravem
1212 1021 1377 1094 offensam
1389 1027 1505 1092 nostre
1517 1014 1732 1090 celsitudinis
1747 1035 1786 1087 se

378 1153 512 1228 noverit
521 1153 740 1224 incursurum
753 1157 789 1224 et
799 1147 919 1222 divine
933 1147 1111 1244 potestatis
1123 1147 1160 1218 in
1174 1145 1290 1220 anima
1302 1165 1367 1218 sna
1380 1142 1504 1217 sentiet
1517 1141 1695 1215 ultionem.

424 1280 550 1352 Datum
573 1274 669 1371 apud
686 1275 905 1370 Hagenowe‚
924 1293 1016 1346 anno
1038 1269 1211 1345 dominice
1236 1267 1480 1343 incarnationis
1500 1266 1548 1339 ll.
1566 1264 1629 1338 CC·
1644 1262 1783 1355 XXVII,

378 1402 455 1478 XVI
471 1400 638 1476 kalendas
654 1397 859 1490 decembris,
879 1396 1068 1472 indictione
1083 1396 1111 1468 Ι.

433 2019 616 2105 chricus
638 2017 898 2104 Romanorum
916 2041 983 2098 rex
1006 2040 1029 2096 a
1052 2013 1227 2097 Conrado
1245 2013 1383 2097 abbate
1405 2011 1533 2096 Sancti
1548 2013 1730 2100 lobannis
1750 2017 1790 2100 in
1837 2029 1977 2134 ὠνῇ,

380 2153 538 2239 l'urthal
560 2151 833 2262 inpraesentia
855 2175 926 2234 sua
947 2147 1151 2233 constituto
1174 2146 1409 2231 advocatiam
1433 2149 1607 2233 omnium
1630 2177 1790 2260 posses-

380 2291 532 2374 sionum
544 2287 723 2372 ecclesiae
735 2285 817 2396 ejus
830 2285 976 2394 recipit,
991 2306 1192 2394 nunquam
1205 2281 1426 2393 abimperio
1440 2283 1793 2398 alienandam,jura

382 2449 405 2506 a
423 2449 463 2508 se
476 2421 535 2506 vel
550 2449 573 2506 a
586 2421 880 2506 vice-advocato
896 2443 966 2501 suo
985 2417 1171 2528 exigenda
1187 2409 1602 2528 definit,'enmdemque
1615 2419 1793 2507 abbatem

383 2566 421 2640 ct
434 2579 668 2640 successores
686 2551 769 2664 ejus
787 2553 826 2634 in
845 2551 1062 2662 capellanos
1077 2576 1167 2634 suos
1186 2562 1425 2633 annumerat.

1823 2137 1992 2184 wtcmbrb.

464 2797 568 2880 (Edld.
583 2797 748 2870 Nauem,
769 2792 838 2858 Cod.
855 2791 1022 2856 Allcmcurr.
1036 2787 1202 2874 apamea,
1218 2798 1240 2854 t.
1256 2793 1301 2868 ll,
1314 2809 1344 2870 p.
1362 2801 1436 2867 tat,
1450 2801 1483 2854 n⁰
1496 2792 1712 2874 uccccxffl.)
1789 2803 1792 2808 ’

430 3011 612 3086 Heinricus
624 3009 791 3106 septimus
809 3007 931 3081 divina
946 3007 1084 3080 favente
1095 3005 1277 3080 clementia
1288 3006 1519 3080 Romanorum
1534 3027 1597 3080 rex
1613 3015 1648 3080 ct
1660 3029 1795 3105 semper

383 3147 565 3232 augustus,
580 3135 753 3208 universis
767 3133 902 3230 imperii
913 3131 1075 3206 fidelibus
1084 3131 1121 3203 in
1131 3139 1350 3227 perpetuum.
1364 3131 1458 3204 licet
1468 3151 1515 3203 ex
1526 3141 1686 3228 suscepto
1697 3135 1795 3228 regni

384 3261 618 3360 gubernaculo
638 3259 800 3333 omnibus
815 3255 951 3352 imperii
965 3255 1126 3330 fidelibus
1139 3255 1249 3327 simus
1262 3254 1435 3328 debitores
1451 3255 1677 3348 adjustitiam
1694 3256 1797 3331 exbi-

384 3385 535 3460 bendam
557 3383 657 3458 etad
673 3383 763 3476 juris
783 3381 1017 3456 defensionem
1033 3379 1252 3474 eorumdem,
1273 3379 1474 3475 diligentins
1489 3390 1603 3454 tamer
1623 3381 1719 3455 viros
1737 3405 1798 3457 re-

386 3509 526 3603 ligiosos
546 3509 647 3582 oculo
666 3507 861 3602 benigniori
883 3505 1054 3602 respicere
1071 3513 1228 3578 tenemur
1251 3513 1287 3576 et
1308 3505 1359 3576 eis
1380 3505 1524 3600 suisque
1540 3527 1586 3579 ne
1609 3516 1798 3599 graventur

388 3627 543 3704 indebite
558 3631 617 3726 pia
632 3629 852 3705 solicitudine
863 3627 1060 3726 providere.
1078 3629 1189 3722 liujus
1202 3627 1320 3722 itaque
1336 3627 1386 3701 rei
1401 3629 1511 3723 gratia
1525 3629 1672 3704 dilectus
1687 3629 1800 3706 fidelis

388 3763 502 3828 noster
519 3753 701 3828 Corradus
716 3755 825 3829 abbas
838 3754 954 3828 Sancti
970 3753 1135 3827 lobannis
1153 3753 1190 3825 in
1208 3753 1325 3825 Turtal
1342 3761 1471 3826 certam
1486 3753 1619 3829 babens
1633 3753 1798 3831 fiduciam

388 3899 492 3975 snper
509 3877 722 3973 benignitate
734 3899 777 3952 ac
789 3875 1008 3974 providentia
1022 3877 1211 3970 majestatis
1231 3885 1346 3950 nostre
1365 3876 1412 3950 ad
1429 3885 1581 3950 nostram
1602 3879 1699 3976 apud
1721 3881 1799 3954 Nu·

388 4001 532 4076 renberc
555 4001 743 4076 accedebat
768 4001 994 4097 presentiam,
1025 4011 1060 4074 et
1082 4022 1197 4076 coram
1226 4001 1369 4076 testibus
1397 4002 1600 4099 subscriptis
1628 4005 1800 4079 commisit

388 4126 489 4200 nobis
502 4136 538 4200 et
550 4125 596 4200 ab
610 4126 687 4223 ipso
710 4127 904 4222 recepimus
920 4124 1137 4201 advocatiam
1156 4125 1313 4199 omnium
1327 4127 1582 4222 possessionum
1603 4129 1800 4203 ecclesiast

388 4251 534 4324 cenobio
548 4271 613 4324 suo
626 4249 844 4324 attinentium
862 4259 901 4323 ut
923 4249 1049 4325 amodo
1066 4250 1134 4324 sub
1157 4250 1355 4325 omnimoda
1378 4251 1524 4326 tuitione
1546 4259 1663 4326 nosue
1686 4253 1799 4349 ipsam

389 4373 477 4448 tueri
492 4373 694 4450 debeamus.
719 4374 942 4450 Promisimus
961 4397 983 4448 e
1002 4385 1120 4449 conca
1142 4376 1259 4450 abbati
1276 4386 1314 4449 et
1333 4375 1496 4449 omnibus
1517 4377 1594 4469 ejus
1617 4397 1798 4453 successo-

389 4497 487 4572 ribus
509 4520 552 4573 ac
578 4500 730 4596 presenti
762 4500 890 4597 scripto
912 4497 1115 4596 profitemur
1140 4498 1237 4595 qnod
1261 4499 1421 4574 andern
1449 4499 1667 4576 advocatiam
1702 4525 1799 4577 nnn-

389 4643 496 4717 quam
510 4645 533 4698 a
546 4623 647 4698 nobis
672 4633 707 4698 et
728 4623 874 4721 imario
890 4623 1119 4698 alienabimus
1140 4625 1274 4699 ratione
1294 4625 1555 4720 infeudationis,
1580 4626 1800 4722 obligationis

390 4746 448 4821 vel
462 4747 714 4846 cujuscumque
731 4748 960 4841 adortationis,
982 4747 1045 4822 sed
1065 4749 1141 4824 loco
1158 4750 1266 4826 nostri
1284 4749 1530 4826 constituemus
1543 4750 1675 4828 ibidem
1692 4753 1802 4830 advo·
