4658 6132
310 635 415 698 ‚lautcu
430 633 473 719 a]
764 633 959 698 HISTORIA
982 632 1278 696 utsnottnrtuA.
1665 633 1725 696 175

320 821 493 844 .....
520 777 555 842 et
571 767 671 842 terris
692 789 772 842 cum
787 779 953 866 potestate
971 769 1170 844 molendina
1181 769 1251 842 alia
1268 763 1397 840 ibidem
1412 766 1646 860 consensum,
1664 789 1724 844 ne·

316 895 411 968 mins
423 893 473 966 ibi
487 892 622 989 aliquid
634 902 748 990 preter
761 894 973 968 voluntatem
986 892 1184 967 monasterii
1202 891 1360 982 faciente,
1377 899 1412 963 et
1426 889 1542 964 modia
1556 899 1723 966 terrarum

318 1017 689 1092 centnminterritorio
701 1017 858 1112 ejusdem
872 1019 996 1092 cesalis
1009 1040 1050 1091 ac
1064 1017 1255 1090 libertatem
1268 1013 1425 1088 homiues
1428 1068 1720 1092 ........

317 1141 433 1237 plures
453 1141 556 1214 etiam
576 1141 752 1215 libertates
769 1164 857 1238 quas
874 1141 1041 1236 llogerins
1055 1141 1100 1216 de
1113 1141 1241 1235 Aquila
1257 1139 1371 1213 dictus
1386 1160 1501 1212 comes
1517 1139 1667 1214 Avellini
1688 1151 1744 1216 et·

317 1265 479 1341 dominus
500 1265 622 1338 cesalis
639 1267 840 1339 Sclavorum
858 1267 924 1364 ipsi
941 1267 1152 1366 monasterie
1166 1264 1326 1358 donavit,
1342 1264 1467 1338 obtulit
1483 1273 1518 1337 et
1535 1265 1720 1356 concessit,

316 1395 352 1462 et
376 1387 613 1462 molendinum
637 1389 734 1462 alind
761 1389 798 1460 in
825 1389 967 1462 llnmine
997 1388 1110 1486 Apicii
1137 1410 1183 1461 ex
1186 1440 1561 1460 ..........
1590 1387 1723 1462 domini

316 1511 471 1604 ejusdem
484 1521 587 1604 torre,
600 1521 703 1607 prout
716 1512 753 1584 in
765 1511 1011 1600 instrumentis,
1019 1512 1156 1606 juribus
1167 1520 1202 1585 et
1212 1511 1346 1606 scriptis
1359 1511 1508 1606 publicis
1521 1510 1634 1584 eidem
1650 1532 1725 1584 mo-

317 1635 467 1709 nasterio
490 1635 655 1708 conlectis
679 1636 724 1712 de
742 1635 906 1732 predictis
931 1635 1093 1708 omuibus
1116 1635 1254 1730 plenius
1278 1635 1484 1722 continetur,
1511 1657 1582 1729 que
1608 1636 1724 1708 omnia

316 1760 562 1832 monasterinm
585 1759 702 1856 ipsum
725 1761 829 1835 modo
852 1769 944 1834 tenet
964 1769 999 1832 et
1019 1759 1171 1856 possidet
1174 1811 1548 1832 ..........
1575 1780 1724 1854 qnorum

318 1883 627 1980 supplicationibus
649 1883 836 1980 benignius
863 1893 983 1980 utpote
1011 1884 1184 1972 inclinati,
1210 1882 1365 1979 predicta
1395 1881 1542 1970 casalia,
1568 1883 1725 1956 homines

317 2008 567 2103 cujuscumque
586 2006 794 2081 conditionis
811 2007 1057 2104 undecumque
1083 2015 1307 2102 congregatos
1326 2027 1388 2080 scu
1405 2006 1677 2101 congregandos.
1710 2061 1720 2080 .

319 2183 612 2205 ........
638 2132 857 2220 eorumdem,
874 2153 1064 2227 omnesque
1077 2131 1163 2206 alias
1178 2131 1371 2218 libertates,
1387 2130 1641 2224 concessiones,
1659 2129 1724 2204 do-

316 2255 485 2346 nationes,
501 2255 708 2346 oblatioues,
727 2255 945 2330 venditiones
961 2264 996 2330 et
1007 2255 1277 2352 permutationes
1291 2253 1468 2327 hominum
1483 2262 1519 2328 ct
1535 2255 1724 2350 possessio-

316 2397 400 2450 num
422 2377 612 2454 feudalium
617 2431 991 2453 ..........
1018 2378 1167 2476 publicis
1191 2379 1305 2453 eidem
1332 2379 1538 2452 monasterio
1559 2379 1723 2452 conlectis

177 2506 180 2512 '
316 2500 445 2576 exindo
461 2501 598 2600 plenius
620 2503 826 2596 continetur,
845 2501 890 2576 de
914 2503 1032 2576 innata
1056 2501 1271 2576 celsitudinis
1293 2509 1408 2574 nostre
1430 2503 1540 2595 gratia
1562 2501 1607 2576 de
1630 2523 1724 2576 novo

315 2625 464 2722 benigne
478 2625 700 2700 concedimus
716 2636 751 2702 et
766 2625 936 2700 donamus
952 2626 1245 2726 ineleemosinam
1250 2677 1620 2698 ..........
1648 2649 1723 2699 om·

316 2749 370 2822 nis
384 2751 559 2824 servitutis
576 2761 691 2826 nostre
706 2751 802 2826 curis
819 2753 877 2826 vel
899 2752 1074 2846 aliquibus
1088 2749 1250 2825 fidelibus
1272 2750 1397 2822 nostris
1415 2748 1550 2842 debito,
1569 2771 1638 2822 non
1659 2750 1722 2823 ob·

314 2883 425 2948 stante
441 2875 683 2949 constitutione
698 2876 815 2972 aliqua
830 2899 852 2952 a
865 2878 1040 2970 majestate
1058 2883 1173 2949 nostra
1187 2873 1280 2949 edita
1296 2895 1359 2948 sou
1375 2872 1590 2965 confirmata,
1607 2873 1723 2947 eidem

315 2999 520 3072 monasterio
532 2999 567 3071 in
580 2999 745 3095 predictis
756 2999 917 3074 omnibus
928 2999 1095 3074 contraria
1100 3051 1472 3073 ..........
1500 2999 1724 3072 concedimus

313 3131 349 3196 et
365 3122 607 3200 confirmamus
624 3126 691 3221 ipsi
709 3126 915 3200 monasterio
938 3124 1158 3199 concordiam
1171 3147 1219 3198 ex
1237 3122 1477 3198 commissione
1496 3122 1591 3196 curie
1606 3132 1722 3196 nostre

291 3301 295 3308 -
315 3247 543 3322 communiter
558 3249 681 3322 iactam
701 3249 919 3345 interipsum
938 3249 998 3343 [ct]
1016 3249 1202 3322 llobcrtum
1216 3248 1402 3322 lllalerbam
1422 3246 1602 3322 dominum
1617 3247 1720 3322 castri

314 3369 514 3444 Submontis
542 3373 588 3446 de
604 3373 785 3466 questione
807 3371 1038 3468 quorumdam
1064 3373 1282 3448 servitiorum
1287 3424 1658 3444 ..........
1685 3379 1721 3444 et

314 3489 417 3566 fidele
438 3504 554 3567 nostro
571 3505 690 3569 contra
709 3496 821 3592 ipsum
839 3497 1083 3570 monasterinm
1104 3505 1140 3570 st
1158 3496 1316 3570 homiues
1336 3496 1458 3592 casalis
1475 3495 1629 3594 ejusdem
1646 3515 1720 3568 mo-

314 3615 452 3690 nosterii
468 3619 564 3712 quod
579 3619 675 3714 prius
689 3620 879 3692 vocabatur
896 3619 1101 3712 cognomine
1117 3619 1325 3708 Fontanelle,
1344 3641 1414 3716 que
1428 3620 1569 3693 servitia
1588 3629 1623 3692 ct
1639 3619 1720 3692 red-

315 3737 408 3812 ditus
429 3739 522 3814 idem
547 3742 715 3814 llobertus
737 3743 783 3815 ab
806 3741 937 3815 eisdem
963 3763 1043 3814 cnm
1070 3741 1230 3814 instantia
1236 3795 1569 3814 .........
1601 3796 1609 3814 .
1637 3741 1723 3814 nni-

312 3863 423 3936 versis
446 3872 619 3958 quatenus
639 3865 757 3937 nullus
779 3864 824 3938 de
846 3874 959 3938 cetero
979 3865 1023 3937 sit
1044 3874 1115 3938 mm
1141 3887 1248 3938 ansus
1275 3865 1336 3959 qui
1360 3866 1553 3961 predictum
1584 3887 1720 3939 sacrum

313 3989 558 4061 monasterium
586 3989 632 4062 de
658 3989 948 4086 supranominatis
970 3989 1132 4062 omnibus
1156 3988 1311 4084 quolibet
1334 3991 1438 4064 modo
1463 3989 1631 4086 impedire
1662 3991 1719 4064 vel

313 4113 494 4188 molestare
518 4123 693 4208 presumat
697 4165 1070 4186 ..........
1098 4113 1203 4186 libras
1227 4113 1304 4188 auri
1328 4113 1411 4186 boni
1440 4113 1478 4185 in
1502 4134 1627 4209 penam
1655 4135 1721 4188 sue

313 4235 511 4309 temeritatis
528 4246 723 4332 componat,
742 4258 892 4332 quarum
914 4237 1081 4312 medietas
1105 4237 1240 4310 berario
1257 4245 1392 4328 nostro,
1410 4236 1479 4310 clia
1501 4259 1585 4310 vero
1609 4235 1724 4333 possis

313 4358 474 4453 injuriam
494 4363 724 4456 persolvatur.
749 4362 793 4435 Ut
815 4371 928 4436 autem
933 4413 1308 4434 ..........
1334 4382 1476 4457 presens
1496 4361 1718 4458 privilegium

313 4504 376 4578 per
393 4505 518 4556 manus
532 4485 688 4581 Procopii
704 4485 749 4560 de
762 4487 891 4588 blatera
904 4485 1028 4559 notarii
1042 4495 1077 4558 et
1091 4483 1202 4560 tidelis
1213 4485 1320 4558 nostri
1333 4482 1407 4558 lieri
1419 4494 1455 4558 at
1468 4483 1592 4580 sigillo.
1625 4539 1634 4558 .
1665 4537 1674 4558 .
1705 4537 1715 4557 .

318 4659 532 4680 ......
559 4615 594 4681 et
618 4605 806 4683 indictione
834 4610 1050 4705 subscriptis.

367 4783 780 4807 ...........
809 4755 900 4808 anno
923 4733 1105 4808 millesimo
1127 4732 1363 4809 ducentesimo
1386 4733 1578 4830 trigesimo,
1601 4753 1723 4807 manse
