4658 6132
558 665 617 728 roo
1055 653 1468 728 rnrnnnrcrsrcuvnr
1514 653 1516 658 ’
1775 662 1961 747 [nuaram.

558 822 623 874 nec
639 799 791 874 Ecclesia
813 823 878 874 nso
892 801 959 874 sibi
973 801 1129 876 vidimus
1145 801 1324 898 expedire.
1342 801 1384 872 Et
1400 800 1451 872 sic
1466 799 1502 872 in
1520 797 1587 872 hoc
1603 799 1727 872 nostris
1743 797 1894 872 consiliis
1911 815 1966 872 ac-

557 923 739 1018 quiescens
759 947 830 998 non
854 925 991 1000 audivit
1015 926 1153 1018 divina,
1171 935 1285 1000 tamen
1302 945 1464 999 coronam
1481 921 1683 1018 simpliciter
1695 923 1772 997 sina
1787 939 1964 996 conseme

557 1047 651 1122 tione
665 1049 711 1123 de
724 1050 823 1123 altari
840 1051 972 1146 accepit
986 1061 1021 1123 at
1036 1050 1072 1122 in
1091 1049 1223 1141 sedem,
1244 1050 1334 1124 sicut
1346 1057 1398 1123 est
1408 1057 1622 1139 consuetum,
1640 1047 1790 1144 portavit
1803 1047 1869 1144 (l).
1887 1048 1963 1144 lpso

555 1194 695 1268 quoque
712 1173 782 1266 die,
800 1175 1018 1271 presentibus
1038 1175 1280 1248 Panormitano
1300 1185 1335 1249 et
1356 1175 1518 1272 Capuano
1536 1171 1800 1270 archiepiscopis
1819 1173 1964 1268 aliisque

555 1298 673 1372 multis
687 1299 920 1394 magnatibus,
938 1299 1105 1374 divitibus
1118 1321 1259 1395 quoque
1272 1321 1314 1372 ac
1327 1298 1552 1396 pauperibus,
1571 1296 1750 1394 proposuit
1761 1318 1876 1370 coram
1890 1316 1963 1371 om-

556 1423 661 1497 nibus
674 1421 856 1496 manifeste
866 1423 974 1496 verba
987 1423 1183 1520 subscripta
1190 1433 1225 1496 at
1237 1422 1337 1497 nobis
1348 1421 1499 1516 injunxit
1513 1429 1552 1493 ut
1563 1420 1670 1494 verba
1684 1441 1748 1493 sua
1762 1421 1847 1516 ipsis
1859 1417 1964 1493 latine

554 1558 590 1619 et
608 1545 806 1619 theutonioe
829 1567 1094 1642 exponeremus.
1112 1547 1151 1618 ln
1169 1546 1290 1644 primis
1303 1545 1420 1641 itaque
1438 1544 1617 1642 proposuit
1633 1543 1809 1640 quomodo
1826 1565 1962 1618 amcam

555 1667 651 1764 apud
664 1667 920 1764 Aquisgranum
936 1669 1123 1765 assumpsit
1136 1678 1171 1743 at
1184 1669 1358 1764 quomodo
1375 1668 1492 1764 sapius
1505 1667 1551 1740 ab
1563 1668 1716 1741 Ecclesia
1727 1667 1912 1741 terminum
1928 1677 1964 1741 et

555 1792 708 1866 indutias
719 1793 960 1867 transfretandi
969 1793 1067 1889 petiit
1076 1802 1111 1866 et
1123 1793 1332 1890 impetravit,
1349 1813 1493 1888 seseque
1506 1791 1689 1865 excusavit
1700 1789 1963 1886 qnalitsrardua

554 1917 692 2012 negotia
708 1917 826 2012 sepius
849 1917 1084 2013 impedierunt
1105 1917 1320 2014 propositum
1336 1926 1371 1990 et
1388 1917 1452 1990 iter
1470 1939 1585 1989 suum.
1606 1916 1764 1990 Pratema
1781 1915 1961 1989 dominnm

555 2040 781 2136 apostolicum
799 2049 833 2112 et
853 2040 1039 2113 Ecclesiam
1063 2041 1098 2112 in
1112 2041 1230 2114 multis
1249 2062 1364 2115 coram
1379 2041 1540 2114 omuibus
1555 2039 1728 2114 incusavit
1744 2039 1792 2140 (a)
1808 2061 1850 2113 eo
1866 2041 1961 2135 quod

555 2163 703 2237 multum
720 2162 807 2236 dure
819 2163 1004 2256 obligasset
1015 2185 1096 2236 eum
1115 2163 1162 2237 ad
1178 2165 1467 2240 transfretandum
1482 2173 1517 2238 et
1530 2163 1627 2258 qnod
1642 2173 1761 2260 postea
1776 2163 1962 2237 denuncia-

554 2287 646 2362 verit
661 2309 742 2360 eum
756 2285 839 2382 quia
859 2307 927 2360 non
945 2294 1078 2383 poterat
1092 2287 1191 2360 aliter
1206 2287 1302 2384 apud
1316 2286 1473 2362 homines
1488 2287 1722 2386 blasphemias
1735 2297 1770 2361 et
1785 2287 1961 2360 infamiam

555 2413 698 2504 evitare,
713 2419 748 2484 et
759 2409 856 2506 quod
868 2419 986 2508 postea
994 2412 1084 2484 ultra
1096 2433 1192 2486 mare
1199 2411 1381 2508 scripserat
1388 2421 1506 2486 contra
1516 2433 1598 2486 eum
1611 2411 1695 2506 quia
1709 2411 1841 2485 dictum
1850 2413 1961 2484 luerat

555 2535 652 2633 qnod
665 2535 740 2632 ipse
758 2557 828 2608 non
843 2535 1133 2628 transfretaverat,
1151 2535 1213 2610 sed
1228 2535 1337 2610 iverat
1350 2536 1397 2611 ad
1412 2537 1498 2610 alias
1512 2545 1625 2632 partes
1639 2557 1703 2632 pru
1717 2534 1961 2631 congregando

553 2659 709 2734 exercitu
718 2668 834 2732 contra
846 2659 1034 2733 Ecclesiam
1045 2686 1054 2750 ;
1067 2659 1150 2756 quia
1164 2660 1194 2732 si
1209 2659 1469 2756 dominuspapa
1477 2660 1634 2733 scivisset
1648 2661 1872 2734 intentionem
1886 2661 1960 2753 ejus

554 2769 623 2858 non
638 2795 757 2858 contra
772 2783 834 2857 sed
849 2805 912 2880 pro
926 2784 1002 2880 ipso
1016 2785 1219 2881 scripsisset,
1235 2795 1270 2858 et
1286 2783 1447 2858 credebat
1460 2783 1556 2880 quud
1570 2783 1711 2860 domino
1725 2805 1815 2880 pape
1833 2783 1960 2879 displi-

552 2918 669 2982 cerent
681 2908 883 3004 gravamina
899 2929 968 3002 que
984 2908 1018 2980 ei
1032 2908 1135 2982 allata
1151 2909 1288 2982 lucrant
1305 2929 1327 2982 a
1342 2907 1553 3003 quibusdam
1571 2907 1607 2980 in
1625 2908 1783 3004 partibus
1796 2909 1958 2980 ultrama-

547 3032 661 3124 rinis,
680 3052 750 3126 que
768 3040 961 3104 nocuerunt
979 3031 1040 3104 toti
1064 3032 1192 3128 populo
1218 3031 1416 3106 christiano.
1434 3033 1518 3106 ltcm
1544 3032 1708 3128 exposuit
1728 3032 1820 3106 sicut
1833 3041 1868 3106 ct
1881 3039 1960 3104 ante

552 3157 656 3252 longe
676 3163 901 3251 proposuerat
925 3155 986 3228 toti
1005 3155 1173 3228 exercitui
1195 3154 1380 3228 christiano
1402 3155 1499 3250 quod
1521 3177 1584 3252 pro
1607 3154 1762 3230 sedanda
1784 3153 1958 3229 discordia

552 3279 727 3375 quainter
748 3277 936 3350 Ecclesiam
959 3287 994 3352 et
1010 3278 1126 3375 ipsum
1142 3279 1287 3352 vertitur
1309 3279 1413 3352 vellet
1430 3300 1472 3354 sa
1495 3281 1607 3352 lacere
1629 3301 1699 3374 quc
1724 3277 1771 3352 ad
1794 3278 1959 3351 honorem

550 3405 614 3478 Dei
630 3414 666 3478 et
679 3401 831 3477 Ecclesia
845 3423 980 3476 necnon
995 3411 1030 3476 et
1043 3402 1178 3498 imperii
1192 3401 1393 3477 viderentur
1408 3414 1576 3500 spectaro,
1594 3411 1629 3477 et
1643 3412 1779 3476 tantum
1794 3411 1885 3476 stare
1895 3424 1959 3498 pro

552 3525 737 3602 concordia
760 3525 918 3601 iacienda
941 3527 1038 3621 quod
1064 3525 1244 3600 evidenter
1268 3535 1447 3623 appareret
1472 3526 1569 3622 quod
1586 3549 1634 3600 ex
1653 3536 1749 3624 parte
1777 3549 1842 3600 sua
1863 3527 1959 3600 nullo

551 3651 657 3724 modo
672 3658 882 3741 remaneret,
900 3658 935 3722 at
950 3649 980 3722 si
997 3671 1067 3746 qua
1081 3650 1283 3744 gravamina
1303 3672 1365 3746 per
1377 3651 1492 3746 ipsum
1510 3651 1567 3724 vel
1579 3672 1662 3724 suos
1675 3651 1828 3724 Ecclesia
1844 3660 1959 3724 essent

550 3767 644 3848 illata
659 3773 771 3846 taliter
783 3773 887 3846 vellet
902 3770 1019 3846 delere
1032 3773 1129 3868 quod
1145 3773 1274 3849 inimici
1293 3773 1406 3846 crucis
1420 3773 1543 3846 Christi
1559 3783 1595 3849 et
1612 3775 1672 3847 alii
1687 3775 1768 3848 falsi
1780 3773 1957 3848 christiani

549 3897 611 3992 qui
629 3897 784 3992 gaudent
802 3897 847 3972 de
869 3896 1043 3972 discordia
1068 3897 1113 3972 da
1138 3917 1223 3993 paca
1246 3905 1282 3970 st
1297 3895 1482 3970 concordia
1497 3897 1771 3990 contundantur,
1801 3907 1836 3972 at
1862 3896 1957 3992 quod

549 4147 724 4238 collatum,
735 4145 798 4220 sed
811 4157 942 4242 quanto
954 4147 1070 4242 ipsum
1080 4148 1172 4219 Deus
1183 4146 1388 4219 exaltaverit
1401 4155 1495 4220 tanto
1508 4147 1594 4253 velit
1607 4169 1645 4252 se
1657 4169 1773 4250 coram
1782 4147 1959 4245 ditissimo

548 4267 731 4341 humiliare
745 4277 780 4341 et
794 4278 933 4365 propter
954 4290 1035 4342 aum
1052 4290 1167 4342 coram
1187 4289 1229 4342 eo
1244 4268 1306 4364 qui
1321 4269 1400 4342 vica
1418 4291 1482 4342 sua
1504 4280 1556 4343 est
1572 4271 1778 4344 constitutus
1799 4271 1836 4342 in
1852 4279 1952 4344 terra.

591 4439 633 4520 (a)
650 4441 697 4504 lta
709 4445 818 4504 rectius
831 4442 1025 4518 urbltrumnrr
1042 4444 1095 4506 ssd
1105 4461 1154 4524 ap.
1169 4447 1267 4520 Parta,
1282 4446 1439 4508 cucuma.

586 4673 622 4750 (t)
640 4673 771 4732 terdenus
783 4689 800 4732 a
813 4677 949 4750 annaldo
962 4677 1115 4750 laudatus,'
1107 4695 1135 4736 ιιι
1148 4679 1267 4737 chronic
1278 4679 1367 4754 lissa,
1381 4681 1424 4740 tul.
1439 4685 1501 4753 99³,
1514 4683 1551 4742 ita
1565 4683 1652 4742 dicit:
1665 4681 1802 4756 «Absque
1811 4680 1864 4739 ulla
1875 4681 1956 4739 bane

548 4769 665 4831 dictione
677 4786 803 4830 coronam
815 4775 905 4848 posuit
917 4790 999 4848 super
1010 4774 1102 4847 altaro,
1115 4775 1212 4835 deinde
1226 4793 1309 4852 super
1319 4783 1400 4852 capnt
1410 4795 1520 4838 suum.»
