4658 6132
520 617 578 681 132
1018 623 1230 686 t'tttutttttct
1256 623 1430 686 suctum
1739 625 1819 706 [rius
1838 625 1923 690 tite.

520 756 566 828 de
577 753 779 828 liberalitate
796 757 906 850 matie
919 766 1034 831 nostre
1052 759 1176 832 damus
1194 769 1227 831 et
1241 759 1464 833 concedimus
1478 760 1529 832 eis
1542 781 1605 856 pro
1618 761 1792 834 communi
1806 761 1929 836 Pisano

519 889 555 953 et
569 901 632 975 pro
643 879 806 952 omnibus
821 880 953 954 Pisanis
967 882 1097 956 curiam
1114 893 1149 956 et
1162 883 1380 956 lranchisiem
1399 883 1435 954 in
1450 883 1589 956 civitate
1598 893 1713 958 nostra
1726 884 1928 958 ierosolimi-

521 1015 602 1077 tana
623 1004 785 1078 intrando
806 1013 841 1077 et
854 1004 1030 1089 exeundo,
1049 1007 1216 1081 mittendo
1233 1017 1268 1080 et
1291 1007 1506 1080 extrahendo
1529 1008 1574 1082 de
1599 1008 1761 1082 omnibus
1781 1009 1929 1104 propriis

521 1129 626 1202 rebus
646 1139 681 1201 et
698 1129 930 1202 mercimoniis
953 1130 1038 1202 suis.
1072 1130 1128 1204 to
1155 1131 1260 1224 hujus
1282 1140 1398 1204 autem
1424 1131 1619 1205 donationis
1644 1141 1680 1206 et
1699 1134 1928 1206 concessionis

520 1253 719 1326 memoriam
738 1263 772 1326 et
789 1256 895 1327 robur
911 1264 1077 1350 perpetuo
1097 1255 1283 1328 valiturum
1298 1277 1439 1352 presens
1457 1254 1679 1351 privilegium
1696 1255 1770 1328 lieri
1786 1267 1820 1330 et
1833 1258 1927 1330 bulla

519 1398 624 1450 aurea
637 1378 772 1473 typario
786 1387 901 1451 nostre
913 1380 1101 1472 majestatis
1117 1379 1282 1474 impressa
1293 1379 1461 1473 jussimus
1475 1380 1691 1452 communiri.

569 1501 679 1592 Hujus
698 1511 814 1574 autem
834 1502 883 1575 rei
900 1511 1003 1574 testes
1017 1513 1099 1574 sunt
1117 1503 1218 1576 Oddo
1242 1503 1287 1576 de
1302 1503 1584 1598 lllontebulpardo
1600 1503 1855 1576 comestabulus
1869 1525 1928 1576 re·

519 1623 579 1719 gni
604 1624 919 1720 Hiemsolymitani,
943 1627 1105 1699 Balianus
1126 1627 1288 1700 dominus
1308 1627 1472 1721 sydonis,
1498 1627 1670 1700 lohannes
1695 1628 1740 1702 de
1760 1629 1923 1715 lbellono,
2010 1685 2018 1702 .

518 1749 728 1821 Gnamerius
745 1749 969 1842 Alemannus,
989 1751 1100 1846 Aymo
1115 1774 1222 1846 nepos
1235 1751 1391 1843 ejusdem
1408 1751 1607 1842 Guaruerii,
1629 1749 1802 1846 Aymarus
1820 1773 1927 1846 nepos

519 1872 632 1944 fratris
646 1871 786 1968 Aymari
801 1873 846 1947 de
861 1873 964 1946 domo
983 1875 1162 1970 hospitalis
1179 1875 1288 1947 sancti
1303 1873 1479 1964 Iohannis,
1496 1883 1531 1946 et
1547 1874 1606 1946 alii
1620 1895 1724 1967 quam
1739 1876 1867 1971 plures.

566 1997 652 2068 Acta
668 2006 749 2068 sunt
768 1995 832 2070 hec
850 2017 941 2068 anno
961 1997 1134 2070 dominice
1156 1997 1400 2070 incarnationis
1418 1997 1598 2070 millesimo
1616 1985 1852 2072 ducentesimo
1874 1999 1927 2071 vi·

519 2121 650 2216 gesimo
665 2141 769 2208 nouo,
790 2141 908 2192 mense
919 2121 1048 2216 aprilis,
1066 2121 1219 2194 secunde
1233 2121 1443 2212 indictionis,
1460 2121 1648 2216 imperante
1657 2120 1798 2194 domino
1812 2129 1928 2193 nostro

518 2243 717 2332 Frederieo,
742 2245 804 2330 Dei
822 2245 930 2340 gretia
955 2245 1180 2322 invictissimo
1201 2247 1432 2318 Romanorum
1455 2245 1679 2340 imperatore,
1704 2267 1840 2342 semper
1864 2269 1927 2320 au·

519 2377 639 2462 gusto,
657 2367 867 2440 Hierusalem
883 2377 916 2440 et
933 2367 1048 2440 Sicilie
1066 2389 1166 2462 rege,
1188 2389 1281 2440 anno
1300 2368 1433 2463 romani
1451 2368 1586 2463 imperii
1610 2389 1719 2460 nono,
1736 2369 1833 2464 regni
1847 2369 1927 2440 Hie-

518 2491 667 2564 rusalem
682 2499 817 2585 quarto,
833 2490 930 2585 regni
946 2512 1029 2564 vem
1043 2491 1158 2564 Sicilie
1175 2489 1350 2586 trigesimo
1365 2492 1490 2587 primo,
1507 2491 1662 2564 feliciter.
1678 2491 1801 2564 Amen.

568 2617 693 2688 Datum
706 2614 800 2712 apud
815 2615 945 2707 Acoon,
962 2637 1066 2706 anno,
1085 2637 1205 2688 mense
1221 2623 1255 2687 et
1268 2613 1455 2686 indictione
1471 2615 1679 2711 prescriptis.

736 2913 1037 2922 ..uum-..nnm-
1059 2911 1714 2924 ....------——-——.--—-—-————-.......

571 3177 806 3282 Fridericns,
847 3177 1107 3260 Romanorum
1144 3175 1364 3283 imperator,
1392 3199 1463 3282 pm
1487 3175 1606 3286 gratis
1635 3175 1794 3258 servitiis
1826 3203 1924 3286 quae

516 3311 643 3396 Pisani
657 3317 934 3392 commorantes
947 3309 986 3388 in
1001 3307 1149 3390 civitate
1168 3307 1328 3390 Acconis
1347 3307 1419 3389 sibi
1437 3317 1475 3390 et
1491 3307 1645 3418 regibus
1667 3307 1925 3394 Hierosolimi-

478 3421 485 3435 ’
516 3442 615 3525 tonis
628 3439 980 3550 praedecessoribus
994 3439 1074 3522 suis
1088 3437 1355 3545 exhibuerunt,
1371 3439 1425 3522 eis
1438 3439 1923 3526 confirmetomniaeorum

516 3575 714 3686 privilegia
742 3573 1026 3682 exemptionum
1043 3580 1080 3654 et
1099 3569 1409 3680 jurisdictionum
1426 3581 1506 3653 tum
1528 3571 1736 3655 incivitate
1764 3573 1923 3656 Acconis

517 3733 635 3816 quam
654 3705 755 3814 apud
775 3705 917 3815 Tyrum
941 3713 979 3786 et
1005 3701 1161 3812 Joppen.

598 3921 695 4002 (lidld.
716 3921 870 3982 Futurum
885 3937 944 3980 nnn
958 3919 1079 3993 Bonco,
1101 3913 1551 3997 maledicentissimum,
1576 3935 1606 3995 p.
1625 3927 1694 3997 trs,
1708 3923 1924 4008 estrunsumpto

638 4030 773 4090 authent.
790 4038 823 4090 nt
842 4030 959 4101 martti,
974 4043 1045 4089 uun.
1063 4025 1165 4106 1248.)

526 4209 536 4236 '
565 4213 778 4305 Fredericus,
795 4213 857 4286 Dei
872 4211 981 4307 gratia
992 4211 1222 4284 Romanorum
1236 4210 1432 4306 imperator,
1449 4231 1584 4305 semper
1596 4219 1777 4304 augustus,
1793 4210 1923 4283 Hieru-

517 4341 625 4414 salem
641 4349 676 4412 et
688 4339 804 4412 Sicilie
819 4359 895 4412 ren.
918 4335 1107 4432 Imperialis
1128 4336 1330 4408 excellentie
1346 4335 1495 4429 dignitas
1511 4343 1594 4406 tunc
1610 4335 1714 4407 altius
1728 4335 1845 4408 titulos
1860 4357 1923 4408 sne

514 4462 632 4538 laudis
648 4463 778 4534 exaltet
795 4470 829 4534 et
844 4459 1062 4534 subditorum
1076 4468 1208 4532 mentes
1229 4459 1266 4530 in
1287 4458 1357 4532 lide
1376 4459 1584 4548 corroborat,
1606 4479 1687 4530 cnm
1710 4455 1873 4530 fidelibus
1888 4467 1923 4531 et

518 4587 654 4662 devotis
677 4585 750 4657 suis
775 4583 882 4678 digna
905 4605 967 4680 pro
994 4583 1124 4656 meritis
1146 4581 1313 4656 beneficia
1333 4581 1518 4654 liberaliter
1540 4579 1717 4675 elargitur,
1746 4588 1922 4652 eteorum

518 4711 670 4786 maxime
696 4727 845 4802 quorum
867 4706 954 4780 tides
976 4715 1010 4780 et
1030 4705 1169 4780 devotio
1190 4705 1286 4800 apud
1308 4727 1390 4778 eum
1409 4705 1541 4778 sincera
1558 4704 1687 4798 jugiter
1706 4705 1919 4798 'pemrerat
