4658 6132
532 638 590 700 lst
1032 641 1244 704 latosulcl
1269 642 1442 705 account
1753 639 1833 724 [Aac.
1853 641 1937 706 12³⁰.

529 771 591 846 Dei
611 781 839 864 compunctus
855 795 973 848 amore
987 775 1044 848 vel
1064 773 1200 848 abbatis
1216 785 1252 850 et
1273 777 1416 850 fratrum
1441 777 1597 872 placatus
1618 774 1787 870 obsequio
1805 776 1941 872 aliquos

530 895 661 970 reditus
676 895 721 968 de
733 897 924 992 antiquitus
936 898 1060 972 ablatis
1071 899 1243 972 reditibus
1253 901 1460 976 monasterio
1470 899 1815 990 restituerevcluerit,
1825 909 1941 976 nostro

530 1019 698 1113 permissu
716 1028 750 1091 et
770 1020 1002 1094 benivolentia
1020 1020 1092 1094 fieri
1110 1023 1332 1098 comedimus
1346 1034 1381 1098 et
1399 1023 1594 1096 stabilimus
1611 1030 1651 1092 nt
1665 1021 1740 1094 dux
1756 1023 1805 1094 illi
1822 1023 1859 1094 in
1873 1021 1940 1096 du·

530 1151 644 1214 catum
661 1141 851 1216 succedens
871 1145 927 1216 vel
947 1145 1075 1239 aliquis
1091 1167 1328 1220 successorum
1343 1169 1486 1221 suorum
1501 1167 1544 1219 ea
1565 1166 1636 1240 que
1657 1166 1719 1240 per
1733 1165 1796 1217 uos
1815 1153 1941 1220 statuta

530 1276 611 1337 snut
626 1267 823 1338 nullatenus
838 1267 947 1362 possit
963 1267 1161 1361 iufringere.
1178 1269 1395 1366 Conpertum
1411 1271 1515 1342 etiam
1529 1268 1698 1340 babemus
1714 1267 1874 1342 docorem
1889 1277 1940 1340 at·

529 1409 599 1482 que
623 1389 851 1462 reverentiam
878 1389 1035 1482 ejusdem
1058 1393 1255 1466 monasterii
1282 1415 1329 1466 ex
1352 1392 1599 1466 advocatorum
1627 1389 1885 1485 importunitate
1906 1400 1942 1464 et

529 1533 637 1606 prava
651 1513 903 1586 cousuetudine
922 1514 1024 1587 valde
1046 1515 1263 1588 imminutam
1281 1537 1377 1608 csse,
1397 1527 1433 1589 et
1447 1515 1626 1609 antiquam
1645 1513 1939 1608 pulchritudinem

530 1643 782 1708 antecessorum
807 1646 1001 1710 nostrorum
1023 1638 1201 1732 diligentia
1224 1638 1385 1712 decenter
1405 1648 1609 1711 exornatam
1633 1637 1669 1708 in
1694 1637 1818 1710 eadem
1836 1637 1940 1712 domo

530 1781 616 1853 pene
631 1759 779 1833 deletam
800 1761 1014 1834 audivimus.
1037 1762 1106 1834 Nos
1125 1772 1240 1834 autem
1258 1763 1478 1856 antiquorum
1496 1783 1616 1854 regum
1639 1770 1675 1832 et
1697 1760 1940 1854 imperatorum

531 1883 804 1956 institutionibus
822 1884 987 1958 honorem
1006 1883 1199 1958 deierantes
1214 1895 1249 1958 et
1262 1886 1365 1978 justis
1380 1885 1541 1980 precibus
1557 1883 1673 1956 dilecti
1694 1883 1939 1977 consanguinei

530 2005 636 2078 nostri
652 2004 848 2100 Manegoldi
863 2005 1021 2098 ejusdem
1033 2007 1231 2080 monasterii
1252 2007 1388 2080 abbatis
1401 2008 1534 2082 facilem
1552 2005 1686 2080 aditum
1701 2005 1938 2100 indulgentes,

531 2146 749 2219 quecumque
772 2126 809 2196 in
835 2126 957 2200 eadem
979 2125 1083 2200 domo
1110 2127 1235 2200 vitiosa
1258 2128 1474 2202 consuetudo
1501 2137 1562 2200 aut
1588 2126 1708 2220 iniqua
1732 2126 1869 2200 exactio
1893 2147 1940 2198 ex

533 2249 778 2322 advocatorum
807 2248 972 2322 violentia
1008 2250 1063 2322 vel
1092 2259 1282 2322 ceterorum
1315 2251 1494 2324 hominum
1525 2249 1736 2343 negligentia
1762 2250 1942 2322 emersisse

531 2371 683 2462 videtur,
709 2393 755 2446 ex
776 2393 945 2446 consensu
961 2371 1135 2446 Bartholdi
1157 2373 1257 2448 ducis
1277 2375 1430 2448 Meranie
1446 2375 1508 2469 qui
1527 2395 1620 2446 nunc
1640 2373 1675 2444 in
1693 2371 1940 2468 presentiarum

531 2495 719 2570 advocatus
742 2503 794 2568 est
814 2495 949 2588 judicio
970 2505 1075 2590 atque
1091 2497 1260 2570 sententia
1277 2497 1473 2592 principum
1497 2496 1635 2591 penitus
1655 2495 1938 2590 reprobavimus3

530 2619 722 2715 specialiter
750 2618 941 2692 oblationes
958 2641 1088 2714 panum
1109 2628 1146 2692 ct
1161 2629 1351 2694 ceterarum
1373 2643 1488 2694 rernm
1512 2641 1582 2714 quc
1601 2619 1636 2690 in
1658 2618 1852 2714 Epiphania
1872 2619 1942 2692 ad·

529 2753 653 2814 vocato
670 2741 799 2814 fiebant
816 2741 863 2814 de
882 2749 995 2814 cetero
1016 2741 1111 2836 exigi
1129 2751 1164 2815 et
1185 2742 1297 2816 ollerri
1319 2743 1572 2838 prohibuimus.
1595 2741 1784 2814 Statuimus
1801 2763 1942 2835 qnoque

530 2875 570 2936 ut
588 2865 695 2937 abbas
711 2865 844 2959 absque
864 2865 959 2937 omni
973 2875 1129 2960 respectu
1147 2867 1306 2940 advocati
1325 2865 1569 2953 casmldiones,
1586 2863 1769 2950 officiales,
1788 2865 1938 2950 villicos,

530 2988 779 3062 mansionarios
804 2989 840 3060 in
865 2989 949 3062 locis
971 2989 1173 3062 necessariis
1194 2989 1374 3083 provideat
1396 2998 1500 3083 atque
1516 2987 1695 3084 disponat3
1720 2995 1874 3060 vectores
1896 2986 1942 3060 ad

530 3113 652 3186 vinnm
668 3111 923 3208 deportandum
940 3113 1031 3184 sicut
1048 3114 1197 3185 voluerit
1214 3113 1394 3202 exbibeat;
1413 3112 1576 3185 officiales
1594 3111 1742 3201 abbatie,
1762 3111 1849 3201 coci,
1868 3111 1944 3205 pis-

532 3248 621 3309 tores
636 3245 671 3308 et
691 3234 815 3328 reliqui
839 3235 1053 3330 quicumque
1082 3237 1118 3307 in
1142 3237 1331 3310 emunitate
1352 3234 1549 3311 monasterii
1577 3233 1695 3306 abbati
1721 3245 1757 3306 et
1781 3233 1943 3308 fratribus

530 3359 722 3431 ministrare
740 3370 1016 3447 consueverunt,
1033 3359 1062 3430 si
1077 3359 1180 3431 rixati
1197 3360 1345 3450 luerint,
1371 3379 1486 3432 coram
1501 3358 1670 3430 advocato
1692 3378 1760 3430 non
1775 3365 1943 3448 cogantur

530 3481 613 3556 inde
640 3483 808 3554 rationem
837 3483 1000 3572 reddere,
1027 3483 1058 3555 si
1083 3483 1287 3556 vulneribus
1316 3483 1465 3554 invicem
1490 3503 1528 3554 se
1557 3481 1693 3554 leserint
1716 3489 1751 3550 et
1779 3477 1942 3572 legitimis

528 3606 753 3700 querimoniis
771 3606 905 3678 evocati
922 3607 1067 3693 luerint,
1089 3607 1280 3680 advocatus
1304 3603 1580 3678 emendationem
1599 3611 1635 3675 et
1656 3603 1844 3676 vindictam
1862 3601 1943 3674 abs-

527 3751 597 3825 que
611 3731 693 3804 odio
709 3739 745 3804 et
761 3731 858 3803 salvo
874 3731 1003 3802 honore
1017 3731 1153 3803 abbatis
1168 3733 1333 3824 imponat.
1351 3727 1519 3800 Scultetos
1535 3736 1571 3799 et
1585 3746 1751 3820 precones
1769 3723 1815 3798 de
1830 3733 1942 3798 cetero

529 3855 640 3926 nullos
661 3854 816 3926 instituat
836 3853 884 3926 ad
903 3852 1000 3948 quod
1019 3853 1170 3926 officium
1187 3854 1296 3926 abbas
1316 3853 1410 3924 viros
1432 3861 1531 3946 aptos
1545 3871 1634 3943 quos
1650 3848 1799 3922 voluerit
1820 3847 1942 3944 provi·

530 3976 622 4050 deal.
645 3975 699 4047 Ab
725 3977 778 4048 bis
800 3984 917 4048 autem
939 3997 1028 4070 quos
1046 3975 1273 4049 castaldiones
1295 3985 1330 4046 et
1354 3974 1608 4069 dispensatores
1632 3972 1740 4046 abbas
1760 3971 1943 4044 instituerit

530 4101 719 4174 advocatus
738 4100 824 4172 nihil
843 4109 960 4172 contra
982 4101 1193 4174 voluntatem
1216 4100 1351 4174 abbatis
1371 4099 1500 4190 exigat.
1518 4099 1623 4170 Porro
1646 4095 1846 4170 exactiones
1863 4095 1942 4166 iru-

530 4225 636 4296 meuti
658 4225 735 4296 sive
750 4225 896 4297 aliarum
919 4245 1033 4296 rerum
1048 4245 1135 4318 quas
1159 4225 1350 4298 advocatus
1369 4222 1518 4316 singulis
1539 4221 1640 4296 annis
1656 4242 1676 4292 a
1691 4220 1825 4292 clericis
1841 4220 1941 4312 ejas-

531 4350 610 4422 dem
625 4347 835 4438 monasterii,
847 4369 868 4420 a
880 4347 1020 4438 villicis,
1037 4349 1312 4426 amansionariis
1324 4349 1436 4420 lacere
1446 4343 1727 4419 consueveratde
1739 4355 1853 4442 cetero
1866 4341 1940 4414 lieri

531 4480 646 4544 nostra
672 4471 873 4544 anctoritate
896 4471 1122 4544 inhibuimus.
1149 4471 1203 4544 lc
1224 4473 1288 4546 hec
1312 4470 1511 4546 mandando
1532 4468 1740 4564 precipimus
1764 4474 1803 4536 ut
1826 4464 1942 4538 nullus

534 4595 578 4668 de
603 4603 717 4668 cetero
738 4593 926 4667 advocatus
950 4595 1231 4668 ministerialibus
1255 4595 1411 4688 ejusdcm
1439 4591 1636 4666 monasterii
1659 4589 1857 4685 violentiam
1880 4597 1942 4662 ant

533 4719 692 4810 injuriam
704 4716 833 4792 audeat
847 4717 988 4811 inferre,
1004 4719 1098 4814 quod
1113 4721 1141 4792 si
1152 4727 1353 4815 attemptare
1365 4715 1624 4814 presumpserit,
1643 4722 1794 4786 nostram
1806 4711 1940 4804 majes-
