4658 6132
427 673 525 734 burn.
540 667 583 754 2]
877 662 1077 729 HISTORIA
1100 662 1394 729 ntstottartcs.
1783 673 1841 736 10³

426 806 601 904 proiectus
619 809 672 874 ast
685 799 731 875 de
747 797 863 874 deuon
882 799 1067 895 ipsumque
1095 806 1235 870 secutm
1256 806 1309 873 est
1326 797 1499 872 exercitus
1517 798 1736 873 christianus.
1763 801 1842 898 lpso

428 936 546 1002 autam
562 925 647 998 illuc
662 921 884 1020 perveniente
901 943 943 996 ac
963 921 1150 1018 incipiente
1169 921 1324 1014 munire,
1393 921 1522 1016 regrini
1539 922 1586 997 ad
1609 922 1843 1018 circumadja-

315 1111 321 1122 .
429 1050 542 1126 canda
574 1048 702 1122 casalia
732 1053 960 1120 cucurremnt
983 1067 1048 1142 pro
1068 1044 1278 1118 victualibus
1298 1045 1515 1139 requirendis
1543 1071 1553 1117 ε
1581 1045 1678 1140 quod
1698 1046 1844 1122 audiens

429 1174 601 1250 Soldunus
613 1173 674 1267 qni
688 1191 795 1267 prope
808 1178 883 1244 erat
898 1189 980 1242 cnm
1000 1189 1065 1242 suo
1076 1169 1232 1242 exercitu
1251 1170 1342 1242 male
1355 1169 1534 1264 respondit
1546 1171 1678 1243 nuntiis
1694 1171 1843 1267 impera·

429 1296 584 1391 terisqui
600 1295 673 1386 iam
691 1294 737 1368 ds
751 1293 869 1366 Aecon
891 1293 1026 1367 iverant
1039 1292 1087 1367 ad
1099 1291 1261 1366 cumdem
1277 1300 1313 1366 et
1325 1291 1417 1367 dixit
1433 1293 1686 1388 qnoddurants
1699 1303 1844 1368 bactatu

429 1419 525 1516 pacis
538 1419 676 1514 loppsn‘
688 1438 758 1491 non
777 1416 954 1490 debuisset
967 1437 1074 1490 eausa
1092 1414 1294 1489 munitionis
1315 1416 1474 1490 iacienda
1490 1417 1628 1492 venisse
1644 1440 1710 1490 nec
1731 1419 1844 1514 frangi

430 1565 493 1616 sua
508 1542 635 1618 casalia
650 1539 833 1629 debuisse;
850 1549 989 1636 propter
1004 1561 1075 1634 que
1090 1548 1296 1614 memoratos
1307 1541 1447 1614 nuntios
1461 1563 1541 1614 com
1557 1539 1796 1636 indignatione
1810 1549 1847 1616 et

430 1667 632 1740 contusione
647 1664 791 1738 remisit.
806 1662 862 1738 Ad
879 1665 945 1738 bec
960 1664 1144 1760 imperator
1159 1664 1276 1738 omnia
1293 1686 1363 1758 que
1377 1665 1550 1760 peregrini
1565 1674 1762 1762 ceperanta
1782 1688 1845 1740 ca·

430 1789 562 1862 salibus
574 1787 756 1864 antedictis
769 1787 851 1860 fecit
872 1787 1004 1860 restitui
1020 1796 1056 1860 et
1069 1787 1143 1883 ipsa
1155 1787 1282 1862 casalia
1305 1809 1385 1862 cnm
1404 1788 1567 1862 omnibus
1589 1789 1742 1880 affidari,
1769 1790 1843 1862 Scl-

431 1913 563 1988 buum
590 1911 760 2008 incipiens
783 1911 835 1984 sic
856 1912 1005 2007 placare.
1037 1913 1088 1984 lio
1109 1919 1264 2007 tempore
1286 1911 1320 1984 ei
1341 1911 1514 1986 Soldanus
1539 1912 1692 2006 quedam
1710 1913 1843 1986 instru-

430 2045 547 2110 menta
564 2036 659 2110 misit
670 2035 759 2110 vilia·
772 2044 807 2108 et
821 2034 984 2130 despectu
997 2057 1067 2130 qne
1080 2035 1208 2110 directe
1225 2036 1476 2130 pretendebant
1495 2035 1656 2108 ellectum
1669 2036 1842 2132 turcopuli

431 2169 466 2234 ct
482 2160 642 2252 tonsoris,
658 2158 829 2234 mandans
842 2159 939 2256 quod
952 2169 1041 2234 terra
1054 2181 1119 2236 sna
1137 2159 1264 2233 talibus
1278 2158 1482 2233 abundaret.
1501 2157 1558 2233 Ad
1574 2159 1639 2232 bec
1658 2159 1842 2254 imperator

431 2283 562 2356 remisit
572 2305 676 2356 snum
690 2283 862 2358 notarium
875 2283 922 2358 ad
935 2283 1125 2358 Soldannm
1137 2305 1201 2378 pro
1214 2292 1357 2358 tructmu
1377 2283 1473 2380 pacis
1488 2283 1614 2357 iterum
1629 2283 1838 2377 inchoando,

432 2406 601 2502 qui-male
616 2415 810 2503 receptusa
827 2406 979 2481 Soldanu
992 2407 1107 2480 statim
1127 2407 1172 2480 ab
1192 2429 1234 2482 so
1248 2407 1389 2482 recessit
1407 2407 1541 2504 luitque
1554 2409 1591 2480 in
1605 2429 1669 2482 suo
1683 2408 1798 2482 mditu
1820 2430 1842 2483 a

432 2531 628 2603 Sarracenis
641 2538 807 2604 tractatus
821 2531 966 2628 turpiter
984 2538 1020 2604 et
1037 2530 1139 2604 bonis
1152 2531 1315 2606 omnibus
1328 2533 1506 2628 spoliatus.
1531 2531 1755 2608 Postmodum
1771 2553 1842 2604 non

431 2652 509 2726 sine
521 2653 619 2744 gravi
639 2653 804 2728 scandalo
821 2655 1080 2750 peregrinorum
1102 2676 1145 2728 ac
1170 2655 1258 2730 mira
1275 2656 1478 2730 confusione
1500 2655 1594 2730 idem
1617 2655 1772 2729 notarius
1791 2665 1844 2729 est

432 2776 610 2865 remissus,
629 2777 767 2850 mittens
781 2777 930 2852 Soldano
945 2799 1041 2852 arma
1060 2800 1125 2852 sna
1146 2779 1302 2875 propria,
1323 2779 1463 2852 loricam
1486 2779 1632 2870 scilicet,
1655 2779 1789 2873 galeam
1808 2788 1844 2852 et

433 2901 602 2996 gladium,
616 2902 910 2996 emnemandans,
924 2903 1266 3000 sicutluitnobispro
1274 2912 1365 2978 certo
1372 2905 1533 2993 relatum,
1548 2903 1646 2998 qnod
1659 2905 1786 2976 laceret
1797 2902 1843 2977 de

434 3024 509 3119 ipso
524 3025 730 3120 imperatore
746 3025 919 3120 quidquid
937 3027 1055 3119 vellet,
1075 3027 1159 3122 qnia
1175 3049 1356 3121 nunqnam
1374 3037 1493 3102 uontm
1515 3048 1596 3100 eum
1614 3027 1659 3101 de
1673 3036 1786 3102 cetero
1805 3049 1843 3100 se

433 3157 607 3220 armaret:
631 3148 678 3222 ad
695 3148 791 3242 quod
815 3149 901 3222 nibil
927 3149 1106 3246 respondit
1129 3151 1300 3224 Soldanus
1321 3151 1540 3246 vilipendens
1559 3151 1676 3224 omnia
1698 3149 1842 3246 quefie·

433 3269 528 3344 bant.
550 3272 641 3345 lnter
653 3271 719 3344 bec
731 3271 875 3366 quidam
892 3272 937 3346 dc
953 3273 1181 3349 familiaribus
1203 3273 1344 3348 Soldani
1357 3275 1420 3371 qui
1437 3275 1679 3371 imperatorem
1698 3275 1843 3369 diligere

432 3413 471 3466 se
485 3393 637 3490 fingebat
659 3394 711 3493 (l)
728 3395 820 3470 dixit
840 3396 973 3470 notario
993 3397 1023 3470 si
1041 3408 1132 3470 esset
1146 3397 1192 3472 ds
1215 3398 1430 3495 beneplacito
1453 3397 1593 3472 Soldani
1608 3397 1705 3492 qnod
1726 3419 1842 3472 eomes

433 3517 579 3590 Thomas
587 3526 814 3594 reverteretur
823 3519 870 3596 ad
881 3520 1010 3616 ipsum,
1026 3523 1093 3617 ipsi
1107 3524 1180 3597 duo
1194 3521 1240 3626 de
1251 3543 1337 3618 pace
1347 3523 1463 3617 aliqua
1475 3531 1511 3596 et
1522 3521 1706 3596 concordia
1721 3522 1842 3594 iterato

433 3647 627 3714 occurent.
646 3644 757 3738 Super
780 3665 853 3738 quo
878 3643 1077 3739 sepedictus
1100 3645 1254 3720 notarius
1273 3645 1423 3720 Soldano
1437 3667 1518 3719 cum
1539 3667 1666 3739 magna
1681 3643 1843 3718 instantia

433 3763 640 3858 supplicavit
653 3775 692 3838 nt
704 3765 772 3842 sibi
782 3765 821 3844 in
834 3766 900 3840 bac
913 3775 1010 3863 parta
1022 3789 1126 3840 snum
1138 3776 1305 3864 prestaret
1320 3788 1518 3859 assensum,
1535 3769 1598 3864 qui
1609 3766 1750 3842 tandem
1761 3787 1842 3840 con·

435 3887 536 3960 cessit
547 3889 778 3984 supplicatam
792 3890 938 3984 gratiam
957 3892 1178 3987 supplicanti.
1201 3893 1258 3966 Sic
1276 3893 1382 3984 igitur
1404 3913 1542 3966 reverso
1563 3892 1688 3965 comite
1704 3890 1751 3964 ad
1768 3891 1843 3964 Sol·

434 4009 581 4102 danum,
603 4033 666 4108 per
691 4011 806 4108 ipsum
830 4022 865 4087 et
890 4009 1097 4088 familiarem·
1118 4015 1314 4111 predictum
1338 4023 1502 4092 tractatus
1528 4013 1625 4110 pacis
1646 4013 1709 4108 qui
1737 4011 1844 4086 modo

435 4135 635 4230 supradicto
662 4135 699 4212 in
723 4137 960 4212 confusionem
985 4138 1092 4212 totins
1121 4139 1376 4218 christianitatis
1400 4139 1513 4212 iuerat
1539 4136 1747 4230 dissolutus,
1777 4136 1845 4208 fruit

432 4259 632 4332 contusione
639 4259 772 4357 duplici
787 4259 903 4334 denuo
914 4261 1114 4335 inchoatus:
1133 4285 1203 4358 quo
1218 4261 1366 4336 durante
1374 4261 1599 4358 capiebantur
1608 4261 1714 4332 nostri
1725 4259 1843 4332 miseri

469 4572 506 4647 (t)
523 4574 574 4632 llic
585 4575 765 4644 verisimiliter
777 4577 864 4650 agitur
877 4577 912 4634 de
923 4577 1323 4652 Emimlukr-Eddin,qui1am
1333 4581 1422 4648 antaa,
1437 4592 1501 4634 ann.
1516 4577 1597 4648 4227,
1610 4576 1645 4634 ad
1656 4577 1844 4650 imperatorem

433 4671 461 4727 iu
472 4671 574 4728 ltaliam
586 4689 602 4730 a
614 4671 729 4730 Soldano
743 4673 853 4745 missus,
867 4689 991 4748 magnam
1002 4675 1035 4732 de
1046 4691 1080 4732 eo
1094 4674 1129 4733 ad
1140 4689 1203 4732 suos
1213 4675 1311 4732 lamam
1324 4673 1459 4754 retulerat.
1467 4673 1507 4732 Gt.
1519 4675 1649 4746 Mamer,
1660 4689 1704 4748 ap.
1713 4671 1787 4732 stet.
1798 4671 1844 4728 dea

435 4767 568 4842 deaut,
582 4769 628 4841 tv,
642 4787 670 4845 p.
686 4771 739 4830 li'l
755 4775 784 4828 et
798 4772 861 4828 lto.
1485 4809 1490 4818 -
