4602 6084
308 701 405 760 lucrm.
425 699 485 778 la]
760 693 951 756 lllS'l'Olllll
976 693 1268 754 ulrnottll'rlcn
1677 695 1714 758 19

307 833 431 929 primo.
448 870 498 884 —-
512 832 637 902 Datum
651 828 747 924 apud
762 829 925 900 Esculum
946 826 991 900 de
1009 827 1124 899 Merca
1141 825 1208 923 (l),
1228 848 1289 923 per
1301 847 1443 899 manum
1457 824 1586 900 Alherti
1602 837 1715 923 proto·

306 955 430 1028 notarii
451 951 639 1050 imperialis
653 953 751 1040 aule,
768 952 879 1048 primo
895 951 953 1024 die
971 951 1098 1024 mensis
1119 951 1240 1042 madii,
1262 949 1450 1024 indictione
1465 951 1709 1024 tertiadecima.

354 1075 424 1147 Nos
447 1073 554 1170 igitur
571 1073 692 1168 prelati
713 1072 866 1168 episcopi
887 1073 1107 1146 devotionem
1128 1081 1162 1144 et
1184 1072 1288 1145 lidem
1305 1095 1412 1166 quam
1432 1093 1514 1165 erga
1532 1095 1713 1168 personam

308 1191 456 1272 nostram
476 1199 605 1272 habere
628 1197 842 1292 dignoscitur
864 1198 1065 1292 diligentius
1084 1199 1317 1286 attendentes,
1342 1198 1469 1269 intuitu
1493 1197 1596 1271 etiam
1621 1198 1713 1271 beati

307 1323 436 1396 Thome
453 1322 598 1418 apostoli
616 1321 653 1392 in
677 1323 778 1414 cujus
800 1321 939 1394 nomine
963 1321 1076 1394 dicata
1092 1320 1244 1393 Ecclesia
1266 1319 1407 1392 Teatina
1433 1321 1561 1393 dicitur
1584 1331 1618 1393 et
1636 1323 1713 1392 lun·

307 1447 405 1538 data,
431 1467 564 1519 necnon
584 1454 619 1518 et
642 1467 706 1541 pro
731 1443 886 1517 remedio
909 1445 1100 1518 animarum
1126 1443 1278 1516 lelicium
1300 1452 1525 1538 augustorum
1549 1445 1657 1540 patris
1678 1455 1713 1516 et

305 1570 424 1643 matris
443 1579 558 1642 nostre
579 1569 742 1642 memorie
767 1567 965 1660 recolende,
988 1589 1050 1664 pro
1065 1577 1181 1642 nostra
1203 1589 1344 1662 quoque
1363 1569 1490 1661 salute,
1511 1577 1580 1642 tam
1596 1569 1711 1664 ipsum

305 1691 527 1788 privilegium
545 1714 652 1786 quam
663 1715 705 1765 ea
720 1693 836 1765 omnia
851 1715 921 1786 que
939 1693 1157 1766 continentur
1173 1693 1209 1764 in
1228 1693 1316 1788 ipso,
1335 1701 1439 1787 prout
1453 1693 1614 1788 superius
1630 1703 1712 1767 sunt

305 1837 481 1912 expressa,
502 1817 616 1890 cidem
627 1815 778 1890 Ecclesie
794 1816 933 1888 Teatine
951 1795 987 1888 et
1002 1815 1095 1888 dicto
1115 1817 1278 1912 episcopo
1294 1817 1620 1912 successoribusque
1638 1817 1711 1889 suis

307 1937 351 2010 de
364 1949 479 2012 nostra
495 1940 604 2034 gratia
617 1941 840 2031 innovamus,
862 1939 1083 2011 concedimus
1098 1949 1132 2010 et
1150 1949 1317 2036 perpetuo
1336 1937 1595 2033 confirmamus,
1614 1939 1710 2012 salvo

306 2061 446 2134 servitio
470 2062 567 2157 quod
588 2063 684 2136 curie
704 2071 819 2136 nostre
842 2061 923 2135 inde
947 2063 1109 2149 debetur,
1136 2064 1233 2135 salvo
1256 2063 1398 2156 insuper
1413 2061 1577 2138 mandato
1597 2071 1632 2133 et
1655 2083 1709 2134 or·

306 2183 482 2258 dinatione
505 2194 620 2259 nostra
643 2196 677 2258 et
700 2185 868 2258 heredum
888 2195 1095 2259 nostrorum.
1119 2184 1176 2259 Ad
1196 2185 1301 2278 hujus
1319 2196 1435 2259 autem
1455 2185 1704 2272 innovationis,

307 2308 535 2380 concessionis
555 2317 590 2380 et
609 2308 876 2382 confirmationis
899 2319 1014 2382 nostre
1039 2310 1239 2382 memoriam
1259 2319 1293 2382 et
1316 2311 1422 2384 robur
1444 2319 1610 2406 perpetuo
1625 2312 1709 2383 vali-

308 2439 422 2501 turum
445 2452 587 2526 presens
611 2431 832 2526 privilegium
861 2432 966 2503 scribi
993 2442 1027 2504 et
1057 2433 1243 2524 maJestatis
1267 2441 1381 2506 nostre
1407 2433 1519 2528 sigillo
1541 2434 1708 2527 jussimus

307 2555 528 2646 communiri,
548 2575 656 2644 anno,
679 2576 796 2627 mense
811 2563 846 2628 et
862 2554 1049 2628 indictione
1067 2555 1280 2651 subscriptis.

353 2679 477 2750 Datum
494 2679 699 2770 Brundusii,
719 2700 810 2751 anno
825 2679 998 2752 dominice
1017 2680 1261 2753 incarnationis
1277 2680 1458 2752 millesimo
1473 2681 1707 2752 ducentesimo

306 2799 472 2894 vigesimo
494 2801 656 2896 septimo,
683 2821 801 2874 mense
818 2802 975 2896 augusti,
997 2802 1252 2897 quintodecimo
1278 2782 1493 2895 indictionis,
1518 2803 1707 2898 imperante

304 2920 628 2996 dominoFriderico
641 2923 867 2996 invictissimo
880 2924 942 2996 Dei
958 2925 1068 3019 gratia
1084 2927 1315 2999 Romanorum
1337 2925 1553 3024 imperatore,
1574 2949 1709 3024 semper

302 3057 468 3140 augusto,
488 3047 700 3121 Hierusalem
720 3058 754 3122 et
769 3049 885 3122 Sicilie
899 3072 998 3144 rege,
1020 3071 1110 3124 anno
1129 3051 1272 3124 llomaui
1292 3051 1428 3147 imperii
1443 3053 1519 3145 ejus
1542 3053 1703 3149 septimo,

303 3171 400 3264 regni
420 3172 631 3246 Hierusalem
652 3173 824 3266 secundo,
849 3174 947 3268 regni
968 3195 1051 3246 vero
1074 3173 1189 3248 Sicilie
1209 3175 1383 3248 tricesimo
1401 3175 1555 3249 feliciter.
1579 3177 1702 3250 Amen.

350 3735 580 3847 Fridericus,
599 3741 858 3826 Romanorum
877 3744 1100 3854 imperator,
1118 3746 1335 3830 Conradum
1353 3749 1701 3833 Hildensemensem

295 3867 538 3978 episcopum,
562 3898 633 3980 puo
655 3899 747 3957 cura
770 3901 888 3984 quam
910 3877 1070 3961 fideliter
1097 3879 1195 3990 gerit
1221 3881 1320 3962 circa
1353 3882 1633 3993 crucesignatos
1665 3891 1703 3964 et

296 4025 366 4104 pro
392 4001 528 4084 debitis
555 4004 720 4088 ecclesiae
744 4006 846 4116 ejus,
877 4009 926 4092 ab
948 4013 1053 4093 omui
1078 4011 1229 4095 seruilio
1253 4014 1356 4124 quod
1381 4013 1452 4096 sibi
1479 4023 1517 4097 et
1543 4014 1701 4126 imperio

295 4131 472 4216 exhibere
494 4144 661 4242 tenetur,
686 4140 829 4223 eximit.

375 4346 492 4426 (Edidit
514 4352 554 4414 Η.
579 4353 782 4433 Sunnnnons,
806 4355 1017 4442 Merltoitrdipc
1037 4357 1195 4422 llrlaadca
1205 4359 1265 4442 sits·
1282 4361 1328 4424 dic
1344 4364 1441 4426 Deua.
1470 4363 1583 4438 enea,
1603 4367 1702 4429 metor

413 4454 503 4528 then,
522 4474 552 4534 p.
574 4467 649 4538 102,
671 4459 706 4522 n·
726 4461 767 4522 LI
781 4477 819 4522 cx
835 4461 1046 4544 memtario
1060 4464 1229 4528 liddam.
1246 4487 1392 4530 monaco.
1412 4470 1553 4532 haetenus
1572 4471 1699 4542 lnedlto;

411 4561 464 4622 scd
480 4565 580 4624 rnlnus
594 4571 671 4627 recte
684 4568 723 4628 ad
739 4585 810 4630 aun.
830 4579 904 4631 rane
918 4575 1144 4635 instrumentum
1158 4573 1342 4655 collecarlt)

297 4711 503 4729 *-

330 4793 363 4866 (l)
383 4793 491 4854 Scilicet
502 4799 595 4858 Accola'
605 4801 642 4860 ita
653 4803 741 4860 dictus
754 4802 785 4862 ds
798 4804 895 4862 Marco
910 4806 1078 4882 (Macella),
1095 4815 1125 4866 ut
1136 4809 1315 4884 distinguatur
1328 4811 1363 4869 ab
1377 4811 1468 4870 Ascoli
1480 4809 1512 4869 de
1525 4813 1702 4886 Ocpitoaoto.

1754 3761 1883 3810 nmmum

1736 3819 1748 3858 7
1760 3819 1898 3873 septemtrio.
