4658 6132
1127 659 1342 724 rotonam!
1367 661 1540 725 sacello!
1850 667 1931 748 [An.
1949 669 2029 734 1229.

455 1237 575 1344 app„
682 1223 892 1334 Imperator
921 1249 1052 1308 mense
1080 1203 1297 1310 novembris
1322 1253 1391 1338 per
1418 1227 1585 1310 insulam
1613 1227 1781 1314 filiorum
1810 1229 1909 1313 Petri
1939 1231 2032 1316 redit

426 1345 484 1386 ¹¹¹²
423 1345 604 1493 appe.
629 1356 827 1468 Aquinum
848 1359 915 1442 ubi
933 1359 1035 1442 diem
1053 1359 1193 1444 festum
1210 1361 1375 1445 celebrat
1397 1361 1495 1444 beat'
1468 1371 1498 1444 tr
1517 1361 1681 1446 Martini
1702 1362 1881 1473 Magister
1897 1363 2030 1448 domus

457 1450 596 1550 Ἥ
595 1477 1077 1603 'Alemannorumapapa
1092 1495 1241 1578 rediens
1253 1491 1373 1578 laetos
1389 1494 1462 1577 ad
1451 1503 1716 1604 imperatorem
1730 1520 1903 1580 rumores
1916 1495 2032 1580 defert

628 1622 676 1706 de
694 1624 964 1734 compositione
986 1625 1085 1709 inter
1104 1653 1244 1736 papam
1266 1627 1335 1710 et
1325 1653 1471 1736 ipsum,
1497 1627 1674 1738 idemque
1697 1627 1853 1712 domino
1868 1627 2032 1712 Thomae

626 1757 675 1840 de
686 1756 816 1866 Capua
827 1757 927 1840 tituli
938 1757 1097 1842 Sanctae
1106 1759 1269 1842 Sabinae
1282 1759 1501 1870 presbytero
1515 1759 1699 1842 cardinali
1711 1759 1883 1844 obuam
1872 1787 1913 1842 m
1924 1761 2032 1844 Cam·

626 1889 741 1998 pania
761 1890 884 1996 vadit,
904 1915 993 1972 oum
1011 1893 1153 2000 quoad
1173 1892 1440 2002 imperatorem
1460 1891 1563 1976 uenit
1584 1890 1781 2002 Aquinum
1802 1917 1891 1976 oum
1912 1893 2034 1977 forma

625 2023 840 2130 oonoomlia,
863 2031 1001 2132 quarto
1019 2033 1142 2108 stante
1158 2025 1301 2108 mensis
1320 2024 1553 2132 novembrisq
1568 2035 1606 2108 et
1620 2025 1755 2124 eodem
1771 2023 1833 2108 die
1849 2026 2033 2137 cumipse

625 2153 818 2236 omnlinale
827 2181 868 2238 se
875 2156 1035 2240 eontulit
1044 2155 1103 2269 (o)
1115 2159 1217 2269 apud
1227 2159 1409 2247 Sanctum
1418 2159 1664 2242 Germanum.
1676 2159 1776 2244 cho.
1788 2183 1833 2240 nn
1844 2159 1884 2242 S.
1895 2159 2029 2266 Grau„

626 2287 797 2370 coronio.
818 2291 869 2370 uel
882 2316 970 2370 oon.

490 2903 568 2990 aaa..
677 2891 907 2998 Fridericus,
922 2893 1181 2976 Romanorum
1199 2892 1419 3002 imperator,
1440 2891 1614 2977 Conrado
1628 2892 1677 2976 de
1694 2891 1915 2976 Hohenlooh
1932 2887 2032 2979 fideli

624 3049 695 3107 suo
710 3051 779 3136 pro
798 3025 916 3136 gratis
929 3023 1012 3134 ejus
1028 3025 1187 3109 servitiis
1201 3025 1241 3105 in
1256 3034 1480 3134 perpetuum
1494 3025 1665 3110 concedit
1681 3035 1718 3109 et
1732 3025 1849 3110 donat
1865 3029 2032 3112 eomita-

624 3157 857 3242 tumllolisii
873 3161 1081 3242 cumomni
1097 3159 1257 3268 honore,
1276 3159 1491 3244 tenimentis
1505 3169 1542 3244 et
1556 3161 1805 3272 pertinentiis.

705 3373 804 3448 (Ello.
819 3373 1057 3449 mamma,
1081 3371 1432 3458 mmeramme,
1453 3381 1478 3438 t.
1494 3378 1528 3452 1,
1550 3393 1582 3455 p.
1598 3385 1675 3451 aas,
1689 3393 1727 3438 ax
1744 3379 1850 3457 orlglm
1864 3377 1897 3439 ln
1918 3377 2031 3440 arebla.

744 3479 851 3542 domus
863 3479 1060 3556 llohenlobe.)
1135 3535 1137 3541 .

670 3665 880 3758 Friderious,
895 3665 957 3738 Dei
974 3665 1084 3760 gratia
1097 3667 1327 3740 Romanorum
1339 3667 1533 3762 imperator,
1548 3687 1683 3762 semper
1696 3675 1878 3762 augustus,
1892 3669 2033 3742 Jerusa-

622 3791 689 3864 lem
705 3799 740 3863 et
753 3790 867 3862 Sicilie
883 3810 960 3862 rex.
978 3792 1070 3863 luter
1086 3801 1281 3887 ceteraque
1296 3812 1451 3864 cesareae
1467 3790 1630 3862 utilitates
1648 3789 1837 3885 respiciunt
1855 3800 1890 3863 et
1902 3813 2034 3886 augus·

622 3915 689 3988 tale
707 3935 832 3986 nomen
849 3913 1019 3986 extollunt
1034 3915 1219 4010 primatum
1234 3915 1365 3988 obtinet
1386 3913 1542 3987 fidelium
1563 3914 1783 3988 devotionem
1802 3915 1978 3989 attendere
1991 3937 2034 3988 ao

624 4039 778 4136 ipsorum
804 4049 901 4132 grata
924 4037 1065 4112 servilia
1093 4039 1245 4112 liberalia
1272 4037 1507 4112 munitioentie
1532 4037 1730 4134 provisione
1756 4058 1912 4133 pensare.
1946 4037 2035 4110 llino

624 4164 716 4236 enim
731 4185 834 4236 suum
852 4163 1075 4258 consequitur
1088 4184 1213 4236 nomen
1230 4161 1441 4234 liberalitatis
1455 4161 1614 4234 ellectum
1632 4160 1717 4234 dum
1729 4161 1825 4256 qnod
1840 4161 1901 4232 uni
1915 4161 2036 4256 provi·

623 4287 725 4364 detur
739 4289 785 4360 ob
800 4285 978 4376 meritum,
998 4285 1102 4360 trahit
1117 4284 1164 4360 ad
1183 4285 1343 4360 devotius
1356 4285 1560 4380 obsequium
1576 4283 1662 4358 elios
1675 4307 1737 4381 per
1753 4285 1964 4380 exemplum.
1983 4284 2034 4358 En

623 4421 762 4508 propter
779 4418 900 4483 notum
918 4413 1172 4485 essevolumus
1192 4411 1365 4484 universis
1387 4409 1548 4484 fidelibus
1571 4409 1696 4484 nostris
1720 4419 1791 4483 tam
1814 4409 2035 4506 presentibus

624 4555 731 4631 quam
746 4533 873 4606 tuturis
885 4533 981 4627 qnod
1001 4555 1065 4608 nos
1082 4536 1295 4610 attendentes
1310 4534 1416 4610 fidem
1429 4555 1553 4632 puram
1573 4543 1607 4609 et
1621 4533 1840 4608 devotionem
1862 4532 2034 4606 sinoeram

548 4839 552 4846 Ι
668 4755 709 4831 (a)
727 4751 909 4817 amnentur
924 4753 1094 4831 imperator.
