4602 6084
559 633 602 696 34
1057 631 1275 694 rutusutct
1301 629 1476 694 succum
1771 625 1853 705 [ilua.
1872 623 1957 684 tart.

560 765 651 838 rium
677 765 712 838 in
731 775 827 838 tuam
851 768 1023 864 recipiens
1044 767 1190 862 gratiam
1215 776 1250 840 ct
1269 769 1421 840 levorem
1448 765 1649 861 promiseras
1670 759 1766 858 quod
1789 761 1902 856 ipsum
1925 759 1961 829 in

560 891 656 962 nullo
678 889 870 982 minueres,
892 891 955 964 sed
976 891 1090 987 potius
1113 900 1370 985 augmentatos,
1393 885 1614 962 convitiando
1634 883 1845 958 concludunt
1867 879 1961 976 quod

558 1013 669 1108 ipsius
689 1013 832 1086 exilium
859 1037 964 1108 quem
986 1015 1061 1110 ipse
1080 1013 1312 1108 crucesignari
1339 1013 1447 1086 fecisti
1471 1021 1506 1086 ct
1524 1009 1756 1108 captivitatem
1781 1005 1841 1078 filii
1863 1003 1962 1100 quasi

559 1135 826 1210 conniventibus
856 1137 966 1210 oculis
993 1138 1177 1210 transimus
1199 1137 1262 1232 qui
1280 1137 1416 1210 sillictie
1437 1147 1472 1210 et
1489 1134 1637 1232 captivis
1661 1132 1850 1228 specialiter
1869 1139 1962 1202 tene-

558 1281 637 1330 mur
653 1259 787 1333 adesse.
811 1260 867 1334 Ad
885 1262 951 1334 hec
975 1283 1055 1334 cum
1076 1261 1228 1334 universi
1249 1259 1477 1353 crucesignati
1498 1259 1565 1332 sub
1582 1257 1722 1354 speciali
1744 1253 1843 1328 Sedis
1865 1271 1963 1348 epos·

558 1382 659 1454 tolios
684 1383 895 1478 protectione
922 1383 1127 1476 consistant,
1156 1385 1255 1456 multi
1282 1384 1497 1456 subsannant
1521 1379 1747 1454 convitiantes
1771 1375 1900 1449 ironice
1922 1395 1961 1446 ac

558 1503 712 1578 dicentes
732 1532 741 1576 ε
768 1507 896 1580 Eecins
918 1507 1067 1600 qualiter
1087 1517 1169 1579 sunt
1186 1505 1329 1602 protecti
1348 1507 1408 1600 qui
1426 1527 1506 1578 cum
1525 1525 1662 1576 crucem
1676 1507 1889 1575 assumerent
1902 1517 1962 1592 po·

557 1637 668 1700 tantm
687 1637 722 1700 et
742 1629 885 1720 divites,
907 1651 1002 1702 nunc
1024 1652 1046 1703 a
1070 1639 1102 1702 te
1121 1629 1221 1722 ejecti
1243 1631 1386 1702 exulant
1409 1639 1444 1702 et
1468 1627 1678 1702 mendicant.
1704 1625 1859 1698 Preterea
1882 1643 1961 1694 cum

556 1749 713 1844 Regnum
732 1752 847 1824 Sicilie
863 1753 966 1848 pleno
989 1754 1206 1849 proprietatis
1228 1757 1307 1848 jure
1331 1753 1377 1826 ad
1399 1754 1586 1828 Romanam
1611 1757 1741 1848 spectet
1754 1745 1958 1828 Ecclesiam,

556 1893 625 1944 non
650 1874 763 1946 solum
789 1875 1043 1948 calamitatibus
1065 1897 1306 1980 oppressorum
1330 1875 1575 1972 compassionis
1598 1873 1722 1946 affectu
1745 1868 1961 1944 confodimur

556 1997 767 2088 gementium
786 1997 884 2090 quod
904 1998 980 2070 illos
998 1999 1034 2070 in
1054 1999 1104 2070 eis
1118 2000 1328 2073 sustinemus
1341 1999 1447 2094 impie
1460 1997 1635 2072 servitutis
1650 1997 1782 2070 abusus
1795 2014 1884 2088 quos
1900 1990 1962 2062 vix

556 2116 726 2190 debemus
741 2119 777 2192 in
800 2120 916 2214 regnis
937 2120 1014 2193 aliis
1033 2131 1266 2218 comportore3
1287 2123 1349 2196 sed
1371 2119 1615 2194 contundimur
1633 2141 1654 2192 a
1672 2117 1820 2194 vocibus
1837 2133 1961 2208 expro-

557 2239 731 2312 brantium
759 2251 795 2314 et
821 2242 1037 2336 loquentium
1061 2246 1157 2338 quod
1185 2247 1270 2318 tales
1299 2245 1502 2318 olllictiones
1528 2244 1564 2314 in
1601 2242 1643 2314 iis
1671 2241 1734 2336 qui
1762 2238 1810 2314 ad
1837 2235 1960 2310 Sedcm

555 2363 795 2457 apostolicam,
809 2375 841 2436 tc
855 2365 1045 2458 mediante,
1060 2369 1232 2462 pertinent
1241 2369 1442 2457 toleramus,
1459 2366 1579 2460 quales
1593 2364 1717 2460 ipsein
1731 2363 1776 2436 iis
1791 2361 1853 2456 qui
1868 2356 1915 2432 ad
1928 2367 1961 2430 tc

556 2494 712 2580 spectant
729 2487 846 2583 aliquo
865 2487 981 2562 medio
997 2491 1194 2562 nullatenus
1215 2492 1393 2580 tolerarem
1410 2511 1491 2562 cum
1510 2487 1643 2562 intersit
1660 2493 1775 2558 nostra
1793 2481 1959 2580 potissimi

554 2608 722 2682 beneficio
749 2611 991 2684 consolationis
1013 2613 1136 2686 adesse
1157 2613 1369 2706 quibuslibet
1390 2611 1572 2684 tribulatis.
1601 2611 1715 2694 Quare
1739 2629 1805 2680 nec
1827 2605 1960 2678 illorum

554 2751 663 2825 penas
684 2754 748 2804 nec
768 2743 846 2806 tuas
871 2735 991 2828 culpas
1013 2757 1199 2830 possumus
1220 2736 1365 2808 ulterius
1389 2736 1484 2807 salva
1505 2731 1713 2806 conscientia
1727 2735 1957 2824 comportare,

554 2857 731 2948 presertim
759 2877 839 2928 cum
865 2877 969 2952 super
998 2857 1042 2929 iis
1060 2858 1133 2949 jam
1154 2858 1307 2930 monitus
1331 2857 1437 2929 lueris
1461 2855 1655 2947 diligenter.
1688 2853 1731 2926 Ut
1756 2850 1864 2944 igitur
1882 2869 1960 2920 con-

556 2977 697 3050 scientie
724 2999 765 3050 ac
788 2981 880 3052 lame
903 2989 973 3052 tcm
1000 2989 1189 3074 tuaquom
1217 2989 1331 3052 nostre
1357 2977 1533 3075 propitiari
1561 2974 1733 3071 proberis,
1761 2991 1958 3054 monemus,

557 3120 720 3190 rogamus
746 3111 781 3174 et
798 3101 975 3174 hortamur
991 3111 1026 3174 et
1048 3125 1111 3197 pro
1138 3103 1230 3176 dono
1247 3102 1387 3198 speciali
1409 3099 1628 3195 deposcimus
1651 3105 1691 3168 ut
1713 3113 1845 3167 memor
1867 3089 1961 3185 quod

557 3223 642 3294 nibil
656 3223 748 3296 umet
764 3224 895 3296 bomini
909 3225 939 3297 si
958 3226 1159 3298 universum
1178 3225 1349 3298 mundum
1367 3224 1529 3312 lueretur,
1545 3221 1660 3292 anime
1679 3237 1763 3290 vero
1781 3235 1846 3288 sue
1864 3211 1961 3285 susti·

556 3353 637 3416 neat
653 3344 915 3435 detrimontum,
941 3347 1052 3418 taliter
1066 3369 1171 3442 super
1192 3348 1248 3419 bis
1269 3345 1454 3442 providens
1475 3343 1571 3437 quod
1593 3341 1667 3414 solo
1690 3338 1827 3412 montis
1846 3355 1962 3408 amore

555 3487 625 3560 que
647 3467 762 3539 debita
789 3479 872 3539 sunt
895 3467 1048 3540 videaris
1068 3489 1195 3563 cupere
1222 3469 1428 3564 adimplere;
1454 3487 1586 3559 nosque
1603 3463 1711 3538 iacias
1731 3461 1776 3534 de
1797 3468 1859 3532 tua
1885 3477 1963 3530 oon·

555 3588 715 3660 versione
739 3589 846 3660 immo
872 3589 1027 3684 profectu
1047 3591 1160 3680 letari,
1183 3591 1332 3662 sciturus
1354 3588 1449 3683 quod
1471 3587 1580 3682 parati
1604 3605 1727 3657 sumus
1747 3581 1794 3656 ad
1817 3579 1963 3674 gratiam

556 3709 618 3782 ubi
641 3718 756 3782 tamen
785 3711 915 3784 scimus
937 3711 1106 3802 justitiam
1131 3732 1199 3783 non
1223 3713 1345 3807 perire.
1371 3711 1533 3804 Alioquin
1554 3717 1877 3802 quantumcumque
1900 3701 1964 3772 tibi

555 3833 688 3906 deferre
723 3835 890 3922 velimus,
923 3835 1122 3928 supradicta
1158 3857 1376 3929 nequaquam
1410 3831 1628 3904 dissimulare
1659 3827 1849 3924 poterimus
1878 3823 1963 3917 quin

553 3957 747 4030 secundum
764 3959 875 4030 Deum
890 3965 925 4028 at
935 3956 1105 4050 justitiam
1124 3958 1363 4050 procedamus.
1380 3957 1505 4026 Datum
1522 3951 1678 4024 Laterani
1693 3950 1756 4044 (ll.

594 4307 627 4380 (t)
644 4309 766 4365 Exeunte
779 4310 883 4366 octobri
897 4309 1044 4380 Gregorius
1058 4324 1128 4382 papa
1143 4305 1263 4378 Anagnia
1277 4305 1311 4362 ad
1325 4304 1425 4362 Urbem
1437 4305 1569 4374 redierat,
1585 4305 1658 4362 unde
1671 4305 1721 4362 bas
1733 4301 1843 4376 scripsit
1861 4299 1967 4358 litteras

557 4417 628 4473 quae
641 4403 786 4458 secundam
801 4404 1106 4460 excommunicationem
1119 4409 1240 4474 tempore
1253 4408 1393 4474 praeeunt.
