4652 6092
875 655 1005 718 tuost
1029 653 1378 717 uocuuulttmtutt.

420 1009 558 1134 Q
1007 1006 1166 1080 Hannone
1186 1005 1287 1104 (vii)
1308 1007 1531 1079 Romanorum
1548 1028 1642 1078 reto:

420 1199 557 1256 1611111.
591 1189 782 1272 tquepam.
810 1219 851 1236 -·
871 1189 922 1252 Ad
948 1190 1192 1268 supplicationem
1217 1189 1327 1268 AEgidil
1350 1189 1468 1252 abbatis
1489 1188 1591 1252 Sanod
1613 1187 1726 1250 Gislenl
1747 1190 1844 1247 ratam

850 1285 941 1348 habet
960 1293 991 1348 et
1009 1286 1165 1349 oondrmat
1183 1289 1407 1363 promissionem
1428 1303 1446 1348 e
1464 1285 1620 1349 Fernando
1637 1284 1794 1346 Flandriae
1815 1289 1846 1343 et

851 1383 1027 1446 ilannoniae
1048 1384 1156 1444 eomite
1176 1382 1286 1444 iselam
1309 1383 1346 1444 de
1366 1399 1426 1444 non
1446 1381 1631 1444 molestando
1653 1379 1756 1440 eodem
1778 1393 1844 1438 rno-

851 1482 991 1542 nasterio.
1785 1483 1844 1535 soa

421 1601 458 1655 at
471 1598 559 1656 mart
592 1588 783 1670 Aquumanl.
812 1627 851 1642 -
872 1593 917 1656 lie
944 1593 1066 1656 mnodo
1093 1596 1261 1674 principum
1288 1595 1429 1658 iraulbus
1458 1595 1565 1657 domus
1595 1593 1846 1656 Theutonloorunu

851 1693 979 1756 Sanctae
996 1691 1108 1754 liarlae
1124 1696 1158 1754 ln
1177 1695 1341 1756 Jerusalem
1354 1693 1490 1756 oonoedit
1506 1698 1541 1754 ut
1562 1691 1716 1770 priuilegia
1730 1695 1761 1750 et
1774 1705 1847 1749 oon-

851 1790 1032 1852 firmationes
1049 1793 1164 1852 aeuus
1180 1793 1272 1870 reguli
1290 1793 1338 1854 vel
1359 1793 1503 1870 imperiali
1522 1792 1586 1853 sine
1607 1789 1670 1850 ulle
1691 1789 1846 1848 exeotlone

852 1887 985 1948 obtinere
1010 1888 1139 1964 possint,
1160 1889 1330 1966 eisdemque
1350 1887 1506 1950 oouilrrnst
1528 1891 1565 1947 ut
1584 1890 1720 1962 sumptus
1739 1889 1771 1944 et
1791 1899 1846 1945 ex-

851 2000 959 2062 pensae
974 1991 1086 2062 septem
1103 2001 1296 2062 personarum
1315 1993 1345 2048 et
1357 1985 1482 2048 totidem
1502 1999 1647 2062 equorum
1666 1982 1846 2060 praeoeptorl

853 2087 884 2143 et
895 2081 1126 2143 sommendetorl
1139 2082 1230 2160 hujus
1241 2083 1347 2144 domus
1355 2086 1388 2145 tu
1396 2083 1572 2146 Alemannis
1583 2081 1722 2143 existenti
1734 2096 1753 2140 n
1764 2080 1847 2142 ouda

853 2180 995 2258 imperiali
1010 2181 1173 2240 mmistrarl
1185 2179 1324 2243 debeant.
1786 2186 1843 2238 toll

424 2311 463 2365 20
474 2309 560 2370 mart.
594 2298 784 2378 Aquisgrani.
814 2324 855 2340 -
874 2295 1021 2356 Eodem
1031 2295 1109 2356 Novi
1124 2295 1219 2356 castri
1233 2311 1334 2358 omnes
1344 2297 1541 2374 possessiones
1553 2295 1592 2358 ad
1606 2311 1638 2356 se
1651 2299 1682 2356 et
1694 2293 1733 2356 ad
1745 2297 1847 2371 tmpe-

854 2393 933 2452 rium
946 2393 1125 2468 pertinentes
1137 2391 1175 2453 de
1186 2393 1369 2469 plenitudine
1380 2393 1493 2455 oonsilil
1506 2394 1552 2454 sui
1565 2391 1732 2454 ooniirmat.
1788 2399 1843 2452 ait

425 2512 562 2571 1911111.
593 2503 786 2582 Aquisgranl.
815 2537 855 2552 -
874 2505 1044 2569 Eberhardo
1057 2507 1275 2586 amhleptsoopo
1289 2507 1495 2588 salzburgensi
1509 2506 1661 2586 quoddam
1674 2507 1792 2568 0ttonis
1805 2505 1848 2570 Iv

854 2604 1052 2682 privilegium,
1064 2605 1168 2667 datum
1175 2605 1331 2686 Nurnberg
1340 2615 1513 2680 enuottos,
1521 2607 1665 2686 vigesimo
1670 2605 1718 2665 die
1727 2603 1849 2664 februa·

853 2701 902 2774 rii,
914 2699 1080 2775 eonssrmat,
1092 2717 1152 2780 qno
1162 2705 1334 2764 memoratis
1346 2703 1507 2782 privilegiis
1519 2705 1728 2780 imperatorum
1738 2701 1849 2762 ilenri-

854 2800 883 2860 ot
895 2797 937 2860 iv
948 2805 979 2860 et
986 2797 1128 2860 Frlderloi
1138 2801 1164 2873 l,
1179 2799 1414 2878 archiepiscopus
1423 2804 1456 2862 lu
1468 2801 1525 2862 hoo
1537 2801 1648 2862 seilicet
1656 2797 1849 2862 oondrmatur

854 2895 935 2972 quod
945 2897 1130 2974 episcopatus
1139 2897 1297 2958 Gureensis
1310 2897 1572 2976 arehiepisoopatul
1584 2895 1791 2976 Sulnlamgensi
1803 2912 1850 2958 ra·

855 2995 936 3056 tione
946 2995 1138 3056 investiturae
1146 2997 1291 3074 regalium
1304 3003 1334 3058 et
1343 2998 1569 3058 oonseerstlonis
1582 2996 1765 3074 subjicietur.
1789 3003 1846 3058 tlt

426 3114 562 3172 tomart.
645 3106 736 3185 Apud
815 3141 856 3154 -
875 3106 923 3170 Ad
936 3109 1179 3186 supplicationem
1192 3109 1334 3188 lliburgis
1346 3108 1512 3171 abbatissae
1524 3108 1699 3170 Nivelleusts
1713 3125 1751 3170 ex
1765 3110 1848 3186 prln·

599 3185 777 3266 Aqulsgmn.
855 3207 954 3282 oipum
974 3205 1090 3282 imperil
1111 3207 1256 3266 sentenia
1276 3205 1440 3268 libertatern
1461 3205 1594 3283 ejusdem
1618 3206 1757 3268 eoeleslm
1777 3221 1847 3268 oum

855 3302 994 3364 omnibus
1006 3304 1189 3380 pertinentis
1197 3311 1228 3365 st
1236 3303 1356 3382 juribus
1369 3305 1508 3379 restituit,
1521 3305 1683 3380 statuitque
1693 3309 1729 3364 ut
1741 3302 1780 3363 ab
1791 3319 1846 3381 op-

855 3400 1004 3476 pressione
1013 3398 1062 3460 vel
1073 3401 1228 3462 exustione
1240 3415 1427 3478 quacumque
1437 3403 1478 3462 slt
1489 3399 1724 3462 omninolibera.
1787 3409 1845 3461 111

429 3523 466 3577 to
475 3520 563 3578 mart
641 3505 730 3584 Aliud
816 3543 857 3558 -
876 3513 1069 3592 Privlleglum
1079 3529 1098 3574 a
1109 3513 1258 3574 Friderioo
1271 3515 1445 3590 imperatore
1457 3519 1541 3592 putre
1552 3529 1607 3574 suo
1619 3513 1767 3574 canonisis
1778 3513 1848 3576 vlr-

600 3585 780 3666 Ailv'lssffli·
856 3610 1040 3672 dunensibus
1075 3611 1224 3672 indultum
1254 3611 1409 3672 inserendo
1438 3611 1611 3686 oouilnnat,
1641 3611 1783 3689 additque
1813 3617 1849 3674 ut

856 3705 985 3768 iamiliee
1004 3707 1189 3786 singulorum
1209 3713 1239 3769 et
1256 3709 1460 3770 universorum
1481 3711 1690 3770 mnontoorum
1709 3709 1847 3771 moisem

855 3820 922 3865 rum
939 3804 1170 3866 virdunensium
1185 3804 1225 3866 ao
1237 3807 1317 3866 omni
1331 3807 1486 3867 exactione
1505 3806 1725 3884 praestationis,
1747 3805 1847 3868 talliae

855 3917 910 3962 sau
922 3901 1068 3980 prenarlae
1080 3902 1269 3978 sintpeuitus
1281 3903 1440 3963 immunes.
1785 3911 1844 3968 tta

428 4007 565 4066 tomart.
595 3993 786 4076 Aiivlffll·
815 4037 857 4050 -
877 4006 1001 4068 Civibus
1018 4005 1254 4068 virdunensibus
1266 4007 1389 4068 mandat
1404 4013 1440 4068 nt
1452 4023 1471 4068 n
1484 4005 1689 4068 molestatione
1706 4007 1846 4069 eoeleste-

857 4115 924 4162 rum
942 4099 1192 4180 virdunensium,
1211 4101 1389 4163 familiarum
1407 4107 1438 4164 et
1455 4101 1611 4181 lominum
1633 4099 1795 4176 desistant,
1815 4108 1847 4164 et

855 4196 1428 4261 abhueumsalisiaodoneresdtuant.
1785 4207 1844 4262 tto

430 4300 565 4380 laptills.
596 4303 787 4383 liquisgrani.
815 4331 856 4350 ·-
876 4303 1031 4366 (1111111111
1049 4303 1157 4366 mnae
1176 4303 1288 4365 Mariae
1301 4309 1331 4365 et
1351 4305 1434 4366 Beati
1453 4301 1606 4365 Adalberti
1624 4302 1662 4364 do
1678 4302 1773 4380 Aquls
1791 4305 1846 4365 in-

779 4423 782 4428 ·
856 4399 958 4479 dulget
967 4405 1002 4461 ut
1015 4399 1148 4462 Gerardo
1160 4401 1261 4461 oomlti
1274 4399 1406 4463 Geireusi
1415 4399 1568 4478 praedium
1579 4399 1616 4460 de
1624 4397 1763 4460 ldoidelse
1775 4416 1846 4462 eum

856 4497 1040 4574 pertinentiis
1060 4499 1125 4575 eJus
1138 4496 1228 4558 libere
1241 4497 1386 4571 vendant,
1401 4512 1436 4558 ee
1450 4495 1617 4557 eondidone
1636 4501 1671 4555 ut
1688 4497 1845 4572 pecuniam

855 4609 909 4672 pro
922 4593 1007 4655 bonis
1020 4594 1194 4656 altisalt-
1207 4595 1346 4656 eoelestee
1359 4591 1527 4656 utilioribus
1541 4597 1727 4654 oonvmtant.
1785 4602 1843 4657 tit

448 4698 546 4776 [apelli
589 4700 794 4780 Aqnlspranl.]
816 4729 857 4746 ·-
875 4699 1008 4760 Feodum
1027 4698 1200 4761 balneorum
1212 4699 1291 4760 intra
1308 4715 1409 4761 muros
1427 4699 1557 4759 civitatis
1570 4697 1720 4775 Aquensis
1732 4702 1844 4761 eonsti-

431 4778 566 4860 mila
855 4801 989 4860 tutorum
1002 4813 1021 4858 a
1034 4797 1216 4860 ministeriali
1235 4813 1290 4860 suo
1309 4796 1473 4860 Willielmo
1490 4795 1614 4858 Bawaro
1632 4795 1721 4858 titulo
1737 4797 1845 4861 rendl-
