<?xml version="1.0" encoding="UTF-8"?>
<!DOCTYPE html PUBLIC "-//W3C//DTD XHTML 1.0 Transitional//EN"
    "http://www.w3.org/TR/xhtml1/DTD/xhtml1-transitional.dtd">
<html xmlns="http://www.w3.org/1999/xhtml" xml:lang="en" lang="en">
 <head>
  <title>
</title>
<meta http-equiv="Content-Type" content="text/html;charset=utf-8" />
  <meta name='ocr-system' content='tesseract 3.04.00' />
  <meta name='ocr-capabilities' content='ocr_page ocr_carea ocr_par ocr_line ocrx_word'/>
</head>
<body>
  <div class='ocr_page' id='page_1' title='image "./historiadiploma03fredgoog/historiadiploma03fredgoog_0019.png"; bbox 0 0 4602 6084; ppageno 0'>
   <div class='ocr_carea' id='block_1_1' title="bbox 566 540 1977 637">
    <p class='ocr_par' dir='ltr' id='par_1_1' title="bbox 566 540 1977 637">
     <span class='ocr_line' id='line_1_1' title="bbox 566 540 1977 637; baseline 0.011 -35"><span class='ocrx_word' id='word_1_1' title='bbox 566 540 586 602; x_wconf 87' lang='lat' dir='ltr'><strong>o</strong></span> <span class='ocrx_word' id='word_1_2' title='bbox 1065 546 1285 614; x_wconf 86' lang='lat' dir='ltr'><strong>rernrnrcr</strong></span> <span class='ocrx_word' id='word_1_3' title='bbox 1310 553 1485 616; x_wconf 84' lang='lat' dir='ltr'><strong>sacuam</strong></span> <span class='ocrx_word' id='word_1_4' title='bbox 1795 549 1873 637; x_wconf 70' lang='lat' dir='ltr'><strong>[en.</strong></span> <span class='ocrx_word' id='word_1_5' title='bbox 1891 551 1977 618; x_wconf 73' lang='lat' dir='ltr'><strong>rma.</strong></span> 
     </span>
    </p>
   </div>
   <div class='ocr_carea' id='block_1_2' title="bbox 566 679 1979 902">
    <p class='ocr_par' dir='ltr' id='par_1_2' title="bbox 566 679 1979 902">
     <span class='ocr_line' id='line_1_2' title="bbox 566 679 1979 902; baseline 0.011 -155"><span class='ocrx_word' id='word_1_6' title='bbox 566 697 643 748; x_wconf 93' lang='lat' dir='ltr'><strong>rum</strong></span> <span class='ocrx_word' id='word_1_7' title='bbox 659 679 869 902; x_wconf 66' lang='lat' dir='ltr'><strong>ipnperatori.</strong></span> <span class='ocrx_word' id='word_1_8' title='bbox 884 681 976 756; x_wconf 92' lang='lat' dir='ltr'><strong>lnter</strong></span> <span class='ocrx_word' id='word_1_9' title='bbox 991 691 1117 775; x_wconf 87' lang='lat' dir='ltr'><strong>cetera,</strong></span> <span class='ocrx_word' id='word_1_10' title='bbox 1131 695 1199 760; x_wconf 87' lang='lat' dir='ltr'><strong>etc.</strong></span> <span class='ocrx_word' id='word_1_11' title='bbox 1221 689 1382 786; x_wconf 89' lang='lat' dir='ltr'><strong>usquein</strong></span> <span class='ocrx_word' id='word_1_12' title='bbox 1394 689 1513 784; x_wconf 87' lang='lat' dir='ltr'><strong>baem,</strong></span> <span class='ocrx_word' id='word_1_13' title='bbox 1527 689 1644 764; x_wconf 87' lang='lat' dir='ltr'><strong>vorbis</strong></span> <span class='ocrx_word' id='word_1_14' title='bbox 1657 698 1890 786; x_wconf 88' lang='lat' dir='ltr'><strong>competenter</strong></span> <span class='ocrx_word' id='word_1_15' title='bbox 1901 711 1979 762; x_wconf 90' lang='lat' dir='ltr'><strong>mn·</strong></span> 
     </span>
     <span class='ocr_line' id='line_1_3' title="bbox 566 802 656 878; baseline 0.022 -2"><span class='ocrx_word' id='word_1_16' title='bbox 566 802 656 878; x_wconf 88' lang='lat' dir='ltr'><strong>tatis.</strong></span> 
     </span>
    </p>
   </div>
   <div class='ocr_carea' id='block_1_3' title="bbox 387 1229 1982 1880">
    <p class='ocr_par' dir='ltr' id='par_1_3' title="bbox 387 1229 1982 1880">
     <span class='ocr_line' id='line_1_4' title="bbox 387 1229 1979 1358; baseline 0.001 -44"><span class='ocrx_word' id='word_1_17' title='bbox 387 1257 506 1358; x_wconf 46' lang='grc' dir='ltr'><em>Μ</em></span> <span class='ocrx_word' id='word_1_18' title='bbox 619 1229 824 1340; x_wconf 84' lang='lat' dir='ltr'>Gregorius</span> <span class='ocrx_word' id='word_1_19' title='bbox 845 1256 946 1340; x_wconf 90' lang='lat' dir='ltr'><strong>papa</strong></span> <span class='ocrx_word' id='word_1_20' title='bbox 964 1229 1153 1316; x_wconf 90' lang='lat' dir='ltr'><strong>Friderico</strong></span> <span class='ocrx_word' id='word_1_21' title='bbox 1169 1231 1430 1318; x_wconf 88' lang='lat' dir='ltr'><strong>Romanorum</strong></span> <span class='ocrx_word' id='word_1_22' title='bbox 1446 1233 1665 1346; x_wconf 89' lang='lat' dir='ltr'><strong>imperatori</strong></span> <span class='ocrx_word' id='word_1_23' title='bbox 1678 1233 1794 1317; x_wconf 89' lang='lat' dir='ltr'><strong>mittit</strong></span> <span class='ocrx_word' id='word_1_24' title='bbox 1809 1242 1979 1317; x_wconf 89' lang='lat' dir='ltr'><strong>tenorem</strong></span> 
     </span>
     <span class='ocr_line' id='line_1_5' title="bbox 563 1364 1980 1453; baseline 0.001 -6"><span class='ocrx_word' id='word_1_25' title='bbox 563 1365 776 1448; x_wconf 88' lang='lat' dir='ltr'><strong>litterarum</strong></span> <span class='ocrx_word' id='word_1_26' title='bbox 796 1364 1048 1448; x_wconf 82' lang='lat' dir='ltr'><strong>creatoribus</strong></span> <span class='ocrx_word' id='word_1_27' title='bbox 1078 1364 1273 1450; x_wconf 87' lang='lat' dir='ltr'><strong>Societatis</strong></span> <span class='ocrx_word' id='word_1_28' title='bbox 1295 1367 1547 1452; x_wconf 87' lang='lat' dir='ltr'><strong>Lombardiae</strong></span> <span class='ocrx_word' id='word_1_29' title='bbox 1572 1369 1645 1453; x_wconf 87' lang='lat' dir='ltr'><strong>sibi</strong></span> <span class='ocrx_word' id='word_1_30' title='bbox 1668 1367 1980 1452; x_wconf 87' lang='lat' dir='ltr'><strong>transmissarum</strong></span> 
     </span>
     <span class='ocr_line' id='line_1_6' title="bbox 564 1495 1980 1612; baseline 0.001 -29"><span class='ocrx_word' id='word_1_31' title='bbox 564 1501 613 1584; x_wconf 90' lang='lat' dir='ltr'><strong>de</strong></span> <span class='ocrx_word' id='word_1_32' title='bbox 634 1497 887 1608; x_wconf 88' lang='lat' dir='ltr'><strong>acceptatione</strong></span> <span class='ocrx_word' id='word_1_33' title='bbox 909 1499 1133 1583; x_wconf 82' lang='lat' dir='ltr'><strong>concordiae</strong></span> <span class='ocrx_word' id='word_1_34' title='bbox 1159 1499 1402 1612; x_wconf 86' lang='lat' dir='ltr'><strong>interipsum</strong></span> <span class='ocrx_word' id='word_1_35' title='bbox 1424 1511 1463 1588; x_wconf 91' lang='lat' dir='ltr'><strong>et</strong></span> <span class='ocrx_word' id='word_1_36' title='bbox 1482 1503 1658 1588; x_wconf 89' lang='lat' dir='ltr'><strong>eamdem</strong></span> <span class='ocrx_word' id='word_1_37' title='bbox 1680 1502 1904 1588; x_wconf 77' lang='lat' dir='ltr'>Societatem</span> <span class='ocrx_word' id='word_1_38' title='bbox 1931 1495 1980 1584; x_wconf 88' lang='lat' dir='ltr'><strong>ab</strong></span> 
     </span>
     <span class='ocr_line' id='line_1_7' title="bbox 564 1631 1982 1747; baseline -0.001 -30"><span class='ocrx_word' id='word_1_39' title='bbox 564 1632 780 1746; x_wconf 71' lang='lat' dir='ltr'><strong>apostolica</strong></span> <span class='ocrx_word' id='word_1_40' title='bbox 803 1631 899 1716; x_wconf 90' lang='lat' dir='ltr'><strong>Sede</strong></span> <span class='ocrx_word' id='word_1_41' title='bbox 921 1631 1136 1742; x_wconf 74' lang='lat' dir='ltr'><strong>ordinatae,</strong></span> <span class='ocrx_word' id='word_1_42' title='bbox 1157 1645 1363 1747; x_wconf 87' lang='lat' dir='ltr'><strong>monetque</strong></span> <span class='ocrx_word' id='word_1_43' title='bbox 1389 1643 1433 1720; x_wconf 92' lang='lat' dir='ltr'><strong>ut</strong></span> <span class='ocrx_word' id='word_1_44' title='bbox 1456 1636 1507 1722; x_wconf 92' lang='lat' dir='ltr'><strong>ad</strong></span> <span class='ocrx_word' id='word_1_45' title='bbox 1523 1645 1665 1720; x_wconf 88' lang='lat' dir='ltr'><strong>terram</strong></span> <span class='ocrx_word' id='word_1_46' title='bbox 1690 1645 1862 1720; x_wconf 80' lang='lat' dir='ltr'><strong>sanctam</strong></span> <span class='ocrx_word' id='word_1_47' title='bbox 1887 1632 1982 1716; x_wconf 90' lang='lat' dir='ltr'><strong>libe·</strong></span> 
     </span>
     <span class='ocr_line' id='line_1_8' title="bbox 562 1767 1412 1880; baseline 0.002 -28"><span class='ocrx_word' id='word_1_48' title='bbox 562 1769 725 1852; x_wconf 90' lang='lat' dir='ltr'><strong>randam</strong></span> <span class='ocrx_word' id='word_1_49' title='bbox 753 1767 975 1877; x_wconf 76' lang='lat' dir='ltr'>accingatur</span> <span class='ocrx_word' id='word_1_50' title='bbox 989 1767 1029 1848; x_wconf 94' lang='lat' dir='ltr'><strong>in</strong></span> <span class='ocrx_word' id='word_1_51' title='bbox 1048 1767 1203 1851; x_wconf 91' lang='lat' dir='ltr'><strong>instanti</strong></span> <span class='ocrx_word' id='word_1_52' title='bbox 1220 1769 1412 1880; x_wconf 83' lang='lat' dir='ltr'><strong>passagio.</strong></span> 
     </span>
    </p>
   </div>
   <div class='ocr_carea' id='block_1_4' title="bbox 646 1977 1980 2169">
    <p class='ocr_par' dir='ltr' id='par_1_4' title="bbox 646 1977 1980 2169">
     <span class='ocr_line' id='line_1_9' title="bbox 646 1977 1980 2066; baseline -0.001 -22"><span class='ocrx_word' id='word_1_53' title='bbox 646 1983 747 2062; x_wconf 82' lang='lat' dir='ltr'><strong>(Edit.</strong></span> <span class='ocrx_word' id='word_1_54' title='bbox 761 1999 811 2059; x_wconf 84' lang='lat' dir='ltr'><strong>up.</strong></span> <span class='ocrx_word' id='word_1_55' title='bbox 827 1981 965 2056; x_wconf 76' lang='lat' dir='ltr'><strong>Sarrum,</strong></span> <span class='ocrx_word' id='word_1_56' title='bbox 978 1977 1088 2044; x_wconf 76' lang='lat' dir='ltr'><strong>Aeaci</strong></span> <span class='ocrx_word' id='word_1_57' title='bbox 1104 1979 1236 2065; x_wconf 66' lang='lat' dir='ltr'><strong>liobam,</strong></span> <span class='ocrx_word' id='word_1_58' title='bbox 1251 1989 1272 2045; x_wconf 82' lang='lat' dir='ltr'><strong>t</strong></span> <span class='ocrx_word' id='word_1_59' title='bbox 1289 1983 1349 2058; x_wconf 88' lang='lat'>111,</span> <span class='ocrx_word' id='word_1_60' title='bbox 1362 2001 1393 2062; x_wconf 87' lang='lat' dir='ltr'><strong>p.</strong></span> <span class='ocrx_word' id='word_1_61' title='bbox 1407 1983 1455 2059; x_wconf 87' lang='lat'><strong>11,</strong></span> <span class='ocrx_word' id='word_1_62' title='bbox 1467 2001 1496 2063; x_wconf 90' lang='lat' dir='ltr'><strong>p.</strong></span> <span class='ocrx_word' id='word_1_63' title='bbox 1514 1993 1563 2061; x_wconf 79' lang='lat' dir='ltr'><strong>tt,</strong></span> <span class='ocrx_word' id='word_1_64' title='bbox 1579 2002 1618 2048; x_wconf 84' lang='lat' dir='ltr'><strong>ex</strong></span> <span class='ocrx_word' id='word_1_65' title='bbox 1630 1987 1747 2066; x_wconf 77' lang='lat' dir='ltr'><strong>liegest.</strong></span> <span class='ocrx_word' id='word_1_66' title='bbox 1763 1983 1850 2064; x_wconf 74' lang='lat' dir='ltr'><strong>areg.</strong></span> <span class='ocrx_word' id='word_1_67' title='bbox 1866 1997 1939 2044; x_wconf 85' lang='lat' dir='ltr'><strong>ann.</strong></span> <span class='ocrx_word' id='word_1_68' title='bbox 1955 1981 1980 2054; x_wconf 84' lang='lat'><strong>1,</strong></span> 
     </span>
     <span class='ocr_line' id='line_1_10' title="bbox 683 2089 809 2169; baseline -0.008 -17"><span class='ocrx_word' id='word_1_69' title='bbox 683 2100 717 2152; x_wconf 84' lang='lat' dir='ltr'><strong>n⁰</strong></span> <span class='ocrx_word' id='word_1_70' title='bbox 736 2089 809 2169; x_wconf 81' lang='lat' dir='ltr'><strong>ao.)</strong></span> 
     </span>
    </p>
   </div>
   <div class='ocr_carea' id='block_1_5' title="bbox 561 2275 1986 3996">
    <p class='ocr_par' dir='ltr' id='par_1_5' title="bbox 561 2275 1986 3996">
     <span class='ocr_line' id='line_1_11' title="bbox 612 2275 1980 2376; baseline -0.001 -26"><span class='ocrx_word' id='word_1_71' title='bbox 612 2276 887 2374; x_wconf 67' lang='lat' dir='ltr'><strong>Gregoriuaeto.</strong></span> <span class='ocrx_word' id='word_1_72' title='bbox 898 2275 1074 2348; x_wconf 82' lang='lat' dir='ltr'><strong>Friderico</strong></span> <span class='ocrx_word' id='word_1_73' title='bbox 1083 2275 1205 2350; x_wconf 86' lang='lat' dir='ltr'><strong>illustri</strong></span> <span class='ocrx_word' id='word_1_74' title='bbox 1214 2276 1444 2352; x_wconf 82' lang='lat' dir='ltr'><strong>Romanorum</strong></span> <span class='ocrx_word' id='word_1_75' title='bbox 1454 2277 1808 2376; x_wconf 88' lang='lat' dir='ltr'><strong>imperaturi,sempsr</strong></span> <span class='ocrx_word' id='word_1_76' title='bbox 1818 2283 1980 2372; x_wconf 72' lang='lat' dir='ltr'><strong>augusto,</strong></span> 
     </span>
     <span class='ocr_line' id='line_1_12' title="bbox 564 2397 1983 2497; baseline -0.005 -20"><span class='ocrx_word' id='word_1_77' title='bbox 564 2413 600 2478; x_wconf 90' lang='lat' dir='ltr'><strong>ot</strong></span> <span class='ocrx_word' id='word_1_78' title='bbox 615 2403 691 2497; x_wconf 74' lang='lat' dir='ltr'><strong>regi</strong></span> <span class='ocrx_word' id='word_1_79' title='bbox 706 2401 835 2492; x_wconf 89' lang='lat' dir='ltr'><strong>Sicilie,</strong></span> <span class='ocrx_word' id='word_1_80' title='bbox 851 2409 917 2474; x_wconf 90' lang='lat' dir='ltr'><strong>etc.</strong></span> <span class='ocrx_word' id='word_1_81' title='bbox 933 2400 1075 2474; x_wconf 82' lang='lat' dir='ltr'><strong>Noverit</strong></span> <span class='ocrx_word' id='word_1_82' title='bbox 1088 2411 1147 2474; x_wconf 91' lang='lat' dir='ltr'><strong>tua</strong></span> <span class='ocrx_word' id='word_1_83' title='bbox 1165 2402 1330 2474; x_wconf 78' lang='lat' dir='ltr'><strong>serenitas</strong></span> <span class='ocrx_word' id='word_1_84' title='bbox 1343 2411 1492 2476; x_wconf 88' lang='lat' dir='ltr'><strong>rectores</strong></span> <span class='ocrx_word' id='word_1_85' title='bbox 1507 2403 1680 2478; x_wconf 78' lang='lat' dir='ltr'><strong>mcietatis</strong></span> <span class='ocrx_word' id='word_1_86' title='bbox 1697 2401 1905 2476; x_wconf 89' lang='lat' dir='ltr'><strong>Lombardie</strong></span> <span class='ocrx_word' id='word_1_87' title='bbox 1921 2397 1983 2472; x_wconf 93' lang='lat' dir='ltr'><strong>bu·</strong></span> 
     </span>
     <span class='ocr_line' id='line_1_13' title="bbox 564 2524 1983 2624; baseline -0.003 -23"><span class='ocrx_word' id='word_1_88' title='bbox 564 2528 690 2602; x_wconf 89' lang='lat' dir='ltr'><strong>militer</strong></span> <span class='ocrx_word' id='word_1_89' title='bbox 705 2535 902 2624; x_wconf 74' lang='lat' dir='ltr'><strong>acceptasse</strong></span> <span class='ocrx_word' id='word_1_90' title='bbox 919 2527 1066 2599; x_wconf 84' lang='lat' dir='ltr'><strong>sormam</strong></span> <span class='ocrx_word' id='word_1_91' title='bbox 1084 2525 1356 2623; x_wconf 92' lang='lat' dir='ltr'><strong>concordiaque</strong></span> <span class='ocrx_word' id='word_1_92' title='bbox 1376 2527 1465 2600; x_wconf 88' lang='lat' dir='ltr'><strong>inter</strong></span> <span class='ocrx_word' id='word_1_93' title='bbox 1486 2535 1522 2604; x_wconf 89' lang='lat' dir='ltr'><strong>te</strong></span> <span class='ocrx_word' id='word_1_94' title='bbox 1542 2549 1585 2601; x_wconf 91' lang='lat' dir='ltr'><strong>ao</strong></span> <span class='ocrx_word' id='word_1_95' title='bbox 1600 2527 1760 2602; x_wconf 87' lang='lat' dir='ltr'><strong>eamdem</strong></span> <span class='ocrx_word' id='word_1_96' title='bbox 1785 2524 1983 2599; x_wconf 86' lang='lat' dir='ltr'><strong>societatem</strong></span> 
     </span>
     <span class='ocr_line' id='line_1_14' title="bbox 565 2648 1984 2752; baseline -0.006 -26"><span class='ocrx_word' id='word_1_97' title='bbox 565 2677 628 2752; x_wconf 93' lang='lat' dir='ltr'><strong>per</strong></span> <span class='ocrx_word' id='word_1_98' title='bbox 636 2651 867 2750; x_wconf 71' lang='lat' dir='ltr'><strong>apostolicam</strong></span> <span class='ocrx_word' id='word_1_99' title='bbox 877 2649 1002 2724; x_wconf 89' lang='lat' dir='ltr'><strong>Sedem</strong></span> <span class='ocrx_word' id='word_1_100' title='bbox 1012 2650 1129 2724; x_wconf 82' lang='lat' dir='ltr'><strong>extitit</strong></span> <span class='ocrx_word' id='word_1_101' title='bbox 1138 2649 1311 2742; x_wconf 89' lang='lat' dir='ltr'><strong>ordinata,</strong></span> <span class='ocrx_word' id='word_1_102' title='bbox 1322 2659 1358 2724; x_wconf 89' lang='lat' dir='ltr'><strong>al</strong></span> <span class='ocrx_word' id='word_1_103' title='bbox 1366 2673 1471 2748; x_wconf 89' lang='lat' dir='ltr'><strong>super</strong></span> <span class='ocrx_word' id='word_1_104' title='bbox 1480 2651 1546 2726; x_wconf 91' lang='lat' dir='ltr'><strong>boc</strong></span> <span class='ocrx_word' id='word_1_105' title='bbox 1558 2651 1660 2724; x_wconf 91' lang='lat' dir='ltr'><strong>nobis</strong></span> <span class='ocrx_word' id='word_1_106' title='bbox 1670 2648 1984 2724; x_wconf 85' lang='lat' dir='ltr'><strong>etexcellentietue</strong></span> 
     </span>
     <span class='ocr_line' id='line_1_15' title="bbox 561 2771 1984 2874; baseline -0.008 -21"><span class='ocrx_word' id='word_1_107' title='bbox 561 2781 665 2874; x_wconf 83' lang='lat' dir='ltr'><strong>juxta</strong></span> <span class='ocrx_word' id='word_1_108' title='bbox 677 2779 821 2850; x_wconf 80' lang='lat' dir='ltr'><strong>sormam</strong></span> <span class='ocrx_word' id='word_1_109' title='bbox 833 2775 884 2848; x_wconf 88' lang='lat' dir='ltr'><strong>eis</strong></span> <span class='ocrx_word' id='word_1_110' title='bbox 901 2776 945 2848; x_wconf 88' lang='lat' dir='ltr'><strong>ab</strong></span> <span class='ocrx_word' id='word_1_111' title='bbox 956 2775 1153 2871; x_wconf 79' lang='lat' dir='ltr'><strong>apostolica</strong></span> <span class='ocrx_word' id='word_1_112' title='bbox 1162 2773 1253 2849; x_wconf 87' lang='lat' dir='ltr'><strong>Sede</strong></span> <span class='ocrx_word' id='word_1_113' title='bbox 1263 2776 1499 2850; x_wconf 83' lang='lat' dir='ltr'><strong>transmissam</strong></span> <span class='ocrx_word' id='word_1_114' title='bbox 1511 2775 1641 2849; x_wconf 84' lang='lat' dir='ltr'><strong>litteras</strong></span> <span class='ocrx_word' id='word_1_115' title='bbox 1655 2773 1828 2848; x_wconf 86' lang='lat' dir='ltr'><strong>direxisse</strong></span> <span class='ocrx_word' id='word_1_116' title='bbox 1839 2771 1984 2868; x_wconf 88' lang='lat' dir='ltr'><strong>scriptas</strong></span> 
     </span>
     <span class='ocr_line' id='line_1_16' title="bbox 564 2897 1984 3000; baseline -0.005 -25"><span class='ocrx_word' id='word_1_117' title='bbox 564 2923 627 3000; x_wconf 94' lang='lat' dir='ltr'><strong>per</strong></span> <span class='ocrx_word' id='word_1_118' title='bbox 643 2900 820 2998; x_wconf 88' lang='lat' dir='ltr'><strong>publicam</strong></span> <span class='ocrx_word' id='word_1_119' title='bbox 833 2921 976 2972; x_wconf 92' lang='lat' dir='ltr'><strong>manum</strong></span> <span class='ocrx_word' id='word_1_120' title='bbox 993 2907 1029 2972; x_wconf 90' lang='lat' dir='ltr'><strong>et</strong></span> <span class='ocrx_word' id='word_1_121' title='bbox 1044 2897 1261 2972; x_wconf 80' lang='lat' dir='ltr'><strong>diversorum</strong></span> <span class='ocrx_word' id='word_1_122' title='bbox 1278 2899 1470 2995; x_wconf 79' lang='lat' dir='ltr'><strong>sigillorum</strong></span> <span class='ocrx_word' id='word_1_123' title='bbox 1488 2899 1700 2998; x_wconf 87' lang='lat' dir='ltr'><strong>appensione</strong></span> <span class='ocrx_word' id='word_1_124' title='bbox 1716 2897 1882 2989; x_wconf 89' lang='lat' dir='ltr'><strong>munitas,</strong></span> <span class='ocrx_word' id='word_1_125' title='bbox 1901 2915 1984 2990; x_wconf 87' lang='lat' dir='ltr'><strong>qna·</strong></span> 
     </span>
     <span class='ocr_line' id='line_1_17' title="bbox 565 3021 1983 3114; baseline -0.006 -14"><span class='ocrx_word' id='word_1_126' title='bbox 565 3049 643 3100; x_wconf 89' lang='lat' dir='ltr'><strong>rum</strong></span> <span class='ocrx_word' id='word_1_127' title='bbox 655 3035 809 3099; x_wconf 88' lang='lat' dir='ltr'><strong>tenorem</strong></span> <span class='ocrx_word' id='word_1_128' title='bbox 824 3023 1028 3098; x_wconf 83' lang='lat' dir='ltr'><strong>sublimitati</strong></span> <span class='ocrx_word' id='word_1_129' title='bbox 1039 3032 1100 3098; x_wconf 90' lang='lat' dir='ltr'><strong>tue</strong></span> <span class='ocrx_word' id='word_1_130' title='bbox 1112 3024 1180 3097; x_wconf 92' lang='lat' dir='ltr'><strong>sub</strong></span> <span class='ocrx_word' id='word_1_131' title='bbox 1194 3023 1290 3098; x_wconf 91' lang='lat' dir='ltr'><strong>bulla</strong></span> <span class='ocrx_word' id='word_1_132' title='bbox 1302 3034 1418 3100; x_wconf 86' lang='lat' dir='ltr'><strong>nostra</strong></span> <span class='ocrx_word' id='word_1_133' title='bbox 1432 3024 1646 3100; x_wconf 88' lang='lat' dir='ltr'><strong>destinamus</strong></span> <span class='ocrx_word' id='word_1_134' title='bbox 1657 3023 1842 3114; x_wconf 87' lang='lat' dir='ltr'><strong>inclusum,</strong></span> <span class='ocrx_word' id='word_1_135' title='bbox 1855 3021 1983 3094; x_wconf 87' lang='lat' dir='ltr'><strong>litteras</strong></span> 
     </span>
     <span class='ocr_line' id='line_1_18' title="bbox 566 3145 1982 3250; baseline -0.006 -26"><span class='ocrx_word' id='word_1_136' title='bbox 566 3151 659 3250; x_wconf 88' lang='lat' dir='ltr'><strong>ipsas</strong></span> <span class='ocrx_word' id='word_1_137' title='bbox 676 3171 747 3247; x_wconf 84' lang='lat' dir='ltr'><strong>qne</strong></span> <span class='ocrx_word' id='word_1_138' title='bbox 762 3149 807 3222; x_wconf 92' lang='lat' dir='ltr'><strong>ab</strong></span> <span class='ocrx_word' id='word_1_139' title='bbox 824 3147 876 3222; x_wconf 89' lang='lat' dir='ltr'><strong>eis</strong></span> <span class='ocrx_word' id='word_1_140' title='bbox 893 3157 953 3222; x_wconf 88' lang='lat' dir='ltr'><strong>tue</strong></span> <span class='ocrx_word' id='word_1_141' title='bbox 966 3149 1166 3227; x_wconf 81' lang='lat' dir='ltr'><strong>celsitudini</strong></span> <span class='ocrx_word' id='word_1_142' title='bbox 1180 3149 1380 3244; x_wconf 79' lang='lat' dir='ltr'><strong>diriguntur</strong></span> <span class='ocrx_word' id='word_1_143' title='bbox 1397 3151 1460 3222; x_wconf 88' lang='lat' dir='ltr'><strong>tibi</strong></span> <span class='ocrx_word' id='word_1_144' title='bbox 1478 3172 1540 3247; x_wconf 86' lang='lat' dir='ltr'><strong>per</strong></span> <span class='ocrx_word' id='word_1_145' title='bbox 1558 3156 1809 3246; x_wconf 85' lang='lat' dir='ltr'><strong>competentem</strong></span> <span class='ocrx_word' id='word_1_146' title='bbox 1822 3145 1982 3219; x_wconf 92' lang='lat' dir='ltr'><strong>nuntium</strong></span> 
     </span>
     <span class='ocr_line' id='line_1_19' title="bbox 564 3267 1979 3371; baseline -0.009 -19"><span class='ocrx_word' id='word_1_147' title='bbox 564 3273 811 3360; x_wconf 84' lang='lat' dir='ltr'><strong>transmissuri,</strong></span> <span class='ocrx_word' id='word_1_148' title='bbox 826 3295 907 3346; x_wconf 92' lang='lat' dir='ltr'><strong>cum</strong></span> <span class='ocrx_word' id='word_1_149' title='bbox 921 3293 981 3346; x_wconf 83' lang='lat' dir='ltr'><strong>aas</strong></span> <span class='ocrx_word' id='word_1_150' title='bbox 995 3274 1095 3364; x_wconf 85' lang='lat' dir='ltr'><strong>latori</strong></span> <span class='ocrx_word' id='word_1_151' title='bbox 1107 3274 1318 3371; x_wconf 88' lang='lat' dir='ltr'><strong>presentium</strong></span> <span class='ocrx_word' id='word_1_152' title='bbox 1331 3296 1400 3349; x_wconf 92' lang='lat' dir='ltr'><strong>non</strong></span> <span class='ocrx_word' id='word_1_153' title='bbox 1416 3274 1622 3350; x_wconf 85' lang='lat' dir='ltr'><strong>duxerimus</strong></span> <span class='ocrx_word' id='word_1_154' title='bbox 1638 3271 1902 3348; x_wconf 82' lang='lat' dir='ltr'><strong>committendas</strong></span> <span class='ocrx_word' id='word_1_155' title='bbox 1915 3267 1979 3364; x_wconf 87' lang='lat' dir='ltr'><strong>(t).</strong></span> 
     </span>
     <span class='ocr_line' id='line_1_20' title="bbox 565 3392 1982 3498; baseline -0.009 -22"><span class='ocrx_word' id='word_1_156' title='bbox 565 3402 739 3498; x_wconf 81' lang='lat' dir='ltr'><strong>Rogamus</strong></span> <span class='ocrx_word' id='word_1_157' title='bbox 763 3399 869 3492; x_wconf 75' lang='lat' dir='ltr'><strong>igitur</strong></span> <span class='ocrx_word' id='word_1_158' title='bbox 891 3397 1103 3492; x_wconf 89' lang='lat' dir='ltr'><strong>imperialem</strong></span> <span class='ocrx_word' id='word_1_159' title='bbox 1121 3398 1434 3494; x_wconf 78' lang='lat' dir='ltr'><strong>magnificentiam,</strong></span> <span class='ocrx_word' id='word_1_160' title='bbox 1454 3420 1636 3473; x_wconf 92' lang='lat' dir='ltr'><strong>monemus</strong></span> <span class='ocrx_word' id='word_1_161' title='bbox 1657 3407 1692 3472; x_wconf 93' lang='lat' dir='ltr'><strong>et</strong></span> <span class='ocrx_word' id='word_1_162' title='bbox 1707 3397 1930 3470; x_wconf 87' lang='lat' dir='ltr'><strong>obsecramus</strong></span> <span class='ocrx_word' id='word_1_163' title='bbox 1947 3392 1982 3464; x_wconf 93' lang='lat' dir='ltr'><strong>in</strong></span> 
     </span>
     <span class='ocr_line' id='line_1_21' title="bbox 565 3517 1986 3619; baseline -0.006 -19"><span class='ocrx_word' id='word_1_164' title='bbox 565 3525 712 3600; x_wconf 82' lang='lat' dir='ltr'><strong>Dumium</strong></span> <span class='ocrx_word' id='word_1_165' title='bbox 740 3525 821 3597; x_wconf 83' lang='lat' dir='ltr'><strong>Iesu</strong></span> <span class='ocrx_word' id='word_1_166' title='bbox 849 3523 982 3596; x_wconf 90' lang='lat' dir='ltr'><strong>Christo</strong></span> <span class='ocrx_word' id='word_1_167' title='bbox 1006 3532 1180 3619; x_wconf 80' lang='lat' dir='ltr'><strong>quatenm</strong></span> <span class='ocrx_word' id='word_1_168' title='bbox 1206 3523 1255 3597; x_wconf 91' lang='lat' dir='ltr'><strong>ad</strong></span> <span class='ocrx_word' id='word_1_169' title='bbox 1281 3531 1405 3596; x_wconf 87' lang='lat' dir='ltr'><strong>terram</strong></span> <span class='ocrx_word' id='word_1_170' title='bbox 1432 3523 1468 3596; x_wconf 85' lang='lat' dir='ltr'><strong>ia</strong></span> <span class='ocrx_word' id='word_1_171' title='bbox 1496 3545 1567 3618; x_wconf 90' lang='lat' dir='ltr'><strong>qua</strong></span> <span class='ocrx_word' id='word_1_172' title='bbox 1596 3523 1672 3618; x_wconf 91' lang='lat' dir='ltr'><strong>ipse</strong></span> <span class='ocrx_word' id='word_1_173' title='bbox 1694 3519 1864 3594; x_wconf 84' lang='lat' dir='ltr'><strong>Dominus</strong></span> <span class='ocrx_word' id='word_1_174' title='bbox 1886 3517 1986 3612; x_wconf 75' lang='lat' dir='ltr'><strong>Iesus</strong></span> 
     </span>
     <span class='ocr_line' id='line_1_22' title="bbox 564 3641 1983 3743; baseline -0.008 -20"><span class='ocrx_word' id='word_1_175' title='bbox 564 3649 719 3724; x_wconf 86' lang='lat' dir='ltr'><strong>Christus</strong></span> <span class='ocrx_word' id='word_1_176' title='bbox 732 3647 879 3722; x_wconf 89' lang='lat' dir='ltr'><strong>salntem</strong></span> <span class='ocrx_word' id='word_1_177' title='bbox 890 3646 1035 3719; x_wconf 90' lang='lat' dir='ltr'><strong>humani</strong></span> <span class='ocrx_word' id='word_1_178' title='bbox 1046 3647 1184 3740; x_wconf 75' lang='lat' dir='ltr'><strong>generis</strong></span> <span class='ocrx_word' id='word_1_179' title='bbox 1196 3646 1309 3722; x_wconf 89' lang='lat' dir='ltr'><strong>voluit</strong></span> <span class='ocrx_word' id='word_1_180' title='bbox 1319 3646 1468 3743; x_wconf 85' lang='lat' dir='ltr'><strong>operari,</strong></span> <span class='ocrx_word' id='word_1_181' title='bbox 1481 3647 1527 3721; x_wconf 90' lang='lat' dir='ltr'><strong>da</strong></span> <span class='ocrx_word' id='word_1_182' title='bbox 1537 3647 1722 3743; x_wconf 88' lang='lat' dir='ltr'><strong>impiorum</strong></span> <span class='ocrx_word' id='word_1_183' title='bbox 1737 3643 1898 3718; x_wconf 85' lang='lat' dir='ltr'><strong>manibus</strong></span> <span class='ocrx_word' id='word_1_184' title='bbox 1909 3641 1983 3732; x_wconf 88' lang='lat' dir='ltr'><strong>ejus</strong></span> 
     </span>
     <span class='ocr_line' id='line_1_23' title="bbox 563 3765 1980 3873; baseline -0.012 -24"><span class='ocrx_word' id='word_1_185' title='bbox 563 3781 731 3873; x_wconf 81' lang='lat' dir='ltr'><strong>preeunte</strong></span> <span class='ocrx_word' id='word_1_186' title='bbox 743 3771 877 3845; x_wconf 88' lang='lat' dir='ltr'><strong>auxilio</strong></span> <span class='ocrx_word' id='word_1_187' title='bbox 892 3768 1120 3862; x_wconf 87' lang='lat' dir='ltr'><strong>liberandam,</strong></span> <span class='ocrx_word' id='word_1_188' title='bbox 1139 3779 1185 3862; x_wconf 86' lang='lat' dir='ltr'><strong>te,</strong></span> <span class='ocrx_word' id='word_1_189' title='bbox 1204 3770 1295 3842; x_wconf 89' lang='lat' dir='ltr'><strong>siout</strong></span> <span class='ocrx_word' id='word_1_190' title='bbox 1311 3770 1437 3843; x_wconf 76' lang='lat' dir='ltr'><strong>tenerb</strong></span> <span class='ocrx_word' id='word_1_191' title='bbox 1454 3778 1490 3844; x_wconf 92' lang='lat' dir='ltr'><strong>et</strong></span> <span class='ocrx_word' id='word_1_192' title='bbox 1502 3769 1742 3844; x_wconf 87' lang='lat' dir='ltr'><strong>excellentiam</strong></span> <span class='ocrx_word' id='word_1_193' title='bbox 1757 3776 1853 3840; x_wconf 91' lang='lat' dir='ltr'><strong>tuam</strong></span> <span class='ocrx_word' id='word_1_194' title='bbox 1870 3765 1980 3852; x_wconf 85' lang='lat' dir='ltr'><strong>decet,</strong></span> 
     </span>
     <span class='ocr_line' id='line_1_24' title="bbox 564 3891 1983 3996; baseline -0.012 -22"><span class='ocrx_word' id='word_1_195' title='bbox 564 3897 750 3996; x_wconf 78' lang='lat' dir='ltr'><strong>magnilica</strong></span> <span class='ocrx_word' id='word_1_196' title='bbox 773 3919 815 3972; x_wconf 91' lang='lat' dir='ltr'><strong>ac</strong></span> <span class='ocrx_word' id='word_1_197' title='bbox 839 3903 995 3994; x_wconf 84' lang='lat' dir='ltr'><strong>potenter</strong></span> <span class='ocrx_word' id='word_1_198' title='bbox 1019 3893 1201 3990; x_wconf 80' lang='lat' dir='ltr'><strong>accingas,</strong></span> <span class='ocrx_word' id='word_1_199' title='bbox 1224 3893 1338 3966; x_wconf 87' lang='lat' dir='ltr'><strong>sciens</strong></span> <span class='ocrx_word' id='word_1_200' title='bbox 1361 3915 1424 3968; x_wconf 92' lang='lat' dir='ltr'><strong>nos</strong></span> <span class='ocrx_word' id='word_1_201' title='bbox 1447 3894 1513 3967; x_wconf 90' lang='lat' dir='ltr'><strong>bec</strong></span> <span class='ocrx_word' id='word_1_202' title='bbox 1539 3891 1752 3988; x_wconf 75' lang='lat' dir='ltr'><strong>significasse</strong></span> <span class='ocrx_word' id='word_1_203' title='bbox 1774 3913 1836 3988; x_wconf 92' lang='lat' dir='ltr'><strong>per</strong></span> <span class='ocrx_word' id='word_1_204' title='bbox 1857 3891 1983 3961; x_wconf 87' lang='lat' dir='ltr'><strong>litteras</strong></span> 
     </span>
    </p>
   </div>
   <div class='ocr_carea' id='block_1_6' title="bbox 564 4185 1987 4762">
    <p class='ocr_par' dir='ltr' id='par_1_6' title="bbox 564 4185 1987 4762">
     <span class='ocr_line' id='line_1_25' title="bbox 603 4185 1985 4274; baseline -0.007 -20"><span class='ocrx_word' id='word_1_205' title='bbox 603 4201 640 4274; x_wconf 80' lang='grc' dir='ltr'><strong>(ι)</strong></span> <span class='ocrx_word' id='word_1_206' title='bbox 658 4201 783 4258; x_wconf 82' lang='lat' dir='ltr'><strong>Deiectus</strong></span> <span class='ocrx_word' id='word_1_207' title='bbox 795 4205 886 4258; x_wconf 65' lang='lat' dir='ltr'><strong>umen</strong></span> <span class='ocrx_word' id='word_1_208' title='bbox 898 4200 927 4257; x_wconf 89' lang='lat' dir='ltr'><strong>in</strong></span> <span class='ocrx_word' id='word_1_209' title='bbox 937 4198 1106 4274; x_wconf 89' lang='lat' dir='ltr'><strong>appositione</strong></span> <span class='ocrx_word' id='word_1_210' title='bbox 1117 4195 1278 4271; x_wconf 82' lang='lat' dir='ltr'><strong>sigillorum,</strong></span> <span class='ocrx_word' id='word_1_211' title='bbox 1286 4209 1348 4252; x_wconf 86' lang='lat' dir='ltr'><strong>cum</strong></span> <span class='ocrx_word' id='word_1_212' title='bbox 1362 4193 1526 4253; x_wconf 81' lang='lat' dir='ltr'><strong>marchionis</strong></span> <span class='ocrx_word' id='word_1_213' title='bbox 1537 4189 1856 4263; x_wconf 66' lang='lat' dir='ltr'><strong>truculentiorem</strong></span> <span class='ocrx_word' id='word_1_214' title='bbox 1869 4185 1985 4260; x_wconf 76' lang='lat' dir='ltr'><strong>purim</strong></span> 
     </span>
     <span class='ocr_line' id='line_1_26' title="bbox 566 4281 1985 4368; baseline -0.013 -13"><span class='ocrx_word' id='word_1_215' title='bbox 566 4297 707 4356; x_wconf 75' lang='lat' dir='ltr'><strong>duiletum</strong></span> <span class='ocrx_word' id='word_1_216' title='bbox 720 4297 755 4354; x_wconf 90' lang='lat' dir='ltr'><strong>de</strong></span> <span class='ocrx_word' id='word_1_217' title='bbox 770 4295 903 4354; x_wconf 72' lang='lat' dir='ltr'><strong>Socieme</strong></span> <span class='ocrx_word' id='word_1_218' title='bbox 914 4295 1093 4352; x_wconf 75' lang='lat' dir='ltr'><strong>lombardiae</strong></span> <span class='ocrx_word' id='word_1_219' title='bbox 1114 4293 1201 4368; x_wconf 84' lang='lat' dir='ltr'><strong>sigilla</strong></span> <span class='ocrx_word' id='word_1_220' title='bbox 1218 4308 1273 4350; x_wconf 93' lang='lat' dir='ltr'><strong>non</strong></span> <span class='ocrx_word' id='word_1_221' title='bbox 1292 4290 1392 4350; x_wconf 87' lang='lat' dir='ltr'><strong>luerint</strong></span> <span class='ocrx_word' id='word_1_222' title='bbox 1403 4291 1432 4348; x_wconf 87' lang='lat' dir='ltr'><strong>iu</strong></span> <span class='ocrx_word' id='word_1_223' title='bbox 1449 4288 1546 4347; x_wconf 81' lang='lat' dir='ltr'><strong>litteris</strong></span> <span class='ocrx_word' id='word_1_224' title='bbox 1568 4287 1684 4356; x_wconf 71' lang='lat' dir='ltr'><strong>eursu,</strong></span> <span class='ocrx_word' id='word_1_225' title='bbox 1699 4299 1764 4342; x_wconf 78' lang='lat' dir='ltr'><strong>reru</strong></span> <span class='ocrx_word' id='word_1_226' title='bbox 1776 4297 1859 4340; x_wconf 76' lang='lat' dir='ltr'><strong>mama</strong></span> <span class='ocrx_word' id='word_1_227' title='bbox 1874 4281 1927 4340; x_wconf 86' lang='lat' dir='ltr'><strong>luit</strong></span> <span class='ocrx_word' id='word_1_228' title='bbox 1938 4293 1985 4337; x_wconf 83' lang='lat' dir='ltr'><strong>cur</strong></span> 
     </span>
     <span class='ocr_line' id='line_1_27' title="bbox 564 4378 1985 4470; baseline -0.01 -21"><span class='ocrx_word' id='word_1_229' title='bbox 564 4392 686 4470; x_wconf 82' lang='lat' dir='ltr'><strong>pontilex</strong></span> <span class='ocrx_word' id='word_1_230' title='bbox 705 4393 860 4468; x_wconf 84' lang='lat' dir='ltr'><strong>imperatori</strong></span> <span class='ocrx_word' id='word_1_231' title='bbox 875 4405 923 4449; x_wconf 78' lang='lat' dir='ltr'><strong>eas</strong></span> <span class='ocrx_word' id='word_1_232' title='bbox 940 4406 995 4448; x_wconf 90' lang='lat' dir='ltr'><strong>uon</strong></span> <span class='ocrx_word' id='word_1_233' title='bbox 1013 4389 1203 4458; x_wconf 80' lang='lat' dir='ltr'><strong>trammiserit,</strong></span> <span class='ocrx_word' id='word_1_234' title='bbox 1219 4403 1282 4446; x_wconf 88' lang='lat' dir='ltr'><strong>curu</strong></span> <span class='ocrx_word' id='word_1_235' title='bbox 1298 4387 1419 4445; x_wconf 84' lang='lat' dir='ltr'><strong>timuerit</strong></span> <span class='ocrx_word' id='word_1_236' title='bbox 1435 4401 1471 4444; x_wconf 92' lang='lat' dir='ltr'><strong>ne</strong></span> <span class='ocrx_word' id='word_1_237' title='bbox 1487 4389 1675 4460; x_wconf 78' lang='lat' dir='ltr'><strong>pnenutatnm</strong></span> <span class='ocrx_word' id='word_1_238' title='bbox 1693 4381 1828 4439; x_wconf 73' lang='lat' dir='ltr'><strong>deleamur</strong></span> <span class='ocrx_word' id='word_1_239' title='bbox 1845 4395 1880 4437; x_wconf 81' lang='lat' dir='ltr'><strong>ex</strong></span> <span class='ocrx_word' id='word_1_240' title='bbox 1896 4378 1985 4450; x_wconf 59' lang='lat' dir='ltr'><strong>albat</strong></span> 
     </span>
     <span class='ocr_line' id='line_1_28' title="bbox 567 4471 1986 4556; baseline -0.013 -6"><span class='ocrx_word' id='word_1_241' title='bbox 567 4491 746 4551; x_wconf 76' lang='lat' dir='ltr'><strong>fraudulentia</strong></span> <span class='ocrx_word' id='word_1_242' title='bbox 757 4491 809 4547; x_wconf 88' lang='lat' dir='ltr'><strong>iste</strong></span> <span class='ocrx_word' id='word_1_243' title='bbox 820 4488 944 4547; x_wconf 65' lang='lat' dir='ltr'><strong>medem</strong></span> <span class='ocrx_word' id='word_1_244' title='bbox 957 4487 1088 4544; x_wconf 66' lang='lat' dir='ltr'><strong>merim.</strong></span> <span class='ocrx_word' id='word_1_245' title='bbox 1104 4485 1183 4556; x_wconf 85' lang='lat' dir='ltr'><strong>Quod</strong></span> <span class='ocrx_word' id='word_1_246' title='bbox 1196 4485 1327 4542; x_wconf 86' lang='lat' dir='ltr'><strong>discimus</strong></span> <span class='ocrx_word' id='word_1_247' title='bbox 1339 4499 1373 4542; x_wconf 83' lang='lat' dir='ltr'><strong>ex</strong></span> <span class='ocrx_word' id='word_1_248' title='bbox 1383 4483 1467 4542; x_wconf 76' lang='lat' dir='ltr'><strong>altera</strong></span> <span class='ocrx_word' id='word_1_249' title='bbox 1478 4481 1593 4556; x_wconf 42' lang='lat' dir='ltr'><strong>&amp;stola</strong></span> <span class='ocrx_word' id='word_1_250' title='bbox 1602 4477 1724 4552; x_wconf 72' lang='lat' dir='ltr'><strong>Gregorii</strong></span> <span class='ocrx_word' id='word_1_251' title='bbox 1735 4475 1887 4536; x_wconf 83' lang='lat' dir='ltr'><strong>rectoribus</strong></span> <span class='ocrx_word' id='word_1_252' title='bbox 1896 4471 1986 4532; x_wconf 74' lang='lat' dir='ltr'><strong>Socie-</strong></span> 
     </span>
     <span class='ocr_line' id='line_1_29' title="bbox 568 4565 1987 4655; baseline -0.012 -8"><span class='ocrx_word' id='word_1_253' title='bbox 568 4589 632 4647; x_wconf 82' lang='lat' dir='ltr'><strong>tatis</strong></span> <span class='ocrx_word' id='word_1_254' title='bbox 645 4585 820 4645; x_wconf 84' lang='lat' dir='ltr'><strong>lombardiae</strong></span> <span class='ocrx_word' id='word_1_255' title='bbox 833 4585 946 4654; x_wconf 70' lang='lat' dir='ltr'><strong>directa¹</strong></span> <span class='ocrx_word' id='word_1_256' title='bbox 962 4581 1015 4641; x_wconf 85' lang='lat' dir='ltr'><strong>sub</strong></span> <span class='ocrx_word' id='word_1_257' title='bbox 1028 4583 1101 4641; x_wconf 87' lang='lat' dir='ltr'><strong>notis</strong></span> <span class='ocrx_word' id='word_1_258' title='bbox 1113 4581 1310 4655; x_wconf 71' lang='lat' dir='ltr'><strong>chronologicis</strong></span> <span class='ocrx_word' id='word_1_259' title='bbox 1321 4581 1434 4651; x_wconf 63' lang='lat' dir='ltr'><strong>eisdem</strong></span> <span class='ocrx_word' id='word_1_260' title='bbox 1444 4591 1492 4655; x_wconf 80' lang='lat' dir='ltr'><strong>ap.</strong></span> <span class='ocrx_word' id='word_1_261' title='bbox 1504 4577 1630 4646; x_wconf 75' lang='lat' dir='ltr'><strong>Sauocr,</strong></span> <span class='ocrx_word' id='word_1_262' title='bbox 1644 4573 1753 4646; x_wconf 69' lang='lat' dir='ltr'><strong>mum,</strong></span> <span class='ocrx_word' id='word_1_263' title='bbox 1769 4579 1792 4632; x_wconf 88' lang='lat' dir='ltr'><strong>t.</strong></span> <span class='ocrx_word' id='word_1_264' title='bbox 1805 4573 1855 4644; x_wconf 84' lang='lat' dir='ltr'><strong>ill,</strong></span> <span class='ocrx_word' id='word_1_265' title='bbox 1868 4565 1987 4647; x_wconf 69' lang='lat' dir='ltr'><strong>qipand-</strong></span> 
     </span>
     <span class='ocr_line' id='line_1_30' title="bbox 565 4679 1042 4762; baseline -0.002 -19"><span class='ocrx_word' id='word_1_266' title='bbox 565 4703 597 4762; x_wconf 91' lang='lat' dir='ltr'><strong>p.</strong></span> <span class='ocrx_word' id='word_1_267' title='bbox 611 4687 656 4758; x_wconf 80' lang='lat'><strong>76,</strong></span> <span class='ocrx_word' id='word_1_268' title='bbox 667 4701 702 4742; x_wconf 81' lang='lat' dir='ltr'><strong>ex</strong></span> <span class='ocrx_word' id='word_1_269' title='bbox 714 4683 822 4758; x_wconf 71' lang='lat' dir='ltr'><strong>llegmt.</strong></span> <span class='ocrx_word' id='word_1_270' title='bbox 837 4697 902 4740; x_wconf 90' lang='lat' dir='ltr'><strong>ann.</strong></span> <span class='ocrx_word' id='word_1_271' title='bbox 912 4679 935 4752; x_wconf 89' lang='lat'><strong>1,</strong></span> <span class='ocrx_word' id='word_1_272' title='bbox 951 4693 983 4738; x_wconf 86' lang='lat' dir='ltr'><strong>n·</strong></span> <span class='ocrx_word' id='word_1_273' title='bbox 995 4683 1042 4742; x_wconf 73' lang='lat'><strong>28.</strong></span> 
     </span>
    </p>
   </div>
   <div class='ocr_carea' id='block_1_7' title="bbox 0 0 2312 6084">
    <p class='ocr_par' dir='ltr' id='par_1_7' title="bbox 0 0 2312 6084">
     <span class='ocr_line' id='line_1_31' title="bbox 0 0 2312 6084; baseline 0 0"><span class='ocrx_word' id='word_1_274' title='bbox 0 0 2312 6084; x_wconf 95' lang='lat' dir='ltr'><strong> </strong></span> 
     </span>
    </p>
   </div>
  </div>
 </body>
</html>
