4710 6076
599 631 660 696 esa
1126 631 1297 694 arvnver
1321 627 1491 694 suuntur
1825 625 1906 714 [aaa
1923 627 2011 692 rear.

599 765 720 850 serios
734 763 954 848 monasterii
976 761 1148 875 ejusdem
1167 773 1206 848 et
1221 763 1458 850 exactionem
1478 761 1718 869 reddituum,
1734 760 1884 873 absque
1904 787 2016 872 pree·

599 899 723 1010 posito
751 898 881 1010 regio,
906 897 980 980 nisi
1002 906 1157 1009 propter
1182 897 1463 982 mutumaoiam
1489 895 1691 982 hominum
1717 891 1927 980 eorundem
1948 905 2016 980 eut

599 1031 903 1144 magnitudinem
918 1029 1008 1114 lecti
1027 1030 1272 1115 advocandus
1288 1039 1400 1116 esset.

683 1273 776 1354 (Edit
799 1273 833 1334 ln
852 1271 981 1334 nomm
998 1269 1091 1348 dole,
1105 1277 1180 1335 tom
1200 1271 1306 1354 m,
1320 1288 1390 1354 pars
1404 1279 1445 1348 1¹,
1458 1287 1491 1352 p.
1508 1279 1577 1348 itt,
1593 1280 1629 1334 n·
1642 1277 1714 1346 sue,
1726 1285 1766 1332 ex
1781 1267 1919 1351 orlglnnll
1931 1271 2019 1349 mlum

718 1381 849 1460 egilum
866 1379 1015 1458 appendet
1035 1377 2019 1458 msslbmtdsmbdmdadmlom-llxlalbeturqnoqnu

722 1487 915 1562 Srnarnmn,
930 1486 1062 1549 nomm.
1077 1482 1200 1562 zoae,
1212 1487 1239 1562 1,
1256 1485 1326 1567 ⁸⁶.)

650 1709 833 1784 Heinrious
854 1711 1024 1807 septimus
1046 1709 1169 1784 divim
1187 1711 1325 1784 favente
1343 1707 1525 1784 elementia
1540 1705 1773 1782 Romanorum
1790 1727 1868 1795 rex,
1885 1725 2021 1802 semper

604 1844 787 1932 angustus.
806 1834 893 1908 Cum
913 1856 1035 1909 omnes
1051 1835 1234 1932 petitiones
1256 1834 1496 1930 religiosorum
1513 1832 1668 1908 virorum
1683 1830 1805 1904 libenti
1822 1829 1939 1905 animo
1959 1849 2022 1904 ve·

605 1961 708 2036 limus
720 1959 903 2050 exaudire,
915 1961 1029 2054 justas
1043 1969 1159 2035 mmen
1175 1959 1329 2056 ipsorum
1343 1980 1464 2056 preces
1476 1957 1579 2032 nobis
1592 1965 1767 2055 porrectas
1777 1965 1872 2030 tanto
1883 1977 2023 2054 promp-

607 2086 675 2158 tius
695 2093 853 2158 tenemur
868 2083 1050 2159 admittere
1068 2093 1199 2180 quanto
1215 2085 1328 2180 magis
1345 2085 1491 2158 salntem
1508 2083 1625 2157 anime
1638 2081 1852 2156 emtionibus
1869 2081 2025 2178 ipsorum

609 2208 705 2306 epod
721 2211 832 2282 neum
851 2208 1025 2282 caedimus
1041 2209 1271 2304 augmentari.
1288 2209 1377 2282 llino
1390 2217 1444 2283 est
1458 2207 1555 2304 qnod
1567 2205 1783 2302 significante
1798 2205 1901 2280 nobis
1912 2205 1954 2280 a.
1972 2202 2025 2302 (l)

611 2336 737 2410 abbate
765 2335 964 2410 monasterii
991 2333 1178 2410 Fauoemis
1204 2335 1435 2409 intelleximus
1462 2333 1559 2430 qnod
1589 2333 1801 2430 quandoque
1830 2332 1908 2406 rixe
1938 2331 2026 2404 inter

611 2461 769 2535 homines
787 2459 934 2533 rusticos
951 2459 1029 2533 sive
1045 2461 1235 2534 mensarios
1251 2468 1288 2533 et
1307 2460 1497 2534 servientes
1513 2457 1671 2552 eiusdem
1688 2455 1887 2532 monmterii
1903 2455 2027 2530 oriun-

611 2597 680 2678 tur,
700 2605 789 2679 quns
807 2583 901 2658 idem
917 2583 1026 2658 abbas
1043 2585 1100 2658 vel
1115 2585 1262 2682 quilibet
1277 2606 1456 2659 successor
1471 2605 1558 2658 suos
1572 2591 1634 2658 eut
1652 2603 1743 2680 pena
1755 2579 1957 2678 peeurdmin
1971 2577 2028 2652 vel

611 2709 779 2807 corporali
793 2709 1018 2804 castigatione
1031 2709 1076 2784 de
1091 2709 1183 2783 sacili
1200 2717 1316 2806 posset
1329 2708 1470 2802 sedere,
1492 2707 1663 2802 corrigere
1677 2715 1713 2780 et
1726 2705 1928 2798 emendum
1945 2725 2028 2800 pre·

612 2845 704 2907 terea
722 2830 932 2928 significavit
953 2832 1049 2906 idem
1065 2835 1175 2906 abbas
1191 2833 1288 2930 quod
1308 2856 1330 2908 a
1352 2831 1534 2906 mensariis
1548 2830 1633 2905 dicti
1655 2829 1854 2906 monasterii
1871 2827 2030 2904 redditus

613 2957 869 3056 possessionum
882 2979 1024 3030 suarum
1037 2955 1083 3030 de
1098 2956 1189 3030 sacili
1203 2957 1347 3052 exigere
1356 2957 1498 3050 valeret,
1511 2955 1575 3030 sed
1588 2956 1665 3030 sine
1677 2955 1852 3054 preposito
1866 2953 1912 3030 de
1923 2953 2031 3027 Scho-

615 3103 754 3176 nengov
767 3081 909 3178 exigere
926 3103 996 3155 non
1011 3079 1118 3155 audet
1134 3103 1200 3154 neo
1215 3081 1313 3156 rixas
1329 3081 1538 3156 emendare:
1557 3079 1655 3177 quod
1668 3081 1705 3154 in
1718 3102 1825 3180 grave
1838 3079 2032 3176 dampnum

615 3207 730 3281 eidem
747 3205 955 3280 monasterio
966 3226 1037 3278 non
1055 3215 1108 3280 eat
1119 3203 1268 3279 dnbium
1285 3206 1438 3280 evenire.
1459 3205 1560 3280 Unde
1575 3203 1773 3302 sepedictus
1789 3203 1898 3280 abbas
1917 3211 2033 3278 nosue

618 3330 816 3406 celsitudini
841 3329 1016 3404 humiliter
1039 3329 1250 3426 supplicavit
1272 3340 1446 3426 quatenus
1467 3329 1727 3406 emendationes
1742 3351 1923 3404 servornm
1947 3349 2035 3404 sno-

620 3478 698 3528 rum
715 3476 778 3528 seu
794 3453 991 3528 sedationes
1008 3453 1165 3528 dravum
1181 3455 1271 3530 inter
1287 3455 1446 3530 homines
1463 3455 1609 3529 rusticos
1625 3462 1660 3528 et
1674 3455 1864 3530 mensarios
1877 3451 2036 3550 ejusdem

621 3579 818 3653 monasterii
845 3586 880 3652 et
904 3578 1123 3652 exactionem
1144 3579 1346 3654 reddituum
1367 3579 1624 3677 possessionum
1647 3601 1791 3653 suerum
1812 3577 1881 3652 sibi
1903 3575 2036 3674 digna-

620 3725 737 3778 remur
761 3703 956 3799 indulgere.
980 3704 1050 3776 Nos
1076 3703 1183 3799 igitur
1205 3704 1370 3802 precibus
1395 3705 1469 3778 sais
1492 3713 1706 3797 annuentes,
1728 3702 1844 3778 eidem
1863 3701 1982 3778 abbati
2001 3709 2038 3775 et

621 3827 783 3902 omnibus
802 3827 1060 3900 successoribus
1082 3827 1157 3902 suis
1176 3829 1374 3903 sedationes
1398 3828 1556 3902 rixarum
1574 3849 1654 3901 enm
1671 3825 1854 3922 sanguinis
1869 3823 2039 3900 effusione

622 3952 679 4026 vel
692 3951 767 4025 sine
785 3951 967 4047 sanguinis
987 3951 1154 4024 allusione
1169 3953 1336 4026 lectarum
1350 3962 1385 4027 et
1397 3953 1675 4028 emendationem
1688 3973 1869 4026 servornm
1882 3959 1918 4026 et
1929 3971 2038 4026 exae-

624 4077 753 4150 tionem
767 4076 968 4151 reddituum
986 4097 1129 4150 snorum
1142 4076 1397 4174 inperpetuum
1410 4078 1575 4154 duximus
1589 4075 1856 4172 indulgendum,
1871 4075 1939 4149 nisi
1953 4076 2040 4149 lorle

626 4201 842 4274 defensorem
866 4203 924 4274 vel
943 4199 1154 4274 advocatum
1173 4202 1235 4297 qni
1254 4211 1340 4275 tnnc
1361 4223 1425 4300 pro
1442 4211 1596 4299 tempore
1616 4223 1638 4275 a
1660 4199 1761 4276 nobis
1778 4201 1836 4275 vel
1859 4219 2040 4274 successo-

625 4327 723 4400 ribus
746 4325 871 4400 nostris
887 4325 991 4398 tuerit
1014 4327 1241 4418 constitutus,
1270 4325 1433 4401 videlicet
1458 4325 1653 4424 prepositus
1669 4325 1716 4400 de
1737 4325 1968 4419 Sehonengov
1982 4323 2040 4397 vel

626 4451 715 4524 elius
732 4419 964 4544 quicumque,
990 4447 1098 4523 abbas
1119 4449 1177 4523 vel
1199 4470 1414 4524 snmessoree
1431 4449 1487 4524 sui
1504 4459 1645 4548 propter
1661 4450 1915 4524 contumaciam
1928 4447 2039 4522 homi·

665 4755 699 4830 (a)
716 4755 825 4814 enses
842 4755 989 4832 resapere.
