4642 6106
331 709 429 770 lrnrcr.
445 703 489 790 4.]
777 695 975 761 utsuoara
999 694 1297 758 utrtouarlct.
1686 689 1748 752 25¹1

334 842 462 915 utiliter
476 844 744 936 prosequuntur,
755 835 806 906 sic
818 830 1056 930 impendentes
1066 840 1203 927 gratum
1215 831 1362 904 Domino
1374 829 1578 904 famulatum
1588 836 1626 900 ut
1636 837 1672 900 et
1684 825 1748 902 tibi

334 987 436 1063 opem
454 963 598 1038 afferant
612 960 799 1034 efficacem.

383 1091 510 1161 Datum
517 1083 688 1176 Laterani,
697 1083 774 1156 XIV
782 1080 948 1155 kalendas
961 1081 1139 1174 februarii,
1152 1079 1373 1178 pontificatus
1385 1077 1493 1152 nostri
1507 1097 1599 1152 anno
1612 1085 1746 1172 quarto.

396 1674 601 1787 Gregorius
615 1697 716 1784 pepe
732 1667 967 1754 Fridericum
983 1669 1245 1754 Romanorum
1268 1669 1535 1780 imperatorem
1558 1682 1688 1758 monet
1710 1683 1754 1756 ut

341 1805 620 1919 fidejussoriam
634 1803 849 1888 cautionem
866 1827 985 1914 quam
1009 1801 1059 1884 ad
1081 1811 1166 1886 octo
1180 1827 1331 1887 menses
1348 1814 1540 1914 praestem
1558 1804 1690 1889 debuit
1706 1831 1754 1890 ex

344 1966 447 2024 nunc
460 1937 668 2051 adimplere
683 1938 847 2022 studeat.

423 2153 547 2230 (lnsdtt.
562 2155 711 2236 enaret
726 2155 849 2234 Gregnr.
862 2149 918 2228 IX,
930 2169 1003 2216 ann.
1017 2152 1072 2228 tv,
1085 2165 1119 2214 n⁰
1135 2151 1216 2233 too.)

395 2341 531 2415 Eidem.
551 2339 639 2414 Cum
659 2339 696 2411 in
713 2341 822 2412 torma
839 2339 934 2435 pacis
951 2339 1039 2412 inter
1055 2359 1120 2412 nos
1135 2347 1171 2411 et
1190 2347 1222 2411 te
1237 2337 1356 2412 habita
1376 2338 1481 2411 inanit
1501 2338 1698 2414 ordinatum
1720 2349 1759 2414 ut

349 2487 412 2563 pro
425 2465 468 2538 iis
483 2487 553 2560 qne
568 2465 605 2537 in
620 2472 766 2538 tractatu
782 2463 879 2560 pacis
895 2473 1063 2537 venerant
1074 2461 1301 2538 observandis
1313 2484 1360 2536 ex
1377 2472 1459 2536 tunc
1473 2464 1520 2538 ad
1533 2474 1610 2539 octo
1622 2487 1760 2540 menses

349 2598 520 2686 prestares
531 2587 781 2683 fidejussoriam
795 2587 1003 2679 cantionem,
1018 2597 1052 2660 et
1066 2597 1205 2682 propter
1219 2585 1465 2682 impedimenta
1481 2589 1761 2684 supervenientia

351 2713 388 2787 id
415 2714 612 2810 neqniverit
633 2713 837 2809 adimpleri,
863 2713 1026 2786 nclnmna
1045 2711 1106 2785 tibi
1130 2733 1178 2785 ax
1199 2721 1398 2785 transcursu
1424 2714 1577 2809 preteriti
1599 2715 1762 2811 temporis

351 2837 582 2935 prejudicium
600 2837 770 2933 generari.
785 2837 837 2909 Tn
852 2845 967 2910 umen
980 2858 1026 2908 ex
1041 2857 1135 2908 nnnc
1150 2835 1307 2932 predicta
1321 2835 1462 2910 studeas
1476 2836 1666 2934 adimplere
1682 2861 1762 2912 cnm

349 2963 422 3055 jam
436 2971 573 3059 tempus
586 2961 771 3058 prestando
788 2960 958 3034 cantionis
974 2959 1175 3054 hujusmodi
1190 2961 1252 3033 tibi
1269 2968 1396 3034 currat.

401 3088 527 3160 Datum
540 3086 709 3177 lamnam,
725 3085 803 3158 Xlll
816 3085 983 3159 kalendas
999 3084 1177 3176 februarii,
1196 3099 1289 3158 anno
1301 3095 1437 3181 quarto.

413 3681 644 3789 Fridericua,
661 3682 923 3767 Romanorum
942 3681 1162 3792 imperator,
1180 3685 1230 3767 ad
1253 3677 1566 3795 supplicationem
1589 3683 1771 3769 lohannis
1830 3706 1943 3794 Μ

361 3814 510 3898 abbatis
536 3816 756 3899 monasterii
786 3816 946 3898 Sanctae
977 3815 1210 3926 Euphemiae
1243 3817 1285 3898 in
1316 3827 1540 3927 perpetuum
1573 3817 1773 3902 confinnat

362 3949 698 4033 commutationem
718 3949 818 4032 inter
838 3948 912 4033 hoc
934 3950 1210 4034 monesterium
1227 3960 1266 4033 et
1286 3951 1494 4034 Motthenm
1517 3950 1772 4036 Maraalabam

362 4081 510 4165 doanae
527 4081 567 4163 in
582 4080 758 4166 Calabria
780 4082 1009 4192 magistrum
1027 4107 1074 4166 ex
1091 4093 1285 4194 partesue
1302 4081 1442 4166 iactam
1457 4085 1505 4168 de
1522 4091 1647 4168 castro
1664 4083 1771 4170 Neo-

365 4213 478 4296 castri
496 4223 535 4296 et
555 4213 756 4298 medietate
777 4214 938 4297 ciuitatis
957 4213 1130 4324 ejusdem
1143 4241 1213 4325 pro
1237 4225 1339 4299 terra
1359 4213 1557 4324 Nuceriae,
1574 4216 1774 4300 medietate

366 4347 503 4430 casalis
520 4347 705 4458 Apriliani
727 4357 765 4431 et
777 4348 893 4431 Portu
911 4347 1029 4432 maris
1043 4348 1110 4458 qui
1123 4349 1262 4432 dicitur
1276 4349 1391 4432 Navis
1406 4349 1454 4432 de
1468 4350 1585 4434 Arata
1601 4377 1690 4436 cum
1704 4349 1775 4436 ho-

367 4479 535 4564 minibus
550 4490 588 4563 et
600 4477 848 4590 pertinentiis.

451 4693 553 4773 (arrd.
568 4695 682 4769 From,
700 4691 838 4758 Cnhlrin
849 4691 1010 4768 illartmw,
1024 4711 1094 4773 pars
1107 4695 1155 4769 11,
1170 4713 1201 4772 p.
1221 4703 1368 4769 tta-tm
1381 4694 1520 4758 mendose
1533 4701 1631 4758 autum
1639 4739 1649 4772 ,
1664 4713 1702 4758 ex
1719 4697 1778 4760 orl-

492 4802 595 4880 gtnatt,
607 4807 642 4864 nt
652 4801 780 4879 ridetur,
793 4803 870 4866 male
883 4803 959 4866 lecto
973 4808 1003 4864 at
1014 4815 1074 4864 non
1088 4801 1128 4865 ad
1139 4803 1287 4883 integrum
1298 4801 1499 4883 umrcnpto.)

470 4907 525 4970 111.
1583 4917 1619 4972 tt
