4642 6106
395 719 492 780 lenior.
508 715 552 795 3.]
842 711 1040 772 lilstolttlt
1064 711 1359 775 uirtuiterlcs
1750 713 1808 777 titii

476 850 649 930 (Memorat.
659 863 705 924 ap
721 847 927 923 somus,
938 847 1058 928 Specto
1070 847 1203 928 lupen,
1215 865 1285 928 pers
1298 858 1340 925 ι’,
1353 865 1385 927 p.
1404 855 1472 924 itt,
1485 859 1519 912 n·
1531 856 1607 930 tte,
1621 865 1661 912 ex
1673 851 1810 932 orlfflmll

516 959 547 1016 ln
561 953 681 1015 meliro
692 950 868 1032 Bremensl.)

446 1173 571 1242 Datum
588 1167 721 1264 Cepue,
738 1187 830 1241 anno
846 1163 1020 1238 dominice
1036 1167 1280 1241 incarnationis
1295 1167 1490 1258 MCCXXX,
1506 1169 1583 1240 XIV
1593 1169 1698 1264 junii,
1713 1171 1812 1244 tertie

397 1293 609 1368 indictionis.

457 1915 685 2022 FrideriouS‚
703 1919 965 2002 Romanorum
978 1919 1199 2028 imperator,
1218 1917 1378 2002 Cesareo
1394 1917 1675 2028 archiepiscopo
1689 1918 1815 2002 Saler-
1837 1919 2018 2025 iffi?

404 2050 535 2132 nilons
551 2052 710 2132 mandat
723 2061 766 2134 ut
783 2059 953 2134 castrum
968 2049 1121 2135 olibani
1136 2049 1244 2132 fratri
1257 2051 1475 2134 Hermanno
1488 2051 1673 2162 magistro
1685 2051 1816 2160 hospi-

404 2181 492 2264 talis
508 2181 668 2266 Sanctae
676 2183 816 2268 Mariae
825 2183 1145 2266 Theutonioorum
1154 2185 1445 2268 custodiendum
1459 2185 1655 2295 assignare
1663 2184 1814 2290 debeat,

406 2313 512 2398 salvo
534 2314 621 2425 jure
649 2316 809 2400 dominii
840 2316 1018 2400 ecclesiae
1048 2316 1308 2402 Salernitanae
1333 2345 1447 2428 super
1473 2319 1600 2426 ipsum
1627 2327 1815 2424 castrum,

406 2447 527 2530 donee
550 2475 626 2558 pax
647 2449 746 2532 inter
770 2475 811 2532 se
832 2459 870 2532 et
895 2450 1110 2534 Romanam
1138 2449 1336 2533 ecelesiam
1362 2449 1607 2557 reformetur,
1632 2451 1706 2534 nisi
1731 2449 1820 2534 velit

408 2581 711 2692 archiepiscopus
732 2610 800 2694 per
821 2583 1072 2668 castellanum
1087 2593 1125 2668 et
1152 2584 1356 2668 servientes
1377 2610 1455 2668 non
1479 2593 1672 2696 suspectos
1694 2583 1821 2694 ipsum

410 2714 574 2824 recipere
591 2725 629 2798 et
650 2716 854 2799 custodire.

1878 2029 1907 2070 w
1916 2025 1976 2080 tulit

491 2954 616 3035 (lnedlt.
635 2959 668 3020 ln
689 2959 803 3020 erchlv.
825 2957 997 3038 archiepisc.
1020 2957 1148 3034 Salem,
1165 2959 1285 3040 liegeet.
1302 2961 1335 3035 Ι,
1349 2959 1400 3022 tol.
1424 2967 1499 3034 tte,
1521 2958 1573 3021 ubl
1595 2961 1768 3038 mgtsuetur
1785 2975 1824 3020 ex

532 3066 637 3143 origin.
652 3067 683 3124 ln
692 3081 870 3144 pergameno
880 3081 930 3144 ep.
940 3065 1053 3126 archiv.
1065 3068 1155 3144 rapit.
1167 3097 1210 3112 -
1221 3065 1309 3142 Quod
1321 3066 1441 3146 quidem
1455 3081 1516 3128 non
1528 3073 1574 3128 est
1585 3066 1728 3146 originale
1740 3081 1826 3126 mnn-

530 3169 847 3248 dntl,setltronsnmptl
855 3171 1011 3249 onlnem
1019 3173 1051 3232 ln
1060 3172 1185 3233 lormam
1193 3172 1343 3250 publicam
1349 3173 1460 3234 redacti
1469 3189 1548 3234 anno
1554 3173 1672 3234 Domini
1682 3172 1824 3244 mcclx,

530 3277 613 3356 regni
626 3275 773 3336 umnam
786 3293 864 3338 enno
877 3280 976 3350 tertio,
986 3280 1235 3356 mesocampum,
1249 3281 1336 3340 tertie
1348 3279 1520 3352 indictione,
1535 3282 1567 3340 ln
1580 3296 1641 3358 quo
1653 3278 1827 3340 mandatum

532 3383 672 3444 Frlderlcl
689 3384 810 3444 emundi
828 3385 859 3443 ln
878 3385 981 3444 charta
999 3384 1178 3464 bombycina
1196 3388 1355 3462 scriptum,
1375 3393 1495 3464 propter
1512 3386 1700 3466 leumiitstem
1718 3387 1826 3463 ipsius,

532 3489 714 3567 nlndiribus
724 3490 835 3551 Salerni
848 3489 886 3551 ad
899 3493 1120 3568 requisitionem
1133 3492 1343 3571 archiepiscopi
1357 3490 1520 3572 inseritur.)

463 3702 665 3794 Fodericns,
681 3703 744 3774 Dei
767 3704 877 3798 gratia
896 3705 1127 3778 Romanorum
1142 3705 1344 3798 imperator,
1367 3725 1503 3798 semper
1523 3709 1710 3797 augustus,
1730 3702 1828 3772 leru-

415 3827 520 3899 salem
536 3836 571 3899 et
587 3825 701 3898 Sicilie
714 3848 791 3918 rex,
811 3827 987 3922 [Cesarea]
1004 3828 1193 3900 venerabili
1220 3827 1476 3923 archiepiscopo
1499 3827 1711 3899 Snlemitano
1734 3823 1829 3896 fideli

416 3969 481 4020 suo
497 3950 642 4042 gratiam
657 3971 757 4022 suam
768 3959 803 4022 et
813 3951 940 4023 bonam
953 3953 1179 4025 voluntatem.
1198 3953 1286 4038 Quis
1302 3952 1431 4025 malitia
1448 3951 1611 4044 temporis
1624 3957 1830 4044 perurgente

418 4071 464 4144 de
480 4073 695 4168 beneplacito
712 4083 828 4146 nostro
846 4075 1004 4170 procedit
1024 4085 1063 4147 ui
1084 4087 1236 4148 castrum
1250 4075 1405 4167 Olibeni,
1427 4075 1522 4170 quod
1540 4083 1590 4147 est
1605 4073 1748 4146 ecclesie
1766 4075 1832 4144 So-

418 4197 584 4270 lernitane
599 4197 635 4269 in
649 4221 721 4292 qne
734 4221 871 4294 preesse
884 4200 1116 4295 dignosceris,
1134 4223 1197 4297 pm
1215 4211 1307 4274 statu
1321 4201 1419 4294 regni
1437 4198 1581 4295 pacifico
1594 4196 1832 4271 conservando

418 4341 481 4414 per
494 4323 632 4394 tratrem
645 4323 877 4396 Hermannum
885 4324 1087 4417 magistrum
1097 4325 1274 4420 hospitalis
1288 4325 1412 4396 Sancte
1423 4323 1528 4395 llario
1541 4321 1832 4395 Thentonioorum

419 4444 457 4514 in
477 4445 684 4537 Jerusalem,
708 4448 819 4523 donec
841 4448 929 4520 inter
955 4469 1018 4520 nos
1041 4457 1076 4521 ei
1100 4455 1253 4521 sanctam
1274 4449 1461 4520 Romanam
1484 4445 1664 4520 ecclesiam
1689 4453 1833 4516 matrem

421 4577 573 4641 nostram
596 4571 698 4667 plena
716 4593 788 4666 pax
811 4581 845 4643 et
869 4571 1052 4645 concordia
1078 4573 1296 4664 reformetur,
1321 4580 1497 4667 properie
1513 4579 1548 4642 et
1564 4569 1703 4642 nomine
1722 4578 1782 4640 too
1799 4577 1833 4640 et

420 4692 565 4764 ecclesie
587 4701 645 4765 tue
667 4715 746 4766 cum
773 4697 969 4790 sumptibus
996 4695 1105 4791 ipsius
1125 4697 1269 4768 ecclesie
1295 4697 1341 4769 ed
1376 4697 1540 4768 honorem
1572 4703 1608 4767 et
1633 4693 1833 4767 fidelitatem

423 4825 573 4888 nostram
591 4815 716 4891 debeat
733 4819 915 4912 custodiri;
935 4820 1134 4894 fidelitatem
1152 4833 1246 4892 tuam
1267 4843 1429 4916 rogamus
1444 4821 1649 4893 mandentes
1663 4829 1834 4913 qnatenus

524 4939 578 5001 til.
1634 4951 1673 5003 26
