4602 6084
614 609 652 671 la
1110 611 1321 676 lalbltlllcl
1346 617 1519 680 suebant
1831 611 1911 698 [aas.
1932 613 2022 674 last.

613 743 786 818 nilicentic
801 743 910 840 gratia
927 745 1077 839 presenti
1095 755 1210 820 nostro
1227 750 1409 846 privilegio
1425 749 1649 826 concedimus
1661 758 1697 822 et
1711 758 1877 846 perpetuo
1894 746 2025 820 contir-

613 891 749 942 mamus
766 868 978 964 episcopatui
995 869 1135 942 Teatino
1151 879 1185 943 et
1199 873 1356 966 predicto
1373 877 1536 973 episcopo
1555 872 1648 946 fideli
1664 881 1779 944 nostro
1792 881 1827 942 ct
1844 891 2025 944 successo·

612 992 710 1064 ribus
728 992 801 1064 suis
816 991 932 1064 omnia
946 993 1101 1084 castella,
1119 995 1245 1068 casalia
1258 1008 1291 1069 et
1307 999 1470 1072 ecclesias
1488 1019 1557 1092 que
1572 1005 1724 1090 tempore
1738 993 2024 1089 predecessorum

614 1137 736 1209 regum
749 1115 862 1188 Sicilie
876 1115 968 1210 regis
984 1116 1093 1189 felicis
1104 1117 1255 1212 Rogerii,
1272 1121 1443 1194 Guillelmi
1459 1119 1560 1217 primi
1572 1129 1607 1192 et
1619 1115 1765 1190 secundi
1779 1117 1855 1212 ipsa
1866 1115 2025 1189 Ecclesia

613 1239 753 1316 Teatina
767 1239 876 1310 tenuit
891 1248 926 1312 et
943 1239 1122 1334 possedit:
1140 1241 1269 1316 scilicet
1286 1244 1321 1315 in
1340 1255 1429 1318 terra
1450 1245 1590 1318 Teatina
1608 1243 1643 1314 in
1661 1241 1822 1315 demanio
1845 1240 2024 1312 civitatem

613 1363 806 1454 leatinam,
828 1365 1006 1435 castellum
1023 1363 1217 1458 Triviliani,
1237 1369 1414 1440 castellum
1433 1369 1560 1458 Fures,
1586 1365 1764 1438 castellum
1785 1363 2022 1455 Villemagne,

613 1487 792 1559 castellum
812 1487 1015 1578 Scorcbose;
1038 1487 1075 1560 in
1097 1489 1239 1562 servitio
1259 1493 1438 1565 castellum
1461 1491 1587 1582 bluclc,
1613 1489 1792 1560 castellum
1817 1487 1913 1578 Orni‚
1941 1487 2025 1557 item

615 1611 650 1682 in
666 1611 826 1683 demanio
836 1611 959 1684 silvam
973 1621 1008 1683 ct
1022 1611 1229 1684 territorium
1243 1614 1438 1688 Sambuceti
1451 1615 1487 1686 in
1503 1609 1716 1708 pertinentiis
1728 1607 1860 1700 Aterni,
1876 1630 1942 1682 nec
1954 1627 2024 1680 non

613 1741 648 1804 st
668 1733 855 1806 Ecclesiam
875 1743 992 1806 sancte
1009 1735 1215 1828 Jerusalem,
1240 1737 1349 1810 sancti
1370 1735 1574 1832 leguntiani
1594 1745 1627 1806 el
1649 1731 1834 1806 Domitiani
1857 1731 1924 1804 loci
1944 1753 2025 1828 prc-

615 1856 699 1930 dicti
722 1879 801 1930 cum
824 1858 962 1952 capellis
984 1859 1123 1950 juribus
1140 1869 1175 1930 et
1196 1861 1410 1955 pertinentiis
1431 1857 1644 1933 eorumdem.
1685 1857 1724 1927 In
1752 1865 1840 1927 terra
1866 1875 1951 1928 vcro
1979 1853 2025 1926 de

615 1981 732 2053 Peuna
746 1981 781 2052 in
799 1980 959 2054 demanio
981 1983 1157 2054 castellum
1176 1983 1301 2056 montis
1319 1985 1463 2075 Silvani,
1486 1985 1609 2055 Sancte
1625 1979 1731 2054 Maris
1747 1981 1782 2052 in
1798 1979 1923 2053 llivulo
1941 1999 2024 2049 cum

617 2103 721 2174 casali
736 2125 812 2195 suo,
835 2103 951 2176 villam
968 2104 1126 2176 Sculcule
1141 2126 1220 2176 cum
1235 2106 1412 2180 territoriis
1427 2117 1462 2180 et
1476 2105 1574 2179 silvis
1587 2107 1675 2198 ejus.
1695 2105 1733 2178 ln
1750 2102 1890 2176 servitio
1905 2109 2025 2174 autem

617 2225 793 2297 castellum
821 2226 1028 2320 Lasdniani,
1058 2228 1154 2300 salvo
1173 2229 1335 2302 mandato
1356 2241 1391 2302 et
1413 2228 1628 2302 ordinatione
1653 2234 1769 2298 nostra
1793 2233 1828 2296 ct
1854 2222 2025 2296 heredum

618 2357 828 2434 nostrorum
849 2361 883 2422 et
904 2359 942 2422 ut
957 2349 1021 2422 bec
1041 2351 1253 2426 liberalitatis
1270 2363 1384 2426 nostre
1401 2353 1575 2426 concessio
1599 2359 1634 2423 ct
1655 2347 1868 2422 confirmatio
1888 2345 1924 2416 in
1945 2365 2025 2440 per·

616 2481 760 2567 potuum
788 2472 901 2546 eidem
930 2473 1082 2548 Ecclesie
1101 2476 1241 2550 Teatino
1267 2477 1491 2572 predictoquc
1522 2475 1684 2570 episcopo
1707 2479 1742 2545 et
1765 2467 2025 2542 successoribus

616 2597 691 2668 suis
709 2593 807 2670 lirum
825 2598 1028 2694 stabilisque
1046 2609 1244 2696 permaneat
1262 2611 1297 2674 et
1318 2601 1403 2674 nrrlli
1426 2601 1463 2672 in
1484 2599 1600 2692 aliquo
1623 2597 1724 2670 liceat
1740 2593 1926 2681 contraire,
1945 2611 2024 2687 pre·

617 2741 697 2792 scus
729 2721 810 2794 inde
839 2723 1062 2818 privilegium
1094 2724 1262 2798 conscribi
1289 2735 1324 2798 et
1355 2723 1541 2818 maiestatis
1571 2731 1684 2794 nostre
1713 2717 1825 2813 sigillo
1855 2713 2026 2810 jussimus

617 2845 839 2937 communiri,
861 2855 1048 2920 statuentes
1071 2855 1105 2920 et
1128 2847 1297 2943 imperiali
1320 2847 1547 2944 precipientes
1565 2843 1678 2916 edicto
1699 2849 1739 2914 ut
1761 2839 1856 2912 nulla
1877 2855 2024 2934 persona

617 2967 760 3040 humilis
773 2969 829 3042 vel
844 2969 925 3058 alta,
942 2971 1174 3044 ecclesiastica
1187 2973 1243 3044 vel
1260 2971 1438 3062 secularis,
1452 2970 1542 3042 banc
1553 2976 1704 3040 nostram
1719 2945 1976 3037 concessionem
1989 2965 2024 3030 cl

618 3089 911 3166 confirmationem
929 3094 1116 3189 intringere
1130 3093 1257 3168 audeat
1271 3095 1327 3169 vel
1342 3095 1518 3188 aliquibus
1534 3089 1716 3165 calumniis
1734 3084 1931 3182 perturbare
1945 3101 2024 3178 pre-

619 3225 749 3304 sumat;
769 3217 866 3311 quod
881 3219 943 3312 qni
960 3219 1077 3290 lecerit
1100 3220 1189 3292 ultra
1210 3218 1483 3312 indignationem
1504 3225 1654 3288 nostram
1672 3233 1778 3308 quam
1796 3207 1947 3304 graviter
1965 3205 2025 3276 iu-

620 3349 771 3412 curreret
801 3351 940 3414 centum
972 3342 1077 3416 libras
1101 3343 1177 3416 auri
1206 3341 1382 3439 purissimi
1408 3347 1609 3436 componat,
1641 3335 1859 3410 medietatem
1890 3347 2026 3404 camere

619 3471 752 3550 nostra,
773 3463 941 3558 reliquam
962 3487 1062 3560 passo
1083 3466 1244 3568 injuriam
1272 3463 1547 3562 persolvendam.
1574 3461 1685 3554 Hujus
1708 3466 1823 3532 autem
1848 3453 1899 3528 rei
1921 3460 2026 3526 testes

619 3595 701 3658 sunt
731 3589 899 3660 Hauricus
928 3590 1190 3664 Guarmacensis
1219 3591 1419 3686 episcopus,
1460 3585 1677 3680 Gclvigcrius
1708 3577 1920 3654 Patavicnsis
1950 3573 2027 3669 epi·

617 3731 759 3805 scopus,
786 3712 953 3786 Heuricus
970 3713 1014 3786 de
1035 3713 1242 3806 Calendinis,
1260 3715 1428 3786 bobertus
1444 3711 1489 3784 de
1502 3711 1635 3799 Venna,
1654 3702 1833 3780 conradus
1846 3701 1922 3776 dux
1940 3700 2027 3792 Spo-

618 3833 677 3905 leti
697 3843 732 3908 et
747 3835 843 3930 regni
860 3837 974 3910 Sicilie
991 3838 1158 3929 vicarius,
1185 3859 1300 3912 comes
1315 3839 1416 3931 lingo
1437 3836 1481 3908 de
1498 3833 1628 3908 Maccla
1653 3841 1688 3904 et
1707 3829 1766 3904 alii
1785 3823 2022 3921 quamplures.

617 3959 754 4054 -Ego
771 3961 950 4034 Conradus
967 3961 1153 4058 imperialis
1170 3963 1248 4036 aule
1266 3961 1489 4038 cancellarius
1505 3978 1575 4030 una
1593 3977 1673 4030 cum
1687 3949 1859 4026 Gualterio
1878 3945 2025 4038 Trojano

618 4081 778 4178 episcopo
793 4085 890 4178 regni
910 4087 1026 4158 Sicilie
1045 4094 1080 4158 et
1095 4085 1221 4182 Apulia
1236 4084 1438 4158 cancellario
1451 4080 1729 4176 recognovimus.
1742 4073 1948 4166 —Signum
1962 4065 2026 4139 do-

620 4205 846 4280 miniHenrici
856 4209 946 4282 sexti
955 4209 1075 4283 divina
1086 4211 1222 4284 lavante
1230 4207 1646 4281 clementiallomanorum
1657 4193 1883 4294 imperatoris,
1891 4208 2027 4284 sempor

620 4331 778 4422 augusti,
801 4342 835 4404 ct
859 4333 951 4427 regis
972 4335 1098 4406 Sicilie.
1118 4333 1269 4408 -Acta
1291 4341 1372 4405 sunt
1391 4331 1456 4404 bec
1472 4349 1564 4403 anno
1588 4323 1760 4400 dominice
1783 4309 2026 4391 incarnationis

621 4451 802 4544 millesimo
819 4457 1004 4529 centesimo
1019 4457 1242 4550 nonagesimo
1256 4455 1395 4550 quinto,
1414 4459 1579 4544 regnante
1594 4445 1736 4522 domino
1752 4451 1867 4515 nostro
1879 4434 2025 4510 ilenrico

621 4585 721 4648 sexto
744 4577 946 4675 imperatore
968 4581 1218 4671 Romanorum,
1239 4601 1373 4674 sempor
1391 4585 1557 4672 augusto,
1580 4581 1615 4646 st
1633 4590 1715 4665 rege
1737 4565 1872 4655 Sicilie,
1899 4579 2021 4645 amen,

622 4700 718 4794 regni
739 4703 814 4795 ejus
837 4703 964 4796 [anuo]
991 4703 1156 4776 vicesimo
1172 4703 1312 4798 quinto,
1333 4699 1469 4798 imperii
1490 4719 1573 4772 vem
1592 4693 1716 4790 quinto
1736 4698 1772 4763 ot
1787 4684 1885 4782 regui
1910 4677 2024 4753 Sicilie
