4702 6110
375 669 473 731 lentur.
489 667 532 754 4]
835 665 1033 730 HISTORIA
1057 665 1350 728 ututouurlcn.
1730 668 1790 729 429

375 806 464 902 peril
482 803 645 878 fidelibus
657 805 786 900 quibus
801 825 944 900 presens
959 803 1058 876 litera
1079 803 1183 876 luerit
1198 811 1333 876 ostansa
1352 802 1498 894 gratiam
1517 824 1616 876 snam
1637 811 1671 876 et
1685 825 1788 876 omne

375 929 519 1004 bonum
540 929 584 1002 Ut
605 929 801 1002 adnostros
820 937 975 1024 posteros
991 936 1026 1000 et
1045 947 1259 1002 successores
1275 927 1479 1022 perveniant
1493 927 1638 1000 certiora
1658 949 1700 1002 ea
1718 951 1789 1023 que

375 1054 514 1127 anobis
532 1063 711 1147 geruntur,
732 1061 767 1124 et
784 1073 830 1125 ne
842 1059 953 1125 tractu
975 1051 1138 1146 temporis
1151 1060 1376 1142 evanescant,
1398 1051 1574 1124 literarum
1594 1051 1787 1124 testimonio

375 1178 672 1252 commendamus.
701 1176 919 1250 Meminerint
944 1175 1050 1266 igitur
1071 1183 1248 1270 presentes
1270 1185 1305 1246 et
1328 1186 1536 1266 cognoscent
1559 1176 1665 1248 luturi
1692 1177 1787 1270 quod

375 1323 438 1376 nos
461 1303 507 1376 de
526 1301 742 1399 plenitudine
763 1300 898 1374 consilii
919 1300 1027 1372 nostri
1050 1300 1306 1373 ministerialem
1328 1309 1481 1372 nostram
1505 1299 1704 1373 Mechtildin
1724 1323 1787 1373 so-

374 1448 487 1502 rorem
508 1425 680 1500 Gothlridi
706 1435 741 1499 et
757 1425 907 1498 Diderici
932 1426 1076 1498 fratrum
1101 1424 1147 1497 de
1167 1419 1309 1496 Germar
1335 1443 1415 1496 cum
1437 1423 1555 1519 pneris
1577 1422 1787 1515 Magdebur·

373 1552 473 1647 gensi
489 1550 798 1646 archiepiscopatui
811 1547 864 1646 (l)
878 1547 1041 1622 dedimus
1057 1547 1253 1622 habendam
1267 1549 1368 1643 pleno
1379 1549 1471 1640 jure,
1488 1557 1524 1620 et
1535 1548 1580 1620 ab
1596 1549 1672 1643 ipso
1686 1547 1786 1620 nobis

375 1675 503 1748 donata
520 1685 573 1748 est
588 1674 687 1746 Lutia
703 1695 795 1747 uxor
811 1673 960 1768 Swigeri
981 1673 1118 1746 sculteti
1134 1681 1170 1744 et
1189 1671 1369 1744 camerarii
1389 1671 1495 1743 nostri
1515 1669 1561 1744 de
1584 1669 1786 1744 lllolhunscn

374 1809 415 1870 ut
427 1799 527 1872 nubis
540 1807 575 1871 et
588 1797 733 1894 imperio
747 1798 889 1871 attineat
903 1819 973 1870 una
987 1818 1069 1870 oum
1082 1798 1178 1893 prole
1193 1818 1270 1869 sna.
1287 1797 1331 1869 Ut
1344 1804 1460 1869 autem
1474 1797 1681 1891 premissum
1699 1817 1787 1869 oon-

372 1921 547 1996 cambium
560 1921 605 1994 ab
620 1931 768 2016 unaque
782 1929 880 2018 parte
891 1931 1005 1994 ratum
1024 1932 1060 1994 et
1081 1920 1219 1993 firmum
1236 1928 1404 2007 teneatur,
1423 1929 1618 2015 presentem
1639 1920 1785 1994 litterum

373 2045 543 2118 conscribi
557 2055 592 2118 et
608 2045 722 2139 sigillo
739 2054 855 2118 nostro
867 2045 1012 2118 lecimus
1026 2044 1244 2117 communiri.

421 2170 538 2242 Testes
559 2179 642 2242 sunt
666 2169 715 2240 hii
733 2169 912 2244 Comedus
935 2169 1142 2242 venerabilis
1160 2168 1269 2241 abbas
1285 2168 1401 2242 Sancti
1422 2167 1529 2256 Galli,
1551 2166 1714 2242 Gerlacus
1739 2167 1783 2241 de

371 2293 574 2387 Butziugen,
595 2293 778 2366 Heinricus
795 2293 840 2366 de
855 2294 981 2386 Niffen,
1001 2295 1137 2390 dapifer
1154 2293 1199 2367 de
1216 2294 1399 2391 Walpnru,
1425 2293 1603 2368 Conradns
1618 2293 1783 2389 pincerna

373 2417 419 2492 de
432 2417 694 2510 Winterstettin,
709 2428 744 2492 et
756 2417 815 2491 alii
831 2419 1065 2514 quamplures.

421 2543 547 2614 Datum
569 2541 664 2637 apud
689 2541 923 2636 Nuremberg,
949 2563 1042 2615 anuo
1069 2541 1312 2616 incamaticnis
1333 2541 1470 2615 Domini
1496 2543 1544 2614 Μ.
1573 2540 1636 2614 CC.
1667 2541 1782 2630 XXX,

372 2667 405 2738 X
426 2667 591 2740 kalendas
609 2667 772 2758 octobris,
789 2666 978 2741 indictione
994 2668 1080 2740 1111·.

421 3213 605 3298 Henrious
627 3213 886 3298 Romanorum
911 3241 977 3298 rex
996 3215 1124 3300 comiti
1146 3217 1306 3302 Ottoui
1291 3217 1435 3328 Junicn
1425 3217 1502 3301 de
1523 3217 1782 3305 Botenlauben
1804 3244 1972 3346 umnam

367 3345 579 3431 libertatem
613 3347 788 3459 indulget
822 3350 1008 3433 vendendi
1040 3351 1102 3433 cui
1133 3349 1295 3435 voluerit
1330 3361 1499 3434 castrum
1530 3353 1782 3467 Lichtenherg

367 3503 456 3562 cum
480 3481 686 3564 attinentiis
705 3491 742 3565 et
759 3507 848 3566 cum
863 3482 1043 3567 omnibus
1061 3509 1201 3594 quaec
1224 3509 1265 3567 se
1285 3493 1323 3567 et
1343 3483 1429 3567 ab
1419 3485 1578 3594 rmperio
1596 3487 1776 3596 possidet.

447 3693 544 3775 (Edld.
559 3697 728 3773 Scuunms,
743 3696 900 3780 Diplcmm
922 3698 1015 3783 quud.
1040 3697 1088 3761 der
1111 3698 1205 3778 Grdd.
1228 3699 1527 3785 laconensem,
1544 3711 1569 3764 t.
1589 3705 1623 3778 1,
1645 3704 1776 3768 urkund.

486 3803 722 3884 pmmmd

415 3963 458 4034 lt.
479 3964 542 4036 Dei
565 3965 674 4058 galia
696 3967 927 4040 Romanorum
951 3989 1016 4040 rex
1040 3977 1076 4042 el
1090 3989 1227 4066 semper
1243 3981 1431 4066 angustus,
1455 3973 1627 4046 universis
1644 3975 1777 4070 imperii

365 4083 529 4160 fidelibus
546 4089 676 4182 quibus
691 4111 833 4184 presens
846 4090 1012 4186 seriptum
1026 4091 1222 4166 exhibitum
1237 4093 1340 4166 luerit
1353 4095 1498 4189 gratiam
1512 4119 1610 4168 suam
1627 4107 1662 4170 et
1675 4119 1777 4172 omne

365 4210 509 4283 bonum.
533 4211 698 4298 Quotiens
724 4237 745 4288 a
772 4215 872 4288 nobis
894 4215 1023 4312 petitur
1043 4215 1142 4312 quud
1166 4217 1323 4312 religioni
1345 4229 1380 4292 et
1400 4219 1572 4294 honestati
1590 4225 1776 4298 convenire

1672 4413 1774 4427 ῌ

399 4494 435 4568 (t)
455 4495 555 4555 Aderat
566 4505 657 4557 autem
673 4506 739 4558 tune
751 4502 881 4576 temporis
895 4503 923 4560 in
943 4501 1088 4562 Germania
1105 4505 1323 4581 archiepiscopus
1340 4507 1399 4581 ipse
1416 4507 1542 4568 Albertns
1558 4511 1605 4584 qui
1624 4517 1654 4567 ut
1675 4511 1778 4587 imperii

364 4593 467 4666 lagatus
477 4603 506 4654 et
519 4613 610 4657 comes
620 4601 767 4660 Romanius
778 4617 861 4676 nuper
873 4603 1088 4662 reformationem
1099 4607 1253 4664 monasterii
1266 4607 1301 4664 de
1311 4607 1455 4682 lltilrlberg
1462 4623 1541 4666 suum
1550 4610 1660 4668 adhibet
1668 4627 1778 4670 consen·

363 4693 516 4846 suntozodm.
526 4695 700 4774 llagdeburg,
715 4715 780 4758 ann.
796 4703 877 4772 taso,
891 4705 907 4758 8
922 4701 976 4760 kal.
991 4701 1107 4776 acuon,
1119 4704 1214 4778 pontil.
1230 4705 1272 4764 sui
1284 4721 1355 4764 anno
1367 4707 1466 4766 xxiv.
1479 4707 1612 4778 Kamara,
1626 4707 1709 4778 lttd„
1724 4718 1745 4769 t.
1754 4713 1777 4782 l,

363 4795 418 4862 pt
463 4831 471 4847 .
