4710 6076
562 541 623 604 350
1091 541 1267 606 llsslilllCi
1292 539 1463 606 stettin
1788 541 1873 622 [aar.
1890 541 1979 606 1227.

564 698 667 752 omne
685 676 831 750 bonum.
856 676 1024 752 Noverint
1048 685 1118 752 tam
1137 687 1314 775 presentes
1337 699 1445 774 mum
1467 677 1575 752 loturi
1596 674 1693 773 quod
1713 675 1792 752 tulis
1814 676 1984 754 internos

564 811 599 876 et
613 801 756 876 comites
771 800 816 876 de
831 801 968 876 Ferretc
988 810 1123 900 patrem
1139 811 1176 878 et
1190 801 1292 898 lilios,
1311 804 1487 880 mediante
1504 801 1639 878 consilii
1655 801 1763 877 nostri
1776 800 1981 900 prudentia,

564 926 721 1000 ordinatu
739 933 792 1000 eet
808 927 1012 1026 compositio
1030 935 1066 1002 et
1090 927 1324 1004 confederatio
1347 930 1543 1004 reformata.
1563 926 1654 1002 llioti
1672 927 1816 1002 comites
1834 926 1880 1002 do
1902 927 1983 1004 Fer·

564 1059 637 1124 reto
653 1058 804 1124 castrum
823 1058 859 1122 et
879 1050 1120 1148 proprietatem
1139 1052 1244 1126 castri
1256 1051 1466 1148 Egensheim
1483 1071 1566 1126 curn
1583 1049 1658 1126 sois
1678 1049 1867 1126 attinentiis
1883 1049 1985 1126 nobis

565 1173 782 1250 contulerunt
808 1183 843 1248 et
868 1196 890 1248 a
916 1175 1017 1251 nobis
1045 1177 1081 1250 in
1109 1185 1242 1250 rectum
1269 1176 1414 1252 feudum
1442 1185 1668 1274 receperunt,
1697 1179 1849 1272 primum
1882 1175 1983 1250 nobie
2011 1260 2013 1262 v

564 1299 757 1374 hominium
778 1299 965 1374 liberaliter
987 1297 1169 1392 iacientes,
1196 1311 1230 1376 et
1254 1303 1367 1376 iorum
1386 1299 1612 1400 septimanale
1633 1298 1731 1397 quod
1751 1299 1847 1396 apud
1868 1299 1983 1376 Amel-

565 1423 760 1499 riohswilre
776 1423 1015 1500 celebrabatur
1033 1434 1150 1500 nostre
1170 1425 1367 1502 celsitudini
1386 1425 1619 1518 contulerunt,
1638 1443 1681 1498 ec
1701 1422 1865 1498 videlicet
1882 1431 1983 1522 pacto

568 1559 603 1623 et
619 1547 780 1623 condicto
798 1559 837 1622 nt
858 1550 992 1624 curiam
1013 1549 1109 1648 apud
1126 1549 1341 1624 liulinsheim
1356 1571 1435 1624 oum
1458 1549 1533 1622 suis
1545 1547 1761 1646 pertinentiis
1774 1557 1812 1622 et
1828 1568 1983 1622 commu·

566 1675 708 1749 nitetem
731 1673 777 1748 de
793 1673 946 1770 quodem
969 1683 1062 1750 sarto
1085 1676 1182 1772 apud
1204 1675 1458 1750 Columbariam
1479 1694 1542 1771 pro
1563 1695 1635 1770 qua
1655 1673 1699 1747 lis
1718 1681 1794 1749 erat
1810 1673 1898 1747 inter
1919 1691 1983 1746 nos

566 1800 651 1897 ipsis
667 1799 703 1872 iu
721 1797 866 1874 lendum
883 1799 1118 1876 concessimus
1138 1801 1246 1874 libere
1266 1799 1456 1875 tenendum
1473 1807 1509 1873 ot
1526 1805 1693 1896 perpetuo
1715 1793 1979 1894 possidendum.

567 1923 764 1998 Waltherus
777 1929 812 1996 et
824 1923 945 1996 Petrus
967 1933 1003 1996 et
1021 1925 1180 1999 Maliatus
1203 1925 1249 2000 de
1266 1924 1475 2022 Egensheim
1500 1945 1543 1997 ao
1565 1923 1625 1996 ulii
1643 1923 1983 2018 ministerialesqncs

568 2049 665 2142 prius
683 2067 884 2120 communes
897 2045 1125 2141 habebamus,
1142 2049 1178 2121 in
1199 2057 1301 2122 antea
1317 2068 1517 2126 communes
1535 2055 1638 2120 erunt
1657 2055 1693 2122 et
1709 2055 1871 2120 tenentur
1883 2045 1984 2120 nobis

568 2181 604 2246 et
632 2171 817 2246 comitibus
847 2171 1076 2246 communiter
1102 2173 1323 2266 subservire;
1342 2181 1531 2247 statuentes
1554 2181 1590 2246 ot
1615 2172 1682 2246 snb
1707 2171 1983 2244 interminatione

567 2296 677 2392 gratie
702 2303 817 2368 nosue
842 2294 997 2370 districte
1018 2296 1248 2394 precipientes
1264 2306 1304 2370 ut
1318 2297 1436 2370 nullus
1456 2297 1502 2370 sit
1524 2297 1587 2392 qui
1604 2303 1723 2371 contra
1737 2295 1827 2370 hanc
1842 2315 1983 2392 compo·

569 2421 729 2495 sitionem
744 2419 865 2494 venire
879 2419 1009 2496 audeat
1024 2432 1086 2494 aut
1102 2421 1250 2516 alicujus
1267 2422 1399 2518 ingenii
1416 2421 1579 2518 scrupulo
1594 2421 1789 2495 immutare.
1807 2419 1864 2494 Ad
1878 2419 1983 2513 hujus

569 2555 684 2621 nutem
707 2545 788 2620 iacti
811 2545 918 2620 nostri
944 2545 1155 2643 perhennem
1172 2545 1375 2622 memoriam
1395 2567 1539 2644 premas
1555 2545 1721 2644 scriptum
1736 2542 1851 2641 sigillo
1867 2553 1983 2619 nocuo

567 2668 734 2764 jussimus
746 2667 917 2764 insigniri.

617 2794 741 2867 Actum
758 2793 855 2890 apud
870 2791 1101 2889 Wimpinam,
1115 2792 1190 2868 vill
1204 2791 1371 2868 kalendos
1386 2791 1554 2888 nonnus,
1571 2791 1760 2869 indictione
1774 2794 1802 2868 1.

510 3524 520 3547 ‚
621 3425 805 3512 Henrious
832 3425 1095 3512 Romanorum
1116 3451 1184 3510 rex
1211 3427 1437 3512 sententiam
1456 3452 1479 3510 n
1500 3421 1735 3536 principibus
1756 3419 1905 3534 imperii
1925 3418 1983 3503 la-

397 3555 408 3578 '
568 3570 648 3646 tem
660 3559 860 3645 denuntiat
872 3583 951 3673 que
962 3559 1161 3648 Gerendus
1184 3561 1233 3647 de
1249 3559 1359 3646 Gelre
1375 3570 1415 3645 et
1431 3555 1657 3645 Gisilbertus
1677 3555 1728 3640 de
1744 3550 1891 3640 Amstel
1912 3577 1983 3638 oo-

567 3695 678 3780 mites
691 3719 770 3780 non
783 3703 961 3780 tenentur
974 3693 1182 3805 adimplere
1193 3693 1383 3806 promisse
1395 3703 1434 3778 et
1445 3692 1692 3778 laudamento
1706 3687 1807 3774 iectu
1818 3684 1984 3774 liudolfo

568 3830 615 3914 dc
638 3828 859 3936 Koverden,
879 3825 1064 3914 Meinzcni
1086 3829 1135 3912 de
1159 3825 1372 3914 Grnbsdori
1389 3837 1428 3912 ct
1449 3825 1663 3913 fautoribus
1674 3847 1831 3930 eorum,
1845 3845 1916 3934 pro
1936 3845 1983 3906 eo

567 3963 672 4076 quod
686 3961 802 4048 iidem
815 3961 1132 4048 excommunicati
1149 3972 1187 4046 et
1204 3961 1354 4075 exleges
1367 3985 1445 4048 non
1463 3987 1505 4046 se
1516 3968 1824 4074 expurgaverunt
1835 3957 1884 4042 de
1897 3954 1982 4040 cri-

566 4099 669 4183 mine
682 4095 754 4181 sibi
770 4095 932 4208 objecto.

645 4331 746 4414 ludin.
763 4331 956 4412 Laconum,
970 4327 1224 4412 &tundamur
1234 4327 1281 4391 dio
1293 4325 1390 4393 Goth.
1407 4325 1456 4391 der
1466 4323 1632 4403 Madent,
1644 4341 1703 4393 tu.
1713 4323 1809 4402 nno,
1824 4339 1855 4404 p.
1871 4330 1981 4396 tres,

685 4449 720 4501 n⁰
737 4447 806 4517 tte,
822 4455 861 4502 ex
872 4436 1110 4514 nmrnonomr,
1125 4433 1326 4518 Somoldd,
1342 4434 1395 4502 iol.
1411 4434 1459 4516 4.)

614 4653 782 4730 Henricns
807 4651 871 4730 Dei
897 4657 1009 4752 gratia
1033 4657 1264 4732 Romanorum
1288 4675 1353 4730 rex
1381 4663 1417 4728 et
1440 4671 1578 4751 sernpm
1593 4659 1783 4748 auguetm,
1808 4645 1982 4724 uniuersis
