4710 6076
355 687 457 749 laeter.
476 683 516 769 1.]
808 677 1004 742 HISTORIA
1029 677 1321 743 biliottlittcit
1712 677 1775 742 385

476 820 580 904 οιιςιιι
600 814 749 900 (ἔπειμι.
767 817 829 895 lll,
846 831 878 894 p.
896 823 971 893 ote,
992 823 1025 876 ιιο
1045 822 1119 890 ιιι,
1139 831 1179 876 ex
1197 814 1403 894 diplomatarlo
1421 813 1611 894 Schouaug„
1626 813 1677 876 iol.
1701 821 1769 888 iti,

475 943 545 990 cum
559 942 638 988 anno
655 931 743 986 tiit.
757 923 850 984 Extat
861 921 948 996 ibid,
961 930 995 983 u⁰
1010 930 1079 995 iti,
1092 923 1279 1002 priuilegium
1287 921 1405 984 ottonis
1417 922 1534 984 comitto
1541 921 1664 1001 pdadm
1675 922 1771 984 llbeui

475 1035 513 1097 de
529 1049 563 1095 ra
580 1031 699 1103 eaden,
713 1030 776 1092 dat.
791 1028 982 1103 dedebam,
1006 1045 1079 1090 anu.
1101 1029 1190 1090 Dom.
1216 1037 1306 1092 itta.
1326 1029 1519 1114 Privilcglum
1537 1035 1637 1090 tamen
1656 1031 1772 1108 ιιςιιιιιι

477 1141 651 1218 rescriptum
663 1143 694 1199 at
706 1136 744 1200 ab
757 1136 894 1216 originali
906 1135 1003 1197 iorma
1015 1134 1187 1214 discrepans
1202 1135 1345 1211 videm.)

406 1301 574 1376 Henricus
586 1299 709 1376 diviua
722 1299 861 1372 lavante
873 1293 1055 1370 clementia
1072 1295 1307 1368 Romanorum
1321 1316 1386 1370 rex
1401 1303 1437 1370 et
1453 1317 1589 1396 semper
1604 1306 1774 1392 augustus

358 1428 395 1500 in
407 1433 628 1522 perpetuum.
648 1421 741 1517 llege
762 1441 884 1516 regum
906 1426 946 1491 ιιι
969 1415 1178 1492 confidimus
1200 1419 1383 1494 ordinante
1406 1419 1454 1493 ad
1469 1419 1536 1496 hoc
1553 1419 1590 1492 in
1612 1420 1698 1494 solio
1720 1442 1774 1494 re·

359 1551 429 1646 gali
450 1571 514 1624 uos
538 1545 736 1622 consedisse
757 1551 793 1618 et
814 1543 970 1639 gladium
990 1541 1176 1635 iudiciaria
1197 1543 1374 1639 potestatis
1394 1543 1570 1640 accepisse
1592 1565 1780 1640 recognos-

359 1675 483 1766 cimus,
501 1672 665 1768 quatinus
679 1669 832 1768 primum
845 1689 909 1765 per
924 1689 988 1742 nos
1001 1667 1095 1764 ipsos
1104 1668 1237 1760 justitie
1251 1667 1313 1744 liei
1329 1668 1489 1762 subjecti,
1510 1677 1700 1743 ceterorum
1713 1669 1776 1744 de·

359 1799 467 1892 nique
476 1799 556 1890 jura
567 1817 734 1890 quorsum
746 1801 863 1868 nostra
874 1800 1027 1888 potestas
1039 1792 1240 1866 extenditur
1253 1791 1456 1868 studeamus
1469 1793 1604 1884 lovere;
1620 1795 1777 1890 personis

360 1932 476 1996 tamen
489 1920 621 1995 atlocis
636 1917 888 2008 ecclesiasticis,
906 1917 1087 2012 presertim
1107 1917 1363 2008 claustralibus,
1387 1927 1482 1990 tanto
1494 1917 1700 2013 propensius
1713 1939 1777 1992 nos

360 2065 566 2119 conservare
583 2041 745 2117 convenit
762 2063 827 2116 sua
841 2043 922 2134 jura
942 2051 1073 2134 quanto
1089 2040 1317 2135 frequentius,
1340 2050 1380 2112 nt
1393 2049 1474 2136 pote
1487 2039 1635 2114 inermes
1649 2041 1777 2136 pariter

360 2179 395 2243 et
419 2167 592 2258 imbelles,
615 2165 763 2241 diversis
786 2185 1028 2262 perversorum
1057 2163 1194 2256 injuriis
1219 2175 1483 2260 pregravantur.
1505 2167 1596 2238 Sane
1619 2175 1777 2240 constare

360 2294 523 2366 volumus
536 2290 708 2365 universis
724 2286 1021 2386 quemadmodum
1036 2287 1288 2362 sufficientibus
1306 2297 1341 2362 et
1355 2288 1525 2386 scripture
1536 2297 1572 2362 et
1584 2289 1681 2363 vocis
1693 2290 1777 2364 vive

360 2415 607 2491 assertionibus
633 2414 814 2490 evidenter
838 2411 1070 2508 comperimus
1086 2411 1183 2507 quod
1204 2435 1286 2486 oum
1300 2413 1382 2488 olim
1409 2415 1553 2509 preclari
1579 2415 1774 2512 principes,

362 2540 524 2614 dominus
545 2539 726 2616 Cuuradus
741 2539 873 2614 scilicet
885 2537 1059 2636 palatinus
1072 2559 1188 2612 eomes
1201 2537 1329 2632 libeni,
1350 2560 1392 2612 ao
1413 2561 1627 2614 successures
1644 2541 1773 2638 ipsius,

361 2663 523 2740 videlicet
542 2665 712 2738 Henricus
729 2663 807 2738 dux
824 2663 976 2738 Saxonis
994 2661 1109 2738 dictus
1135 2661 1199 2737 sod
1220 2672 1255 2736 et
1274 2663 1442 2738 Hauricus
1464 2665 1622 2758 ejusdem
1637 2665 1776 2740 flesset

363 2789 473 2882 iilius,
489 2789 708 2865 advocatiam
728 2790 897 2864 baberent
922 2809 1027 2886 super
1044 2789 1137 2862 bona
1159 2789 1303 2863 ecclesie
1320 2789 1552 2864 Laurisssnsis
1575 2791 1612 2862 in
1632 2791 1778 2866 Sobarra

362 2922 397 2986 et
413 2915 489 3008 ejus
506 2913 801 3006 circumferentia,
820 2913 912 2987 hanc
928 2912 1097 2986 libertatis
1116 2913 1262 3008 gratiam
1281 2913 1489 2988 monasterio
1506 2915 1779 3010 schonaugiensi

361 3037 558 3112 successive
575 3039 730 3112 ieoerunt
747 3047 788 3110 nt
803 3036 979 3133 quidquid
992 3035 1154 3111 debonis
1168 3038 1237 3111 illis
1253 3038 1290 3110 in
1303 3039 1448 3113 Schema
1462 3040 1536 3114 sive
1550 3041 1588 3112 in
1600 3040 1779 3115 Vimbeim

362 3161 456 3234 idam
480 3163 727 3236 monasterium
745 3161 935 3258 obtineret,
954 3169 1051 3235 ιιιιιιιι
1074 3162 1111 3234 in
1136 3162 1188 3236 eis
1213 3163 1412 3260 peremnia
1433 3163 1589 3239 libertate
1611 3165 1780 3260 gauderet

362 3306 407 3357 ue
429 3286 592 3381 cuiquam
611 3285 803 3359 exactionis
819 3307 882 3359 sen
897 3285 1072 3360 advocatii
1089 3287 1179 3381 juris
1198 3289 1341 3384 aliquod
1363 3287 1446 3362 inde
1463 3289 1605 3363 deberet
1621 3291 1775 3382 omniuo,

263 3409 266 3416 ’
363 3429 527 3502 expresse
551 3409 695 3505 quidem
718 3409 953 3508 possessiones
971 3411 1270 3508 Schouaugisnses
1292 3435 1430 3510 semper
1447 3415 1661 3512 excipientes
1682 3435 1776 3509 quo-

364 3529 452 3602 tiens
468 3530 685 3606 advocatiam
703 3534 740 3606 in
763 3531 872 3607 leudo
892 3545 1133 3630 porrexerunt.
1157 3537 1228 3610 Nos
1251 3558 1336 3611 vero
1358 3539 1526 3634 'quomam
1549 3549 1627 3634 post
1653 3559 1779 3612 excas·

363 3675 440 3726 sum
454 3656 526 3728 vite
548 3657 745 3754 principum
761 3661 834 3754 jam
860 3657 1053 3752 dictorum,
1072 3661 1204 3756 prefate
1226 3660 1408 3736 advocatia
1431 3662 1625 3736 dominium
1647 3663 1781 3759 princi·-

363 3779 442 3873 pale
463 3779 509 3853 de
524 3779 737 3854 Laurisssnsi
755 3783 900 3856 ecelesia
923 3783 959 3856 in
980 3783 1149 3860 beneficio
1166 3785 1285 3882 adepti
1302 3786 1551 3861 rationabiliter
1565 3789 1776 3878 obtinemus,

363 3901 553 3976 libertatem
573 3903 907 3998 Schouaugisnsium
931 3905 1018 3978 inibi
1035 3929 1297 4004 praconcessam
1323 3931 1543 4007 nequaquam
1559 3911 1777 4002 imminuere,

363 4048 487 4099 verum
502 4029 604 4120 juxta
618 4029 769 4123 regalem
785 4029 1060 4104 munificentiam
1076 4033 1192 4128 potius
1206 4033 1419 4130 amplificare
1436 4036 1606 4128 volentes,
1624 4045 1780 4132 patenter

363 4152 583 4226 deceruimus
607 4152 750 4227 dilectos
769 4155 890 4228 iratres
907 4155 1207 4252 Schouaugisnscs
1226 4168 1423 4255 prenotatas
1441 4160 1678 4256 possessiones
1698 4183 1780 4236 suas

364 4275 412 4348 ita
428 4275 603 4352 liberrime
618 4277 797 4373 possidere
819 4278 855 4350 in
879 4289 1085 4376 perpetuum
1099 4282 1196 4375 quod
1219 4283 1337 4356 nullus
1359 4283 1501 4359 omnino
1523 4305 1629 4381 super
1646 4285 1778 4360 eisdem

364 4402 548 4495 cujuslibet
564 4402 756 4476 exactionis
773 4412 835 4477 aut
845 4405 935 4497 iuris
952 4405 1178 4501 usurpatione
1199 4407 1293 4504 ipsos
1316 4408 1354 4481 in
1378 4417 1554 4504 posterum
1571 4407 1699 4484 audeat
1714 4409 1777 4482 in-

363 4526 532 4620 quietare.
552 4526 653 4613 Quod
675 4527 706 4600 si
726 4528 807 4622 quis
829 4528 912 4602 baio
928 4539 1043 4602 nostre
1067 4531 1279 4606 auctoritatis
1302 4533 1485 4630 privilegio
1503 4533 1672 4608 contraire
1694 4555 1777 4630 pre-

364 4651 561 4745 sumpserit,
580 4652 675 4747 regie
697 4653 891 4726 serenitatis
909 4651 959 4752 (o)
975 4653 1139 4728 offensam
1157 4679 1227 4731 uon
1246 4657 1417 4733 immerito
1435 4659 1560 4755 poterit
1577 4659 1773 4736 formidare.

406 4814 446 4895 (θ)
467 4817 503 4878 1¹1
515 4819 665 4898 mim!
676 4821 836 4885 meritolio
848 4823 937 4886 male.

465 4921 518 4982 Ill.
1584 4941 1623 4995 49
