4658 6132
426 621 428 626 ’
556 619 617 682 lat
1052 626 1273 690 balbutiret
1298 625 1474 689 SECUNDI
1772 625 1858 707 [Aur.
1875 625 1961 689 tm

553 754 841 830 Theotouicorum
855 757 891 830 in
905 759 1100 834 lerosclima
1114 769 1148 834 et
1161 762 1282 834 iratres
1298 762 1387 855 ejus,
1407 759 1523 834 devoti
1538 757 1658 833 fideles
1673 753 1793 848 nostri,
1809 755 1890 834 olim
1906 781 1965 832 oo·

552 899 628 951 ram
659 879 872 955 celsitudinis
895 893 1010 957 nostre
1032 881 1211 980 presencia
1241 886 1420 960 venientes
1447 879 1622 978 majestati
1644 893 1760 958 nostre
1790 883 1965 956 humiliter

552 1002 792 1098 supplicarunt
811 1005 1002 1100 quodcum
1016 1019 1105 1081 terra
1121 1009 1267 1082 Turonis
1290 1030 1361 1104 que
1380 1007 1480 1082 nobis
1497 1031 1560 1104 per
1579 1001 1783 1084 Sarracenos
1799 1007 1964 1103 aquibus

552 1123 771 1199 detinebatur
784 1130 899 1202 extitit
917 1131 1085 1222 roetituta,
1106 1132 1209 1204 luerit
1222 1127 1398 1228 quondam
1413 1132 1548 1205 comitis
1559 1131 1734 1223 lozoeli'ui,
1757 1135 1858 1226 cnjus
1871 1131 1963 1203 bona

551 1248 667 1320 omniu
684 1257 755 1322 tam
769 1272 811 1324 ea
829 1273 899 1346 que
915 1251 953 1325 in
970 1251 1124 1326 dominio
1140 1263 1256 1326 nostro
1273 1277 1379 1350 quam
1391 1277 1461 1350 qne
1475 1254 1512 1326 in
1527 1255 1689 1327 manibus
1699 1256 1963 1326 sarracenorum

550 1380 661 1463 eraut,
677 1395 748 1447 una
763 1396 843 1447 curn
860 1397 1005 1450 assensn
1024 1385 1059 1449 et
1079 1378 1257 1452 voluntate
1270 1378 1448 1473 quondam
1468 1378 1634 1452 consortis
1649 1385 1783 1467 nostre,
1804 1377 1964 1450 Ysabelle

549 1497 775 1592 imperatricis
791 1501 957 1573 memorie
973 1499 1168 1593 recolende,
1187 1501 1255 1574 sibi
1272 1511 1307 1575 et
1319 1501 1440 1576 domui
1457 1523 1521 1575 sue
1536 1494 1703 1575 duximus
1718 1498 1960 1591 concedenda,

546 1623 650 1714 juxta
666 1629 780 1694 nostre
799 1623 1030 1696 concessionis
1054 1623 1279 1718 privilegium
1302 1624 1543 1713 indefectam,
1562 1623 1679 1696 sibiet
1696 1622 1817 1696 domui
1841 1641 1962 1695 eorum

546 1745 680 1818 restitui
704 1744 961 1819 mandaremus.
993 1747 1065 1820 Nos
1091 1755 1208 1820 autem
1236 1747 1396 1820 videntes
1420 1747 1518 1842 quod
1543 1747 1812 1844 supplicationes
1841 1765 1961 1820 eorum

543 1867 719 1960 justiciam
742 1868 982 1960 continebant,
1001 1869 1191 1964 predictam
1215 1869 1340 1943 terram
1360 1871 1507 1943 Turonis
1531 1869 1582 1942 eis
1604 1870 1750 1943 fecimus
1769 1869 1957 1963 assignari3

548 1990 612 2064 sed
624 1989 731 2087 Alysu
743 1986 857 2087 neptis
868 1992 1046 2086 quondam
1061 1993 1218 2068 Heniridi
1234 1993 1395 2086 iuvenis,
1417 1991 1530 2067 fidelis
1542 2003 1672 2086 nostra,
1687 1986 1832 2066 veniens
1845 1985 1961 2064 coram

548 2113 662 2204 uobis,
676 2112 1216 2210 eelsitudininostresupplioarit
1227 2115 1403 2188 humiliter
1417 2123 1452 2189 et
1464 2115 1603 2206 devote,
1616 2124 1657 2189 ut
1669 2123 1792 2188 terrum
1803 2107 1960 2188 eamdem

548 2256 618 2329 que
632 2233 680 2308 ad
697 2234 808 2330 ipsam
821 2235 924 2329 pleno
935 2239 1015 2329 jure
1036 2239 1235 2333 spectabat,
1259 2239 1325 2312 sibi
1351 2239 1484 2313 restitui
1507 2239 1720 2332 juberemus.
1739 2239 1825 2311 Nam
1841 2246 1959 2332 parata

548 2367 622 2432 mat
640 2357 707 2432 hcc
733 2358 884 2432 incuria
903 2368 1019 2432 nostra
1037 2360 1220 2434 ostendere
1238 2383 1354 2435 coram
1369 2363 1487 2452 nobis;
1512 2377 1547 2436 et
1563 2361 1645 2436 dato
1661 2361 1728 2434 sibi
1747 2361 1893 2434 termino
1912 2359 1959 2432 nd
2057 2427 2062 2439 ,

547 2481 788 2577 probandum,
808 2489 843 2554 et
857 2481 893 2554 iu
913 2503 955 2556 eo
980 2505 1183 2580 comparens
1200 2505 1314 2558 coram
1331 2486 1432 2559 uobis
1454 2485 1663 2558 sufficienter
1678 2483 1840 2580 probavit
1863 2481 1959 2577 qnod

547 2605 720 2679 antedicta
735 2615 823 2678 terra
841 2606 986 2680 Turonis
1000 2608 1046 2682 ud
1058 2615 1138 2682 eam
1156 2609 1402 2683 rationabiliter
1415 2609 1625 2705 pertinebat,
1646 2607 1882 2701 sicque-juxta
1895 2627 1960 2678 ax·

547 2729 720 2825 guardam
734 2729 831 2802 curie
848 2739 985 2821 nostre,
1006 2731 1072 2804 sibi
1090 2732 1222 2806 restitui
1241 2733 1386 2806 fecimus
1406 2741 1533 2806 terrum
1560 2732 1684 2828 ipsam.
1708 2727 1959 2802 Demum'v'ero

546 2853 710 2946 magister
723 2861 758 2926 et
772 2853 892 2925 fratres
911 2855 966 2926 sui
979 2853 1125 2949 predicti
1138 2855 1317 2949 quoddam
1334 2856 1554 2951 privilegium
1572 2854 1655 2928 olim
1676 2851 1846 2927 Gnidouis
1866 2851 1958 2945 regis

546 2975 808 3050 Jerosolimitaui
820 2975 1072 3072 predecessoris
1083 2980 1190 3052 nostri
1203 2980 1367 3054 memorie
1380 2979 1576 3070 recolende,
1584 3000 1726 3052 assensu
1736 2985 1771 3050 st
1782 2977 1958 3049 voluntate

546 3098 725 3195 quondam
741 3100 907 3173 consortis
920 3121 983 3174 sue
995 3099 1130 3190 Sibille,
1149 3101 1304 3197 predicto
1316 3103 1432 3176 comiti
1443 3103 1613 3176 lozcelino
1624 3120 1826 3174 concessum
1840 3108 1957 3172 nostro

495 3303 498 3310 ,
547 3223 691 3296 culmini
707 3231 961 3318 presentarunt,
978 3223 1014 3294 iu
1032 3245 1103 3318 qno
1117 3225 1356 3300 continebatur
1368 3227 1514 3321 qualiter
1529 3225 1622 3300 idem
1632 3245 1697 3296 rex
1714 3223 1813 3298 dedit
1827 3233 1861 3296 et
1874 3243 1956 3296 con·

547 3346 651 3419 cessit
669 3354 704 3419 et
720 3344 936 3419 confirmavit
951 3346 1065 3420 eidem
1086 3347 1202 3420 comiti
1220 3357 1255 3420 et
1269 3349 1342 3421 suis
1355 3348 1543 3422 heredibus
1560 3350 1735 3420 Turonum
1753 3355 1788 3419 et
1801 3347 1956 3419 Castrum

547 3491 680 3543 novum
701 3490 781 3540 cum
802 3468 964 3542 omnibus
994 3469 1215 3566 pertinenciis
1239 3471 1313 3544 suis
1330 3480 1365 3543 et
1380 3471 1475 3543 omni
1488 3472 1566 3563 jore
1584 3491 1667 3562 suo,
1690 3477 1725 3542 et
1743 3469 1911 3541 concessit
1923 3479 1957 3542 et

547 3590 764 3667 confirmavit
783 3588 814 3663 ei
831 3600 866 3664 et
885 3591 958 3666 suis
978 3592 1164 3665 heredibus
1186 3593 1310 3666 Maruu
1326 3615 1406 3665 cum
1432 3593 1594 3666 omnibus
1614 3591 1834 3688 pertinenciis
1856 3592 1953 3678 suis,

546 3715 814 3810 Quabrinqnen,
832 3715 971 3806 Belide,
988 3715 1115 3808 Cades,
1126 3717 1273 3808 labare,
1294 3717 1387 3790 lllees
1401 3725 1436 3789 et
1451 3715 1522 3790 duo
1538 3715 1714 3812 Megeras3
1735 3715 1794 3788 tali
1812 3714 1956 3809 quidem

546 3839 743 3913 conditione
763 3839 860 3934 quod
886 3839 916 3912 si
934 3841 1110 3912 Turonum
1132 3849 1167 3912 et
1191 3840 1345 3912 Castrum
1371 3861 1501 3913 novum
1520 3839 1654 3933 judicio
1676 3839 1772 3911 curie
1793 3861 1857 3910 sue
1882 3859 1954 3910 am·

545 3963 680 4036 mittere
705 3971 767 4035 ant
788 3961 965 4058 pactiones
988 3983 1058 4056 que
1079 3962 1168 4036 iuter
1183 3963 1391 4036 Balduinnm
1408 3983 1525 4056 regem
1545 3961 1743 4036 Jerosolime
1763 3969 1903 4034 sextum
1921 3967 1955 4033 ct

544 4085 750 4160 Henlridum
763 4087 932 4160 luveuem
949 4087 1038 4160 lacte
1055 4086 1208 4178 inerunt,
1225 4086 1359 4158 solvere
1374 4085 1568 4178 contigerit,
1585 4083 1766 4159 Maronum
1782 4105 1862 4156 cum
1880 4105 1953 4156 om·

544 4209 649 4282 uibus
669 4209 891 4306 pertinenciis
906 4209 979 4282 sois
992 4208 1180 4305 prenotatis
1196 4216 1231 4281 et
1246 4207 1333 4282 illud
1347 4207 1521 4280 cambium
1533 4207 1629 4302 quod
1644 4207 1831 4282 llenlridns
1848 4207 1954 4279 Juve-

544 4319 600 4405 nis
631 4354 694 4428 pro
727 4335 865 4407 Torouo
890 4341 925 4404 et
953 4331 1070 4404 Cusbc
1090 4351 1183 4404 novo
1208 4329 1370 4422 tenebat,
1401 4329 1477 4426 ipse
1498 4340 1534 4404 et
1553 4331 1698 4404 heredes
1720 4331 1775 4402 sni
1799 4337 1953 4432 tenerent

544 4465 710 4551 perpetrm
727 4461 762 4526 et
790 4453 968 4526 baberent.
999 4453 1125 4548 Sicque
1147 4451 1311 4546 magister
1328 4461 1364 4523 et
1388 4451 1509 4525 tratres
1532 4451 1587 4524 sui
1610 4451 1757 4547 predicti
1778 4449 1952 4522 cambium

545 4578 660 4674 ipsum
671 4596 735 4672 pro
744 4577 882 4650 Torone
893 4575 1054 4648 etCasuo
1066 4595 1159 4650 novo
1172 4575 1342 4670 petierant
1350 4571 1418 4648 sibi
1433 4595 1454 4649 a
1469 4574 1569 4648 nobis
1581 4573 1758 4647 humiliter
1767 4573 1948 4667 assignari.

543 4698 710 4774 videntes
739 4697 847 4794 igitur
860 4697 958 4794 quod
969 4719 1090 4772 eorum
1103 4697 1417 4796 peticiojusticiam
1438 4695 1660 4789 continebat,
1677 4703 1713 4770 et
1727 4693 1893 4790 inquisito
1910 4707 1952 4766 ac

773 5069 793 5111 *t
